{"gold_per_floor":[117,117,128,141,158,158,175,175,226,226,252,265,51,63,63,164,164,176,176,176,191,211,211,211,224,249,111,127,127,127,153,153,249,249,267,71,171,171,183,183],"floor_reached":40,"playtime":4306,"items_purged":["Doubt"],"score":423,"play_id":"6b608eb3-fa9c-4cc6-84e3-0553cea4d9fa","local_time":"20190620012145","is_ascension_mode":false,"campfire_choices":[{"data":"Sweeping Beam","floor":6.0,"key":"SMITH"},{"data":"Cold Snap","floor":8.0,"key":"SMITH"},{"floor":10.0,"key":"REST"},{"floor":15.0,"key":"REST"},{"data":"Blizzard","floor":23.0,"key":"SMITH"},{"floor":30.0,"key":"REST"},{"floor":32.0,"key":"REST"}],"neow_cost":"NONE","seed_source_timestamp":520833338426167,"circlet_count":0,"master_deck":["Strike_B","Defend_B","Defend_B","Defend_B","Defend_B","Zap","Dualcast","Cold Snap+1","Sweeping Beam+1","Genetic Algorithm","Gash","Tempest","Cold Snap","Biased Cognition","Static Discharge+1","Chaos+1","Multi-Cast+1","Chill","Gash","Blizzard+1","BootSequence+1","Coolheaded","Beam Cell","Purity","Sunder","Electrodynamics","Seek","Clumsy","Injury","Sunder+1","Scrape+1","Melter+1","Melter+1","Rip and Tear+1","Iron Wave","Stack"],"special_seed":0,"relics":["Cracked Core","Bag of Preparation","The Courier","Happy Flower","Odd Mushroom","Astrolabe","Regal Pillow","Kunai","Anchor","Blue Candle","Calling Bell","Calipers","Molten Egg 2","Smiling Mask","Dead Branch"],"potions_floor_usage":[40,40],"damage_taken":[{"damage":8.0,"enemies":"Jaw Worm","floor":1.0,"turns":3.0},{"damage":1.0,"enemies":"2 Louse","floor":3.0,"turns":3.0},{"damage":0.0,"enemies":"Cultist","floor":4.0,"turns":4.0},{"damage":7.0,"enemies":"2 Fungi Beasts","floor":5.0,"turns":3.0},{"damage":2.0,"enemies":"Blue Slaver","floor":7.0,"turns":4.0},{"damage":11.0,"enemies":"The Mushroom Lair","floor":11.0,"turns":3.0},{"damage":0.0,"enemies":"Large Slime","floor":12.0,"turns":4.0},{"damage":0.0,"enemies":"Exordium Wildlife","floor":14.0,"turns":3.0},{"damage":18.0,"enemies":"Slime Boss","floor":16.0,"turns":10.0},{"damage":18.0,"enemies":"2 Thieves","floor":18.0,"turns":3.0},{"damage":3.0,"enemies":"Shell Parasite","floor":21.0,"turns":5.0},{"damage":6.0,"enemies":"Snecko","floor":22.0,"turns":7.0},{"damage":8.0,"enemies":"Centurion and Healer","floor":25.0,"turns":7.0},{"damage":4.0,"enemies":"Cultist and Chosen","floor":28.0,"turns":6.0},{"damage":11.0,"enemies":"Colosseum Slavers","floor":29.0,"turns":3.0},{"damage":13.0,"enemies":"Slavers","floor":31.0,"turns":5.0},{"damage":70.0,"enemies":"Automaton","floor":33.0,"turns":10.0},{"damage":43.0,"enemies":"3 Darklings","floor":35.0,"turns":5.0},{"damage":9.0,"enemies":"Mind Bloom Boss Battle","floor":37.0,"turns":7.0},{"damage":0.0,"enemies":"Orb Walker","floor":39.0,"turns":4.0},{"damage":31,"enemies":"Reptomancer","floor":40,"turns":6}],"seed_played":"6330206387721456168","potions_obtained":[{"floor":1.0,"key":"Fire Potion"},{"floor":4.0,"key":"Strength Potion"},{"floor":11.0,"key":"Energy Potion"},{"floor":14.0,"key":"SkillPotion"},{"floor":16.0,"key":"Block Potion"},{"floor":21.0,"key":"SmokeBomb"},{"floor":22.0,"key":"Poison Potion"},{"floor":28.0,"key":"Weak Potion"},{"floor":33.0,"key":"FocusPotion"}],"is_trial":false,"path_per_floor":["M","?","M","M","M","R","M","R","T","R","?","M","$","M","R","B",null,"M","?","?","M","M","R","T","M","T","$","M","?","R","E","R","B",null,"M","$","?","?","M","E"],"character_chosen":"DEFECT","items_purchased":["All For One","Genetic Algorithm","Gash","Tempest","Coolheaded","Beam Cell","Purity","Scrape+1","Melter+1","Melter+1"],"campfire_rested":4,"item_purchase_floors":[13,13,13,13,27,27,27,36,36,36],"current_hp_per_floor":[67,42,41,41,34,34,32,32,32,54,43,43,43,43,65,47,75,57,57,57,54,48,48,48,40,40,40,36,25,62,49,75,5,75,32,32,23,23,23,0],"gold":183,"neow_bonus":"RANDOM_COMMON_RELIC","is_prod":false,"is_daily":false,"chose_seed":false,"campfire_upgraded":3,"win_rate":0.0,"timestamp":1561008105,"path_taken":["M","?","M","M","M","R","M","R","T","R","?","M","?","M","R","BOSS","M","?","?","M","M","R","?","M","T","$","M","?","R","E","R","BOSS","M","$","?","?","?","E"],"build_version":"2019-01-23","purchased_purges":1,"victory":false,"max_hp_per_floor":[75,75,75,75,75,75,75,75,75,75,75,75,75,75,75,75,75,75,75,75,75,75,75,75,75,75,75,75,75,75,75,75,75,75,75,75,75,75,75,75],"card_choices":[{"not_picked":["FTL","Heatsinks"],"picked":"Cold Snap","floor":1.0},{"not_picked":["Steam Power","Steam"],"picked":"Sweeping Beam","floor":3.0},{"not_picked":["Turbo","Storm","Coolheaded"],"picked":"SKIP","floor":4.0},{"not_picked":["Doom and Gloom","Go for the Eyes","Cold Snap"],"picked":"SKIP","floor":5.0},{"not_picked":["Consume","Storm","Lockon"],"picked":"SKIP","floor":7.0},{"not_picked":["Conserve Battery","Consume","Rebound"],"picked":"SKIP","floor":12.0},{"not_picked":["Sweeping Beam","Chaos"],"picked":"Cold Snap","floor":14.0},{"not_picked":["Amplify","Multi-Cast"],"picked":"Biased Cognition","floor":16.0},{"not_picked":["Redo","Barrage"],"picked":"Chill","floor":18.0},{"not_picked":["Barrage","Sweeping Beam","Streamline"],"picked":"SKIP","floor":21.0},{"not_picked":["Ball Lightning","Compile Driver"],"picked":"Blizzard","floor":22.0},{"not_picked":["Rebound","Hologram"],"picked":"BootSequence+1","floor":25.0},{"not_picked":["Rebound+1","Lockon"],"picked":"Sunder","floor":28.0},{"not_picked":["Lockon+1","Steam"],"picked":"Electrodynamics","floor":31.0},{"not_picked":["Amplify","Buffer"],"picked":"Seek","floor":33.0},{"not_picked":["Compile Driver+1","Stack+1"],"picked":"Sunder+1","floor":35.0},{"not_picked":["Steam","Sunder+1"],"picked":"Rip and Tear+1","floor":37.0},{"not_picked":["FTL+1","Storm"],"picked":"Stack","floor":39.0}],"player_experience":384750,"relics_obtained":[{"floor":9.0,"key":"Happy Flower"},{"floor":11.0,"key":"Odd Mushroom"},{"floor":24.0,"key":"Kunai"},{"floor":26.0,"key":"Anchor"},{"floor":31.0,"key":"Blue Candle"},{"floor":34.0,"key":"Calipers"},{"floor":34.0,"key":"Molten Egg 2"},{"floor":34.0,"key":"Smiling Mask"},{"floor":37.0,"key":"Dead Branch"}],"event_choices":[{"damage_healed":0.0,"max_hp_gain":0.0,"max_hp_loss":0.0,"gold_gain":0.0,"event_name":"Scrap Ooze","player_choice":"Success","floor":2.0,"gold_loss":0.0,"damage_taken":25.0,"relics_obtained":["The Courier"]},{"damage_healed":0.0,"max_hp_gain":0.0,"max_hp_loss":0.0,"gold_gain":0.0,"event_name":"Mushrooms","player_choice":"Fought Mushrooms","floor":11.0,"gold_loss":0.0,"damage_taken":0.0},{"damage_healed":0.0,"max_hp_gain":0.0,"max_hp_loss":0.0,"gold_gain":0.0,"event_name":"The Library","player_choice":"Read","floor":19.0,"gold_loss":0.0,"damage_taken":0.0,"cards_obtained":["Gash"]},{"damage_healed":0.0,"max_hp_gain":0.0,"max_hp_loss":0.0,"gold_gain":0.0,"event_name":"The Mausoleum","player_choice":"Opened","floor":20.0,"gold_loss":0.0,"damage_taken":0.0,"relics_obtained":["Regal Pillow"]},{"damage_healed":0.0,"max_hp_gain":0.0,"max_hp_loss":0.0,"gold_gain":0.0,"event_name":"Colosseum","player_choice":"Fight","floor":29.0,"gold_loss":0.0,"damage_taken":0.0},{"damage_healed":0.0,"max_hp_gain":0.0,"max_hp_loss":0.0,"gold_gain":0.0,"event_name":"Colosseum","player_choice":"Fled From Nobs","floor":29.0,"gold_loss":0.0,"damage_taken":0.0},{"damage_healed":0.0,"max_hp_gain":0.0,"max_hp_loss":0.0,"gold_gain":0.0,"event_name":"MindBloom","player_choice":"Fight","floor":37.0,"gold_loss":0.0,"damage_taken":0.0},{"cards_removed":["All For One"],"damage_healed":0.0,"max_hp_gain":0.0,"max_hp_loss":0.0,"gold_gain":0.0,"event_name":"NoteForYourself","player_choice":"Took Card","floor":38.0,"gold_loss":0.0,"damage_taken":0.0,"cards_obtained":["Iron Wave"]}],"is_beta":false,"boss_relics":[{"not_picked":["Runic Dome","Runic Pyramid"],"picked":"Astrolabe"},{"not_picked":["Philosopher\u0027s Stone","Tiny House"],"picked":"Calling Bell"}],"items_purged_floors":[36],"is_endless":false,"potions_floor_spawned":[1,4,11,14,16,21,22,28,31,33,35],"killed_by":"Reptomancer","ascension_level":0}