{"path_per_floor":["M","M","?","M","M","R","M","R","T","?","?","M","E","M","R","B",null,"M","?","M","?"],"character_chosen":"THE_SILENT","items_purchased":[],"gold_per_floor":[114,129,129,144,159,159,174,174,174,174,174,189,219,234,234,334,334,349,349,364,364,364],"floor_reached":22,"campfire_rested":1,"playtime":2367,"current_hp_per_floor":[64,62,62,60,47,47,34,34,34,27,50,43,33,19,65,24,65,41,41,18,18,0],"items_purged":[],"gold":364,"score":388,"play_id":"bd6ef3cb-59d3-449d-a950-99f438ba1d33","local_time":"20180414014836","daily_mods":["Insanity","Night Terrors","Hoarder"],"is_prod":false,"is_daily":true,"chose_seed":false,"is_ascension_mode":false,"campfire_upgraded":2,"timestamp":1523641716,"path_taken":["M","?","?","M","M","R","M","R","T","?","?","M","E","?","R","BOSS","M","?","?","?","M"],"build_version":"2018-04-12","seed_source_timestamp":0,"purchased_purges":0,"victory":false,"master_deck":["Reflex","Concentrate","Blur","Endless Agony","Catalyst","Outmaneuver","Distraction","A Thousand Cuts","Blur","Bouncing Flask","Finisher","Outmaneuver","Finisher","Caltrops","Deadly Poison","Escape Plan","Terror","Dagger Throw","Terror","Venomology+1","Infinite Blades","Underhanded Strike","Die Die Die","Bullet Time+1","Concentrate","Poisoned Stab","Prepared","Grand Finale","Blur","Cloak And Dagger","Infinite Blades","Well Laid Plans","Outmaneuver","Blade Dance","Backflip","Escape Plan","Noxious Fumes","Outmaneuver","Cloak And Dagger","Quick Slash","Infinite Blades","Defend_G","Accuracy","Leg Sweep","Escape Plan","Noxious Fumes","Well Laid Plans","Quick Slash","Quick Slash","Quick Slash","Skewer","Skewer","Skewer","Accuracy","Accuracy","Accuracy","Expertise","Expertise","Expertise","Slice","Slice","Slice","Grand Finale","Grand Finale","Grand Finale","Deadly Poison+1","Deadly Poison+1","Deadly Poison+1","Riddle With Holes+1","Riddle With Holes+1","Riddle With Holes+1","Noxious Fumes","Noxious Fumes","Noxious Fumes"],"max_hp_per_floor":[70,70,70,70,70,70,70,70,70,70,70,70,70,70,65,65,65,65,65,65,65,65],"relics":["Ring of the Snake","Toolbox","Bag of Marbles","Eternal Feather"],"card_choices":[{"not_picked":["Dagger Throw","Flying Knee"],"picked":"Quick Slash","floor":1},{"not_picked":["Dagger Throw","Dodge and Roll"],"picked":"Skewer","floor":5},{"not_picked":["Heel Hook","Malaise"],"picked":"Accuracy","floor":7},{"not_picked":["Outmaneuver","Grand Finale"],"picked":"Expertise","floor":13},{"not_picked":["Deadly Poison","Quick Slash"],"picked":"Slice","floor":14},{"not_picked":["Night Terror","Bullet Time"],"picked":"Grand Finale","floor":16},{"not_picked":["Deflect","Underhanded Strike"],"picked":"Deadly Poison","floor":18},{"not_picked":["Quick Slash","Deadly Poison"],"picked":"Riddle With Holes","floor":20}],"player_experience":463382,"potions_floor_usage":[4,13,13,13,16,16,16],"damage_taken":[{"damage":6,"enemies":"Cultist","floor":1,"turns":3},{"damage":2,"enemies":"Small Slimes","floor":2,"turns":2},{"damage":2,"enemies":"Jaw Worm","floor":4,"turns":3},{"damage":13,"enemies":"Large Slime","floor":5,"turns":5},{"damage":13,"enemies":"3 Louse","floor":7,"turns":2},{"damage":7,"enemies":"Blue Slaver","floor":12,"turns":2},{"damage":14,"enemies":"3 Sentries","floor":13,"turns":5},{"damage":14,"enemies":"Large Slime","floor":14,"turns":4},{"damage":41,"enemies":"Hexaghost","floor":16,"turns":7},{"damage":24,"enemies":"Spheric Guardian","floor":18,"turns":4},{"damage":23,"enemies":"3 Byrds","floor":20,"turns":5},{"damage":22,"enemies":"Slaver and Parasite","floor":22,"turns":1}],"event_choices":[{"event_name":"Living Wall","player_choice":"Forget","floor":3,"damage_taken":0},{"event_name":"Golden Wing","player_choice":"Card Removal","floor":10,"damage_taken":0},{"event_name":"Big Fish","player_choice":"Banana","floor":11,"damage_taken":0},{"event_name":"The Lab","player_choice":"Got Potions","floor":19,"damage_taken":0},{"event_name":"Transmorgrifier","player_choice":"Transform","floor":21,"damage_taken":0}],"boss_relics":[{"not_picked":["Philosopher\u0027s Stone","Tiny House"],"picked":"Eternal Feather"}],"potions_floor_spawned":[2,13,14],"seed_played":"-7209576087114707502","killed_by":"Slaver and Parasite","ascension_level":0,"is_trial":false}