{"gold_per_floor":[368,55,5,17,69,69,99,110,110,121,121,121,21,56,56,155,155,166,91,91,103,103,103,103,103,158,175,208,228,228,239,239,341,391,405,420,420,420,434,434,452,471,471,484,133,147,147,158,158,158],"floor_reached":51,"playtime":3033,"items_purged":["Strike_G","Pain"],"score":840,"play_id":"61fcb221-9528-4c94-8eeb-598e94a5febd","local_time":"20190522200441","is_ascension_mode":true,"campfire_choices":[{"floor":6.0,"key":"REST"},{"floor":11.0,"key":"REST"},{"floor":15.0,"key":"REST"},{"floor":23.0,"key":"REST"},{"data":"Catalyst","floor":25.0,"key":"SMITH"},{"floor":32.0,"key":"REST"},{"floor":40.0,"key":"REST"},{"data":"Footwork","floor":47.0,"key":"SMITH"},{"data":"Bouncing Flask","floor":49,"key":"SMITH"}],"neow_cost":"PERCENT_DAMAGE","seed_source_timestamp":641160807215467,"circlet_count":0,"master_deck":["Defend_G+1","Defend_G+1","Defend_G+1","Defend_G+1","Defend_G+1","Strike_G+1","Strike_G+1","Survivor","Neutralize+1","Underhanded Strike","Bouncing Flask+1","Bane","Prepared","Noxious Fumes","Catalyst+1","Die Die Die+1","Well Laid Plans","Backstab+1","Tactician","Blur+1","Corpse Explosion","Bullet Time","Outmaneuver","Dagger Throw+1","Deadly Poison+1","Flying Knee+1","Backflip","Underhanded Strike+1","Parasite","Footwork+1","Thinking Ahead","Acrobatics"],"special_seed":0,"relics":["Ring of the Serpent","ClockworkSouvenir","Bag of Preparation","PreservedInsect","WarpedTongs","FossilizedHelix","MutagenicStrength","Tiny Chest","Oddly Smooth Stone","Nloth\u0027s Gift","Tiny House","Kunai","Pen Nib"],"potions_floor_usage":[50,50,50],"damage_taken":[{"damage":5.0,"enemies":"Jaw Worm","floor":1.0,"turns":7.0},{"damage":0.0,"enemies":"Cultist","floor":4.0,"turns":3.0},{"damage":23.0,"enemies":"Gremlin Nob","floor":7.0,"turns":4.0},{"damage":0.0,"enemies":"2 Louse","floor":8.0,"turns":2.0},{"damage":4.0,"enemies":"Large Slime","floor":10.0,"turns":4.0},{"damage":20.0,"enemies":"3 Sentries","floor":14.0,"turns":6.0},{"damage":0.0,"enemies":"Slime Boss","floor":16.0,"turns":8.0},{"damage":2.0,"enemies":"Spheric Guardian","floor":18.0,"turns":4.0},{"damage":19.0,"enemies":"2 Thieves","floor":21.0,"turns":3.0},{"damage":25.0,"enemies":"Shelled Parasite and Fungi","floor":27.0,"turns":4.0},{"damage":5.0,"enemies":"Book of Stabbing","floor":28.0,"turns":3.0},{"damage":0.0,"enemies":"Snecko","floor":29.0,"turns":4.0},{"damage":6.0,"enemies":"Centurion and Healer","floor":31.0,"turns":5.0},{"damage":55.0,"enemies":"Collector","floor":33.0,"turns":6.0},{"damage":0.0,"enemies":"Orb Walker","floor":35.0,"turns":4.0},{"damage":6.0,"enemies":"3 Shapes","floor":36.0,"turns":3.0},{"damage":10.0,"enemies":"Sphere and 2 Shapes","floor":39.0,"turns":5.0},{"damage":0.0,"enemies":"Jaw Worm Horde","floor":41.0,"turns":1.0},{"damage":0.0,"enemies":"Transient","floor":42.0,"turns":5.0},{"damage":0.0,"enemies":"Writhing Mass","floor":44.0,"turns":6.0},{"damage":0.0,"enemies":"Sphere and 2 Shapes","floor":46.0,"turns":3.0},{"damage":0,"enemies":"Maw","floor":48,"turns":6},{"damage":53,"enemies":"Awakened One","floor":50,"turns":14}],"seed_played":"4031784166340382081","potions_obtained":[{"floor":4.0,"key":"SkillPotion"},{"floor":7.0,"key":"EntropicBrew"},{"floor":21.0,"key":"GamblersBrew"},{"floor":31.0,"key":"Strength Potion"},{"floor":34.0,"key":"GhostInAJar"},{"floor":36.0,"key":"AttackPotion"},{"floor":42.0,"key":"Ancient Potion"},{"floor":44.0,"key":"SkillPotion"},{"floor":46.0,"key":"Block Potion"}],"is_trial":false,"path_per_floor":["M","$","?","M","T","R","E","M","T","M","R","?","$","E","R","B",null,"M","?","?","M","?","R","?","R","T","M","E","M","?","M","R","B",null,"M","M","?","?","M","R","M","M","T","M","$","M","R","M","R","B",null],"character_chosen":"THE_SILENT","items_purchased":["Bouncing Flask","ClockworkSouvenir","Footwork","Pen Nib","Thinking Ahead"],"campfire_rested":6,"item_purchase_floors":[2,2,45,45,45],"current_hp_per_floor":[44,44,44,44,44,65,42,42,42,38,59,59,59,39,60,60,70,68,68,68,49,49,70,70,70,70,45,40,40,40,48,69,14,75,75,69,69,69,59,75,75,75,75,75,75,75,75,75,75,22],"gold":158,"neow_bonus":"TWO_FIFTY_GOLD","is_prod":false,"is_daily":false,"chose_seed":false,"campfire_upgraded":3,"win_rate":0,"timestamp":1558569881,"path_taken":["M","$","?","M","?","R","E","M","T","M","R","?","$","E","R","BOSS","M","?","?","M","?","R","?","R","T","M","E","?","?","M","R","BOSS","M","?","?","?","M","R","?","M","T","M","$","M","R","M","R","BOSS"],"build_version":"2019-01-23","purchased_purges":2,"victory":true,"max_hp_per_floor":[70,70,70,70,70,70,70,70,70,70,70,70,70,70,70,70,70,70,70,70,70,70,70,70,70,70,70,70,70,70,70,70,70,75,75,75,75,75,75,75,75,75,75,75,75,75,75,75,75,75],"card_choices":[{"not_picked":["Dodge and Roll","Dagger Spray"],"picked":"Underhanded Strike","floor":1.0},{"not_picked":["Expertise","Endless Agony"],"picked":"Bane","floor":4.0},{"not_picked":["Cloak And Dagger","Flechettes","Blade Dance"],"picked":"SKIP","floor":7.0},{"not_picked":["All Out Attack","PiercingWail"],"picked":"Prepared","floor":8.0},{"not_picked":["Predator","Choke"],"picked":"Noxious Fumes","floor":10.0},{"not_picked":["PiercingWail","Tools of the Trade"],"picked":"Catalyst","floor":14.0},{"not_picked":["A Thousand Cuts","Glass Knife"],"picked":"Die Die Die","floor":16.0},{"not_picked":["Quick Slash+1","Bane"],"picked":"Well Laid Plans","floor":18.0},{"not_picked":["Sucker Punch","Reflex","Dodge and Roll"],"picked":"SKIP","floor":21.0},{"not_picked":["Deflect","Caltrops"],"picked":"Backstab+1","floor":27.0},{"not_picked":["Flechettes","Prepared"],"picked":"Tactician","floor":28.0},{"not_picked":["Deadly Poison","Calculated Gamble+1"],"picked":"Blur+1","floor":29.0},{"not_picked":["Deflect+1","Poisoned Stab"],"picked":"Corpse Explosion","floor":31.0},{"not_picked":["Envenom","Glass Knife"],"picked":"Bullet Time","floor":33.0},{"not_picked":["PiercingWail","Leg Sweep"],"picked":"Outmaneuver","floor":34.0},{"not_picked":["Dodge and Roll","Prepared"],"picked":"Dagger Throw+1","floor":35.0},{"not_picked":["Acrobatics+1","Flying Knee"],"picked":"Deadly Poison+1","floor":36.0},{"not_picked":["Underhanded Strike","Riddle With Holes"],"picked":"Flying Knee+1","floor":39.0},{"not_picked":["Prepared+1","Unload"],"picked":"Backflip","floor":41.0},{"not_picked":["Heel Hook","Backflip"],"picked":"Underhanded Strike+1","floor":42.0},{"not_picked":["Underhanded Strike","Caltrops","Poisoned Stab+1"],"picked":"SKIP","floor":44.0},{"not_picked":["All Out Attack+1","Prepared","Well Laid Plans"],"picked":"SKIP","floor":46.0},{"not_picked":["Blade Dance+1","Dagger Spray+1"],"picked":"Acrobatics","floor":48}],"player_experience":263504,"relics_obtained":[{"floor":5.0,"key":"Bag of Preparation"},{"floor":7.0,"key":"PreservedInsect"},{"floor":9.0,"key":"Whetstone"},{"floor":14.0,"key":"FossilizedHelix"},{"floor":26.0,"key":"Tiny Chest"},{"floor":28.0,"key":"Oddly Smooth Stone"},{"floor":43.0,"key":"Kunai"}],"event_choices":[{"cards_removed":["Strike_G"],"damage_healed":0.0,"max_hp_gain":0.0,"max_hp_loss":0.0,"gold_gain":0.0,"event_name":"The Cleric","player_choice":"Card Removal","floor":3.0,"gold_loss":50.0,"damage_taken":0.0},{"damage_healed":0.0,"max_hp_gain":0.0,"max_hp_loss":0.0,"gold_gain":0.0,"event_name":"Accursed Blacksmith","player_choice":"Rummage","floor":12.0,"gold_loss":0.0,"damage_taken":0.0,"relics_obtained":["WarpedTongs"],"cards_obtained":["Pain"]},{"cards_removed":["Strike_G"],"damage_healed":0.0,"max_hp_gain":0.0,"max_hp_loss":0.0,"gold_gain":0.0,"event_name":"Beggar","player_choice":"Gave Gold","floor":19.0,"gold_loss":75.0,"damage_taken":0.0},{"damage_healed":0.0,"max_hp_gain":0.0,"max_hp_loss":0.0,"gold_gain":0.0,"event_name":"Back to Basics","player_choice":"Simplicity","floor":20.0,"gold_loss":0.0,"damage_taken":0.0,"cards_upgraded":["Defend_G","Defend_G","Defend_G","Defend_G","Defend_G","Strike_G"]},{"damage_healed":0.0,"max_hp_gain":0.0,"max_hp_loss":0.0,"gold_gain":0.0,"event_name":"Drug Dealer","player_choice":"Inject Mutagens","floor":22.0,"gold_loss":0.0,"damage_taken":0.0,"relics_obtained":["MutagenicStrength"]},{"damage_healed":0.0,"max_hp_gain":0.0,"max_hp_loss":0.0,"gold_gain":0.0,"event_name":"Transmorgrifier","player_choice":"Ignored","floor":24.0,"gold_loss":0.0,"damage_taken":0.0},{"damage_healed":0.0,"max_hp_gain":0.0,"max_hp_loss":0.0,"gold_gain":0.0,"event_name":"N\u0027loth","player_choice":"Traded Relic","floor":30.0,"relics_lost":["Whetstone"],"gold_loss":0.0,"damage_taken":0.0,"relics_obtained":["Nloth\u0027s Gift"]},{"damage_healed":0.0,"max_hp_gain":0.0,"max_hp_loss":0.0,"gold_gain":0.0,"event_name":"Tomb of Lord Red Mask","player_choice":"Ignored","floor":37.0,"gold_loss":0.0,"damage_taken":0.0},{"damage_healed":0.0,"max_hp_gain":0.0,"max_hp_loss":0.0,"gold_gain":0.0,"event_name":"Duplicator","player_choice":"Ignored","floor":38.0,"gold_loss":0.0,"damage_taken":0.0}],"is_beta":false,"boss_relics":[{"not_picked":["HoveringKite","WristBlade"],"picked":"Ring of the Serpent"},{"not_picked":["Orrery","Coffee Dripper"],"picked":"Tiny House"}],"items_purged_floors":[2,13],"is_endless":false,"potions_floor_spawned":[4,7,21,28,31,33,35,36,42,44,46,48],"ascension_level":4}