{"gold_per_floor":[117,217,233,244,244,244,254,254,254,271,284,12,12,26,26,125,125,137,0,10,24,24,54,54,83,106,122,132,149,149,166,166,166],"floor_reached":33,"playtime":1558,"items_purged":[],"score":308,"play_id":"472d161a-56b1-4b20-9e97-23efd40610c4","local_time":"20180817204246","is_ascension_mode":false,"campfire_choices":[{"data":"Skewer","floor":6.0,"key":"SMITH"},{"data":"Bane","floor":8,"key":"SMITH"},{"floor":15,"key":"REST"},{"floor":24,"key":"REST"},{"floor":30,"key":"REST"},{"floor":32,"key":"REST"}],"neow_cost":"NONE","seed_source_timestamp":245701360979832,"circlet_count":0,"master_deck":["Defend_G","Defend_G","Defend_G","Defend_G","Defend_G","Strike_G","Strike_G","Strike_G","Strike_G","Survivor","Neutralize","Corpse Explosion","Skewer+1","Bane+1","Deadly Poison","Deadly Poison","Flying Knee+1","Night Terror","Glass Knife+1","Caltrops+1","Sucker Punch+1","Heel Hook+1","Poisoned Stab+1","Bullet Time","Dagger Spray+1","Dagger Spray+1","Setup","Dagger Throw+1","Slice+1","Bane+1","PiercingWail+1","Backflip"],"special_seed":0,"relics":["Ring of the Snake","Molten Egg 2","Frozen Egg 2","Fusion Hammer","Oddly Smooth Stone","Vajra","Potion Belt"],"potions_floor_usage":[23,23,25,28,28,28,29,31,33],"damage_taken":[{"damage":0.0,"enemies":"2 Louse","floor":1.0,"turns":2.0},{"damage":1.0,"enemies":"Cultist","floor":3.0,"turns":4.0},{"damage":0.0,"enemies":"Small Slimes","floor":4.0,"turns":3.0},{"damage":0,"enemies":"Looter","floor":7,"turns":3},{"damage":2,"enemies":"Blue Slaver","floor":10,"turns":4},{"damage":8,"enemies":"Gremlin Gang","floor":11,"turns":5},{"damage":7,"enemies":"Exordium Thugs","floor":14,"turns":2},{"damage":49,"enemies":"The Guardian","floor":16,"turns":7},{"damage":0,"enemies":"Chosen","floor":18,"turns":4},{"damage":2,"enemies":"2 Thieves","floor":20,"turns":2},{"damage":11,"enemies":"Chosen and Byrds","floor":21,"turns":4},{"damage":24,"enemies":"Slavers","floor":23,"turns":2},{"damage":0,"enemies":"Gremlin Leader","floor":25,"turns":4},{"damage":20,"enemies":"Shelled Parasite and Fungi","floor":27,"turns":4},{"damage":0,"enemies":"Snake Plant","floor":28,"turns":3},{"damage":0,"enemies":"Centurion and Healer","floor":29,"turns":5},{"damage":8,"enemies":"Shelled Parasite and Fungi","floor":31,"turns":2},{"damage":79,"enemies":"Champ","floor":33,"turns":9}],"seed_played":"2098446710217124762","potions_obtained":[{"floor":1.0,"key":"PowerPotion"},{"floor":4.0,"key":"Ancient Potion"},{"floor":10,"key":"SkillPotion"},{"floor":23,"key":"SkillPotion"},{"floor":25,"key":"EntropicBrew"},{"floor":28,"key":"Block Potion"}],"is_trial":false,"path_per_floor":["M","?","M","M","?","R","M","R","T","M","M","$","?","M","R","B",null,"M","?","M","M","?","E","R","E","T","M","M","M","R","M","R"],"character_chosen":"THE_SILENT","items_purchased":["Glass Knife+1","Caltrops+1","Sucker Punch+1"],"campfire_rested":4,"item_purchase_floors":[12,12,12],"current_hp_per_floor":[70,70,69,69,66,66,66,66,66,64,56,56,56,49,70,21,70,70,70,68,57,57,33,54,54,54,34,34,34,55,47,68,0],"gold":166,"neow_bonus":"ONE_RANDOM_RARE_CARD","is_prod":false,"is_daily":false,"chose_seed":false,"campfire_upgraded":2,"win_rate":0.0,"timestamp":1534552966,"path_taken":["M","?","M","M","?","R","M","R","T","?","M","$","?","M","R","BOSS","M","?","M","M","?","E","R","E","T","M","M","M","R","M","R","BOSS"],"build_version":"2018-08-16","purchased_purges":0,"victory":false,"max_hp_per_floor":[70,70,70,70,70,70,70,70,70,70,70,70,70,70,70,70,70,70,70,70,70,70,70,70,70,70,70,70,70,70,70,70,70],"card_choices":[{"not_picked":["Heel Hook","All Out Attack"],"picked":"Skewer","floor":1.0},{"not_picked":["Dodge and Roll","Acrobatics"],"picked":"Bane","floor":3.0},{"not_picked":["PiercingWail","Endless Agony"],"picked":"Deadly Poison","floor":4.0},{"not_picked":["Sucker Punch+1","Riddle With Holes+1"],"picked":"Deadly Poison","floor":7},{"not_picked":["Deadly Poison","Quick Slash+1"],"picked":"Flying Knee+1","floor":10},{"not_picked":["Deadly Poison","Accuracy+1"],"picked":"Night Terror","floor":11},{"not_picked":["Dodge and Roll","Backflip"],"picked":"Poisoned Stab+1","floor":14},{"not_picked":["Tools of the Trade+1","Venomology"],"picked":"Bullet Time","floor":16},{"not_picked":["Acrobatics","Underhanded Strike+1"],"picked":"Dagger Spray+1","floor":18},{"not_picked":["Dodge and Roll","Deadly Poison"],"picked":"Dagger Spray+1","floor":20},{"not_picked":["Well Laid Plans+1","Finisher+1"],"picked":"Setup","floor":21},{"not_picked":["Calculated Gamble+1","Endless Agony+1"],"picked":"Dagger Throw+1","floor":23},{"not_picked":["Prepared","Well Laid Plans+1"],"picked":"Slice+1","floor":25},{"not_picked":["Deadly Poison","Choke+1"],"picked":"Bane+1","floor":27},{"not_picked":["Malaise","Masterful Stab+1"],"picked":"PiercingWail+1","floor":28},{"not_picked":["Blade Dance","Escape Plan"],"picked":"Backflip","floor":29},{"not_picked":["Terror","Escape Plan","Night Terror"],"picked":"SKIP","floor":31}],"player_experience":146064,"relics_obtained":[{"floor":9,"key":"Frozen Egg 2"},{"floor":23,"key":"Oddly Smooth Stone"},{"floor":25,"key":"Vajra"},{"floor":26,"key":"Potion Belt"}],"event_choices":[{"event_name":"Wheel of Change","player_choice":"Gold","floor":2.0,"damage_taken":0.0},{"event_name":"Scrap Ooze","player_choice":"success","floor":5.0,"damage_taken":3.0},{"event_name":"Transmorgrifier","player_choice":"Transform","floor":13,"damage_taken":0},{"event_name":"Masked Bandits","player_choice":"Paid Fearfully","floor":19,"damage_taken":0},{"event_name":"Ghosts","player_choice":"Ignored","floor":22,"damage_taken":0}],"is_beta":false,"boss_relics":[{"not_picked":["Ring of the Serpent","Runic Dome"],"picked":"Fusion Hammer"}],"items_purged_floors":[],"is_endless":false,"potions_floor_spawned":[1,4,10,16,18,23,25,28],"killed_by":"Champ","ascension_level":0}