{"gold_per_floor":[110,130,148,148,158,158,158,184,184,203,203,90,90,110,140,245,245,258,270,270,72,72,72,72,72,72,72,92,92,92,107,107,107],"floor_reached":33,"playtime":1604,"items_purged":["Defend_G"],"score":270,"play_id":"2e3492b4-efae-4e9d-aa8a-efd809769a34","local_time":"20180729001151","is_ascension_mode":false,"campfire_choices":[{"floor":6,"key":"REST"},{"floor":11,"key":"DIG"},{"floor":13,"key":"DIG"},{"floor":15,"key":"DIG"},{"floor":23,"key":"DIG"},{"floor":25,"key":"DIG"},{"floor":27,"key":"DIG"},{"floor":30,"key":"DIG"},{"floor":32,"key":"REST"}],"neow_cost":"NONE","seed_source_timestamp":276921624564934,"circlet_count":0,"master_deck":["Defend_G","Defend_G","Defend_G","Strike_G","Strike_G","Strike_G","Strike_G","Survivor","Neutralize","Corpse Explosion","Bane","Dagger Spray+1","Poisoned Stab","Backflip","Outmaneuver","Infinite Blades","Backstab","Unload","Dagger Spray","Footwork+1","Cloak And Dagger","Dagger Spray"],"relics":["Ring of the Snake","Shovel","StoneCalendar","Sundial","Pen Nib","Tiny Chest","Black Star","Lee\u0027s Waffle","Pear","Kunai","The Courier","Du-Vu Doll","Dodecahedron"],"potions_floor_usage":[8,8,33,33],"damage_taken":[{"damage":3,"enemies":"Jaw Worm","floor":1,"turns":4},{"damage":0,"enemies":"2 Louse","floor":2,"turns":3},{"damage":4,"enemies":"Small Slimes","floor":3,"turns":3},{"damage":9,"enemies":"Exordium Wildlife","floor":5,"turns":4},{"damage":20,"enemies":"Lagavulin","floor":8,"turns":6},{"damage":2,"enemies":"Blue Slaver","floor":10,"turns":4},{"damage":9,"enemies":"Exordium Thugs","floor":14,"turns":5},{"damage":39,"enemies":"Hexaghost","floor":16,"turns":8},{"damage":24,"enemies":"2 Thieves","floor":18,"turns":3},{"damage":24,"enemies":"Spheric Guardian","floor":19,"turns":5},{"damage":14,"enemies":"Centurion and Healer","floor":28,"turns":3},{"damage":0,"enemies":"3 Cultists","floor":31,"turns":2},{"damage":90,"enemies":"Champ","floor":33,"turns":19}],"seed_played":"1478701316592345285","potions_obtained":[{"floor":2,"key":"Regen Potion"},{"floor":3,"key":"Poison Potion"},{"floor":14,"key":"SpeedPotion"},{"floor":19,"key":"Poison Potion"},{"floor":20,"key":"GhostInAJar"},{"floor":20,"key":"Energy Potion"}],"is_trial":false,"path_per_floor":["M","M","M","?","M","R","?","E","T","M","R","$","R","M","R","B",null,"M","M","?","$","?","R","?","R","T","R","M","?","R","M","R"],"character_chosen":"THE_SILENT","items_purchased":["Infinite Blades","Lee\u0027s Waffle"],"campfire_rested":2,"item_purchase_floors":[12,21],"current_hp_per_floor":[67,67,63,56,47,68,68,60,60,58,58,58,58,49,49,10,70,46,22,22,77,77,87,87,87,87,87,73,56,56,56,83,0],"gold":107,"neow_bonus":"ONE_RANDOM_RARE_CARD","is_prod":false,"is_daily":false,"chose_seed":false,"campfire_upgraded":0,"win_rate":0.0,"timestamp":1532837511,"path_taken":["M","M","M","?","M","R","?","E","T","M","R","$","R","M","R","BOSS","M","M","?","$","?","R","?","R","T","R","M","?","R","?","R","BOSS"],"build_version":"2018-07-26","purchased_purges":1,"victory":false,"max_hp_per_floor":[70,70,70,70,70,70,70,70,70,70,70,70,70,70,70,70,70,70,70,70,77,77,87,87,87,87,87,87,92,92,92,92,92],"card_choices":[{"not_picked":["Sucker Punch","Deadly Poison"],"picked":"Bane","floor":1},{"not_picked":["Acrobatics","Dagger Throw","Flying Knee"],"picked":"SKIP","floor":2},{"not_picked":["Prepared","Blur"],"picked":"Dagger Spray","floor":3},{"not_picked":["Night Terror","Choke"],"picked":"Poisoned Stab","floor":5},{"not_picked":["Blade Dance","Skewer"],"picked":"Backflip","floor":8},{"not_picked":["Deadly Poison","Leg Sweep"],"picked":"Outmaneuver","floor":10},{"not_picked":["Poisoned Stab","Distraction"],"picked":"Backstab","floor":14},{"not_picked":["Corpse Explosion","Burst"],"picked":"Unload","floor":16},{"not_picked":["Tactician","Heel Hook+1"],"picked":"Dagger Spray","floor":18},{"not_picked":["Underhanded Strike","Poisoned Stab"],"picked":"Footwork+1","floor":19},{"not_picked":["Heel Hook","Backflip"],"picked":"Cloak And Dagger","floor":28},{"not_picked":["Expertise","Deadly Poison"],"picked":"Dagger Spray","floor":31}],"player_experience":69425,"relics_obtained":[{"floor":8,"key":"Shovel"},{"floor":9,"key":"StoneCalendar"},{"floor":11,"key":"Sundial"},{"floor":13,"key":"Pen Nib"},{"floor":15,"key":"Tiny Chest"},{"floor":23,"key":"Pear"},{"floor":25,"key":"Kunai"},{"floor":26,"key":"The Courier"},{"floor":27,"key":"Du-Vu Doll"},{"floor":30,"key":"Dodecahedron"}],"event_choices":[{"event_name":"Golden Wing","player_choice":"Card Removal","floor":4,"damage_taken":0},{"event_name":"Living Wall","player_choice":"Grow","floor":7,"damage_taken":0},{"event_name":"The Lab","player_choice":"Got Potions","floor":20,"damage_taken":0},{"event_name":"Purifier","player_choice":"One Purge","floor":22,"damage_taken":0},{"event_name":"Vampires","player_choice":"Ignored","floor":24,"damage_taken":0},{"event_name":"Forgotten Altar","player_choice":"Shed Blood","floor":29,"damage_taken":0}],"is_beta":false,"boss_relics":[{"not_picked":["Runic Dome","Philosopher\u0027s Stone"],"picked":"Black Star"}],"items_purged_floors":[12],"is_endless":false,"potions_floor_spawned":[2,3,14,19,31],"killed_by":"Champ","ascension_level":0}