{"gold_per_floor":[117,132,82,4,22,51,66,66,66,94,94,110,110,143,143,240,240,257,274,286,286,286],"floor_reached":22,"playtime":4389,"items_purged":[],"score":206,"play_id":"978fe754-4e1c-4943-af1b-7da125162c97","local_time":"20190913030009","is_ascension_mode":false,"campfire_choices":[{"data":"FlurryOfBlows","floor":8,"key":"SMITH"},{"data":"FlowState","floor":13,"key":"SMITH"},{"data":"Vigilance","floor":15,"key":"SMITH"}],"neow_cost":"NONE","seed_source_timestamp":214352101351000,"circlet_count":0,"master_deck":["Strike_P","Strike_P","Strike_P","Defend_P","Defend_P+1","Defend_P","Eruption+1","Vigilance+1","EmptyFist","EmptyBody","FlurryOfBlows+1","CutThroughFate","FlowState+1","Tantrum","FearNoEvil","Weave","CleanseEvil","LessonLearned","WaveOfTheHand","ThirdEye+1","Collect","InnerPeace"],"relics":["PureWater","Potion Belt","Centennial Puzzle","Mummified Hand","Question Card","Fusion Hammer"],"potions_floor_usage":[7,7,16],"damage_taken":[{"damage":0,"enemies":"Small Slimes","floor":1,"turns":2},{"damage":0,"enemies":"Cultist","floor":2,"turns":4},{"damage":0,"enemies":"Jaw Worm","floor":5,"turns":2},{"damage":26,"enemies":"3 Sentries","floor":6,"turns":8},{"damage":0,"enemies":"Lots of Slimes","floor":7,"turns":2},{"damage":13,"enemies":"Lagavulin","floor":10,"turns":4},{"damage":0,"enemies":"Large Slime","floor":12,"turns":2},{"damage":18,"enemies":"3 Sentries","floor":14,"turns":4},{"damage":5,"enemies":"Hexaghost","floor":16,"turns":9},{"damage":0,"enemies":"3 Byrds","floor":18,"turns":4},{"damage":15,"enemies":"2 Thieves","floor":19,"turns":4},{"damage":5,"enemies":"Shelled Parasite and Fungi","floor":20,"turns":3},{"damage":47,"enemies":"Snake Plant","floor":22,"turns":5}],"seed_played":"7277341298107169860","potions_obtained":[{"floor":2,"key":"Explosive Potion"},{"floor":5,"key":"GamblersBrew"},{"floor":6,"key":"Poison Potion"},{"floor":10,"key":"SteroidPotion"},{"floor":14,"key":"Ancient Potion"}],"is_trial":false,"path_per_floor":["M","M","?","$","M","E","M","R","T","E","?","M","R","E","R","B",null,"M","M","M","?","M"],"character_chosen":"WATCHER","items_purchased":["FlurryOfBlows"],"campfire_rested":0,"item_purchase_floors":[4],"current_hp_per_floor":[65,65,65,65,65,39,39,39,39,26,26,26,26,8,8,3,65,65,50,45,45,0],"gold":286,"neow_bonus":"REMOVE_CARD","is_prod":false,"is_daily":false,"chose_seed":false,"campfire_upgraded":3,"win_rate":0.0,"timestamp":1568336409,"path_taken":["M","M","?","$","M","E","M","R","T","E","?","?","R","E","R","BOSS","M","M","M","?","M"],"build_version":"2019-09-11v2","purchased_purges":0,"victory":false,"max_hp_per_floor":[65,65,65,65,65,65,65,65,65,65,65,65,65,65,65,65,65,65,65,65,65,65],"card_choices":[{"not_picked":["FlyingSleeves","CrushJoints"],"picked":"EmptyFist","floor":1},{"not_picked":["Protect","Consecrate"],"picked":"EmptyBody","floor":2},{"not_picked":["FlurryOfBlows","PathToVictory"],"picked":"CutThroughFate","floor":5},{"not_picked":["FollowUp","EmptyFist"],"picked":"FlowState","floor":6},{"not_picked":["CrushJoints","PathToVictory"],"picked":"Tantrum","floor":7},{"not_picked":["WreathOfFlame","Halt"],"picked":"FearNoEvil","floor":10},{"not_picked":["Fasting","Halt"],"picked":"Weave","floor":12},{"not_picked":["Weave","EmptyFist"],"picked":"CleanseEvil","floor":14},{"not_picked":["Wallop","FlowState","Unraveling"],"picked":"LessonLearned","floor":16},{"not_picked":["CleanseEvil","EmptyMind","EmptyFist"],"picked":"WaveOfTheHand","floor":18},{"not_picked":["EmptyFist","CrushJoints","PathToVictory"],"picked":"ThirdEye+1","floor":19},{"not_picked":["CutThroughFate","Crescendo","WreathOfFlame"],"picked":"Collect","floor":20}],"player_experience":228808,"relics_obtained":[{"floor":6,"key":"Potion Belt"},{"floor":9,"key":"Centennial Puzzle"},{"floor":10,"key":"Mummified Hand"},{"floor":14,"key":"Question Card"}],"event_choices":[{"cards_removed":["Strike_P"],"damage_healed":0,"gold_gain":0,"player_choice":"Card Removal","damage_taken":0,"max_hp_gain":0,"max_hp_loss":0,"event_name":"The Cleric","floor":3,"gold_loss":50},{"damage_healed":0,"gold_gain":0,"player_choice":"Ignored","damage_taken":0,"max_hp_gain":0,"max_hp_loss":0,"event_name":"NoteForYourself","floor":11,"gold_loss":0},{"damage_healed":0,"gold_gain":0,"player_choice":"Read","damage_taken":0,"max_hp_gain":0,"max_hp_loss":0,"event_name":"The Library","floor":21,"gold_loss":0,"cards_obtained":["InnerPeace"]}],"is_beta":true,"boss_relics":[{"not_picked":["Tiny House","Runic Pyramid"],"picked":"Fusion Hammer"}],"items_purged_floors":[],"is_endless":false,"potions_floor_spawned":[2,5,6,10,14],"killed_by":"Snake Plant","ascension_level":0}