{"gold_per_floor":[119,119,66,66,86,125,145,145,145,145,160,160,160,179,179,310,310,310,310,310,310,310,310,310,310,310,310,310,310,310,310,310,310,310,310,310,310,310,310,310,310,310,310,310,310,310,310,21,21,21],"floor_reached":51,"playtime":3842,"items_purged":[],"score":624,"play_id":"7db1424c-1e4b-4b67-a6e0-9065d38d2f03","local_time":"20190626221943","is_ascension_mode":false,"campfire_choices":[{"data":"White Noise","floor":10.0,"key":"SMITH"},{"data":"Go for the Eyes","floor":13.0,"key":"SMITH"},{"data":"Genetic Algorithm","floor":15.0,"key":"SMITH"},{"data":"Heatsinks","floor":23.0,"key":"SMITH"},{"data":"Zap","floor":25.0,"key":"SMITH"},{"data":"Storm","floor":30.0,"key":"SMITH"},{"data":"Capacitor","floor":32.0,"key":"SMITH"},{"data":"Glacier","floor":40,"key":"SMITH"},{"data":"Storm","floor":47,"key":"SMITH"},{"data":"Seek","floor":49,"key":"SMITH"}],"neow_cost":"NONE","seed_source_timestamp":1116808766892808,"circlet_count":0,"master_deck":["Strike_B+1","Strike_B+1","Defend_B+1","Defend_B+1","Defend_B+1","Defend_B+1","Zap+1","Dualcast","Cold Snap","Go for the Eyes+1","Self Repair","White Noise+1","Genetic Algorithm+1","Machine Learning+1","Heatsinks+1","Skim","Ball Lightning+1","Storm+1","Capacitor+1","All For One+1","Go for the Eyes+1","Glacier+1","Melter+1","Static Discharge+1","Seek+1","Storm+1"],"special_seed":0,"relics":["Cracked Core","NeowsBlessing","Golden Idol","Meat on the Bone","Bag of Marbles","Boot","Ectoplasm","Pantograph","Molten Egg 2","White Beast Statue","Ancient Tea Set","Shuriken","Ice Cream","FossilizedHelix"],"potions_floor_usage":[39,50,50,50],"damage_taken":[{"damage":0.0,"enemies":"Small Slimes","floor":1.0,"turns":1.0},{"damage":0.0,"enemies":"Jaw Worm","floor":5.0,"turns":1.0},{"damage":0.0,"enemies":"Lagavulin","floor":6.0,"turns":1.0},{"damage":0.0,"enemies":"Cultist","floor":7.0,"turns":3.0},{"damage":0.0,"enemies":"Large Slime","floor":11.0,"turns":6.0},{"damage":3.0,"enemies":"Exordium Wildlife","floor":14.0,"turns":4.0},{"damage":51.0,"enemies":"Slime Boss","floor":16.0,"turns":11.0},{"damage":1.0,"enemies":"Chosen","floor":18.0,"turns":6.0},{"damage":6.0,"enemies":"Shell Parasite","floor":19.0,"turns":6.0},{"damage":11.0,"enemies":"Cultist and Chosen","floor":21.0,"turns":4.0},{"damage":3.0,"enemies":"Shelled Parasite and Fungi","floor":24.0,"turns":8.0},{"damage":20.0,"enemies":"Centurion and Healer","floor":29.0,"turns":5.0},{"damage":18.0,"enemies":"Sentry and Sphere","floor":31.0,"turns":4.0},{"damage":41.0,"enemies":"Collector","floor":33.0,"turns":12.0},{"damage":31.0,"enemies":"3 Darklings","floor":35.0,"turns":5.0},{"damage":15.0,"enemies":"3 Shapes","floor":38.0,"turns":4.0},{"damage":37,"enemies":"Jaw Worm Horde","floor":39,"turns":6},{"damage":6,"enemies":"Transient","floor":41,"turns":5},{"damage":0,"enemies":"Spire Growth","floor":42,"turns":3},{"damage":0,"enemies":"Mind Bloom Boss Battle","floor":45,"turns":8},{"damage":0,"enemies":"Maw","floor":46,"turns":6},{"damage":64,"enemies":"Donu and Deca","floor":50,"turns":9}],"seed_played":"5516296973887437464","potions_obtained":[{"floor":1.0,"key":"SkillPotion"},{"floor":6.0,"key":"SteroidPotion"},{"floor":16.0,"key":"FearPotion"},{"floor":29.0,"key":"Dexterity Potion"},{"floor":31.0,"key":"SkillPotion"},{"floor":35.0,"key":"FearPotion"},{"floor":38.0,"key":"AttackPotion"},{"floor":39,"key":"LiquidBronze"},{"floor":45,"key":"EssenceOfSteel"},{"floor":46,"key":"Strength Potion"}],"is_trial":false,"path_per_floor":["M","?","$","?","M","E","M","?","T","R","M","?","R","M","R","B",null,"M","M","?","M","?","R","M","R","T","T","?","M","R","M","R","B",null,"M","?","?","M","M","R","M","M","T","T","?","M","R","$","R","B",null],"character_chosen":"DEFECT","items_purchased":["Go for the Eyes","FossilizedHelix"],"campfire_rested":0,"item_purchase_floors":[3,48],"current_hp_per_floor":[75,57,57,45,45,45,52,45,45,45,52,52,52,56,56,31,75,75,75,75,71,71,71,75,75,75,75,61,48,48,49,49,52,80,56,70,70,62,44,44,45,52,52,52,70,70,70,70,70,25],"gold":21,"neow_bonus":"THREE_ENEMY_KILL","is_prod":false,"is_daily":false,"chose_seed":false,"campfire_upgraded":10,"win_rate":0.0,"timestamp":1561601983,"path_taken":["M","?","$","?","M","E","M","?","T","R","M","?","R","M","R","BOSS","M","M","?","?","?","R","M","R","T","?","?","M","R","M","R","BOSS","M","?","?","M","M","R","?","M","T","?","?","M","R","$","R","BOSS"],"build_version":"2019-01-23","purchased_purges":0,"victory":true,"max_hp_per_floor":[75,75,75,75,75,75,75,75,75,75,75,75,75,75,75,75,75,75,75,75,75,75,75,75,75,75,75,80,80,80,80,80,80,80,80,70,70,70,70,70,70,70,70,70,70,70,70,70,70,70],"card_choices":[{"not_picked":["Doom and Gloom","Storm"],"picked":"Cold Snap","floor":1.0},{"not_picked":["Redo","Turbo"],"picked":"Self Repair","floor":5.0},{"not_picked":["Cold Snap","Aggregate"],"picked":"White Noise","floor":6.0},{"not_picked":["Sweeping Beam","Rip and Tear","Turbo"],"picked":"SKIP","floor":7.0},{"not_picked":["Darkness","Steam","Consume"],"picked":"SKIP","floor":11.0},{"not_picked":["Conserve Battery","White Noise"],"picked":"Genetic Algorithm","floor":14.0},{"not_picked":["Creative AI","Amplify"],"picked":"Machine Learning","floor":16.0},{"not_picked":["Turbo+1","Leap"],"picked":"Heatsinks","floor":18.0},{"not_picked":["Redo","Sweeping Beam","Heatsinks"],"picked":"SKIP","floor":19.0},{"not_picked":["Rebound","Ball Lightning"],"picked":"Skim","floor":21.0},{"not_picked":["Conserve Battery+1","Hello World"],"picked":"Ball Lightning+1","floor":24.0},{"not_picked":["Darkness","Cold Snap+1"],"picked":"Storm","floor":29.0},{"not_picked":["Leap","Static Discharge"],"picked":"Capacitor","floor":31.0},{"not_picked":["Buffer","Echo Form"],"picked":"All For One+1","floor":33.0},{"not_picked":["Stack","Double Energy+1"],"picked":"Go for the Eyes+1","floor":35.0},{"not_picked":["Hello World+1","FTL+1"],"picked":"Glacier","floor":38.0},{"not_picked":["Turbo","Fusion+1"],"picked":"Melter+1","floor":39},{"not_picked":["Ball Lightning+1","Gash+1"],"picked":"Static Discharge+1","floor":41},{"not_picked":["Beam Cell+1","Coolheaded"],"picked":"Seek","floor":42},{"not_picked":["Chaos","Streamline+1"],"picked":"Storm","floor":45},{"not_picked":["Go for the Eyes+1","Leap","Coolheaded"],"picked":"SKIP","floor":46}],"player_experience":422557,"relics_obtained":[{"floor":6.0,"key":"Bag of Marbles"},{"floor":9.0,"key":"Boot"},{"floor":26.0,"key":"Pantograph"},{"floor":27.0,"key":"Molten Egg 2"},{"floor":43,"key":"Ancient Tea Set"},{"floor":44,"key":"Shuriken"},{"floor":45,"key":"Ice Cream"}],"event_choices":[{"damage_healed":0.0,"max_hp_gain":0.0,"max_hp_loss":0.0,"gold_gain":0.0,"event_name":"Golden Idol","player_choice":"Take Damage","floor":2.0,"gold_loss":0.0,"damage_taken":18.0,"relics_obtained":["Golden Idol"]},{"damage_healed":0.0,"max_hp_gain":0.0,"max_hp_loss":0.0,"gold_gain":0.0,"event_name":"Scrap Ooze","player_choice":"Success","floor":4.0,"gold_loss":0.0,"damage_taken":12.0,"relics_obtained":["Meat on the Bone"]},{"cards_removed":["Strike_B"],"damage_healed":0.0,"max_hp_gain":0.0,"max_hp_loss":0.0,"gold_gain":0.0,"event_name":"Golden Wing","player_choice":"Card Removal","floor":8.0,"gold_loss":0.0,"damage_taken":7.0},{"damage_healed":0.0,"max_hp_gain":0.0,"max_hp_loss":0.0,"gold_gain":0.0,"event_name":"Liars Game","player_choice":"Ignored","floor":12.0,"gold_loss":0.0,"damage_taken":0.0},{"damage_healed":0.0,"max_hp_gain":0.0,"max_hp_loss":0.0,"gold_gain":0.0,"event_name":"Accursed Blacksmith","player_choice":"Forge","floor":20.0,"gold_loss":0.0,"damage_taken":0.0,"cards_upgraded":["Machine Learning"]},{"damage_healed":0.0,"max_hp_gain":0.0,"max_hp_loss":0.0,"gold_gain":0.0,"event_name":"Back to Basics","player_choice":"Simplicity","floor":22.0,"gold_loss":0.0,"damage_taken":0.0,"cards_upgraded":["Strike_B","Strike_B","Strike_B","Defend_B","Defend_B","Defend_B","Defend_B"]},{"damage_healed":0.0,"max_hp_gain":5.0,"max_hp_loss":0.0,"gold_gain":0.0,"event_name":"Forgotten Altar","player_choice":"Shed Blood","floor":28.0,"gold_loss":0.0,"damage_taken":19.0},{"damage_healed":70.0,"max_hp_gain":0.0,"max_hp_loss":10.0,"gold_gain":0.0,"event_name":"The Moai Head","player_choice":"Heal","floor":36.0,"gold_loss":0.0,"damage_taken":0.0},{"cards_removed":["Strike_B"],"damage_healed":0.0,"max_hp_gain":0.0,"max_hp_loss":0.0,"gold_gain":0.0,"event_name":"Bonfire Elementals","player_choice":"Offered Basic","floor":37.0,"gold_loss":0.0,"damage_taken":0.0},{"damage_healed":0,"gold_gain":0,"player_choice":"Fight","damage_taken":0,"max_hp_gain":0,"max_hp_loss":0,"event_name":"MindBloom","floor":45,"gold_loss":0}],"is_beta":false,"boss_relics":[{"not_picked":["Coffee Dripper","Lizard Tail"],"picked":"Ectoplasm"},{"not_picked":["Fusion Hammer","Philosopher\u0027s Stone"],"picked":"White Beast Statue"}],"items_purged_floors":[],"is_endless":false,"potions_floor_spawned":[1,6,16,18,29,31,35,38,39,41,42,45,46],"ascension_level":0}