{"path_per_floor":["M","T","?","M","?","E","R","$","T","R","M","M","R","M","R","B",null,"M","M","$","?","M","R","M","M","T","R","M","M","R","M","R","B",null,"M","?","?","$","?","R","M","E","T","R","?","?","$","M","R","B"],"character_chosen":"DEFECT","items_purchased":["Loop","Swift Strike","War Paint","Self Repair","Mind Blast","Regen Potion","AttackPotion"],"gold_per_floor":[110,110,110,125,125,159,159,45,116,116,134,148,148,166,166,264,264,281,298,101,101,120,120,131,144,168,168,183,198,198,216,216,320,320,330,330,330,50,50,50,69,96,96,96,146,146,15,29,29,29],"floor_reached":51,"campfire_rested":6,"playtime":5048,"item_purchase_floors":[8,20,38,38,38,47,47],"current_hp_per_floor":[37,37,37,37,37,10,32,32,32,54,54,41,63,50,72,65,75,60,38,38,38,34,56,56,48,48,70,63,62,62,60,60,25,75,75,75,75,75,66,66,66,60,60,60,58,58,58,75,75,31],"items_purged":["Strike_B","Coolheaded"],"gold":29,"score":627,"play_id":"1cc2db69-8b3d-4385-913e-3f265c4186e3","local_time":"20180619010809","is_prod":false,"is_daily":false,"chose_seed":false,"is_ascension_mode":false,"campfire_upgraded":5,"win_rate":0.0,"timestamp":1529341689,"campfire_choices":[{"floor":7,"key":"REST"},{"floor":10,"key":"REST"},{"floor":13,"key":"REST"},{"floor":15,"key":"REST"},{"floor":23,"key":"REST"},{"floor":27,"key":"REST"},{"data":"Amplify","floor":30,"key":"SMITH"},{"data":"Loop","floor":32,"key":"SMITH"},{"data":"Mind Blast","floor":40,"key":"SMITH"},{"data":"Machine Learning","floor":44,"key":"SMITH"},{"data":"Hello World","floor":49,"key":"SMITH"}],"path_taken":["M","?","?","M","?","E","R","$","T","R","M","M","R","?","R","BOSS","M","M","$","?","M","R","M","M","T","R","M","M","R","?","R","BOSS","M","?","?","?","?","R","?","E","T","R","?","?","$","M","R","BOSS"],"build_version":"2018-06-14v2","seed_source_timestamp":11910922985833,"purchased_purges":2,"victory":true,"master_deck":["Zap+1","Redo+1","Amplify+1","Static Discharge","Loop+1","Leap","Genetic Algorithm","Biased Cognition","Leap","Rip and Tear","White Noise","Storm+1","Ball Lightning+1","Swift Strike","Force Field+1","Melter","Storm","Leap","Chill+1","Thunder Strike","Machine Learning+1","Darkness+1","Self Repair","Mind Blast+1","Madness","Madness","Capacitor+1","Self Repair","Hello World+1","Streamline+1"],"max_hp_per_floor":[75,75,75,75,75,75,75,75,75,75,75,75,75,75,75,75,75,75,75,75,75,75,75,75,75,75,75,75,75,75,75,75,75,75,75,75,75,75,75,75,75,75,75,75,75,75,75,75,75,75],"relics":["Cracked Core","Girya","Incense Burner","Mercury Hourglass","Pandora\u0027s Box","Lantern","Empty Cage","War Paint","Singing Bowl","Boot","Thread and Needle"],"card_choices":[{"not_picked":["Cold Snap","Compile Driver"],"picked":"Redo","floor":1},{"not_picked":["Go for the Eyes","Aggregate"],"picked":"Amplify","floor":4},{"not_picked":["Rebound","Streamline"],"picked":"Static Discharge","floor":6},{"not_picked":["Cold Snap","Coolheaded"],"picked":"Leap","floor":11},{"not_picked":["Steam Power","Lockon"],"picked":"Genetic Algorithm","floor":12},{"not_picked":["Rebound","Auto Shields"],"picked":"Sweeping Beam","floor":14},{"not_picked":["Seek","Electrodynamics"],"picked":"Biased Cognition","floor":16},{"not_picked":["Rebound","Barrage"],"picked":"Storm+1","floor":18},{"not_picked":["Coolheaded","Barrage"],"picked":"Ball Lightning+1","floor":19},{"not_picked":["Hologram","Steam"],"picked":"Melter","floor":22},{"not_picked":["Cold Snap+1","Streamline"],"picked":"Storm","floor":24},{"not_picked":["Hologram+1","Redo"],"picked":"Leap","floor":25},{"not_picked":["Gash","Blizzard"],"picked":"Chill+1","floor":28},{"not_picked":["Aggregate","Leap"],"picked":"Thunder Strike","floor":29},{"not_picked":["Stack","Chaos","Glacier+1"],"picked":"SKIP","floor":31},{"not_picked":["Seek","Biased Cognition"],"picked":"Machine Learning","floor":33},{"not_picked":["Gash+1","Tempest+1"],"picked":"Darkness+1","floor":35},{"not_picked":["Hologram+1","Redo+1"],"picked":"Capacitor+1","floor":41},{"not_picked":["Darkness+1","Leap+1"],"picked":"Self Repair","floor":42},{"not_picked":["FTL+1","Auto Shields+1"],"picked":"Hello World","floor":45},{"not_picked":["Ball Lightning+1","Reprogram"],"picked":"Streamline+1","floor":48}],"player_experience":547877,"potions_floor_usage":[16,16,16,22,31,33,41,42,45,48,48],"damage_taken":[{"damage":1,"enemies":"Cultist","floor":1,"turns":3},{"damage":0,"enemies":"2 Louse","floor":4,"turns":2},{"damage":27,"enemies":"Gremlin Nob","floor":6,"turns":4},{"damage":0,"enemies":"Small Slimes","floor":11,"turns":3},{"damage":13,"enemies":"Gremlin Gang","floor":12,"turns":3},{"damage":13,"enemies":"3 Louse","floor":14,"turns":2},{"damage":7,"enemies":"Hexaghost","floor":16,"turns":6},{"damage":15,"enemies":"Spheric Guardian","floor":18,"turns":3},{"damage":22,"enemies":"2 Thieves","floor":19,"turns":3},{"damage":4,"enemies":"3 Cultists","floor":22,"turns":3},{"damage":0,"enemies":"Cultist and Chosen","floor":24,"turns":4},{"damage":8,"enemies":"Slaver and Parasite","floor":25,"turns":2},{"damage":7,"enemies":"Centurion and Healer","floor":28,"turns":4},{"damage":1,"enemies":"Chosen and Byrds","floor":29,"turns":3},{"damage":2,"enemies":"Snecko","floor":31,"turns":5},{"damage":35,"enemies":"Collector","floor":33,"turns":6},{"damage":0,"enemies":"Orb Walker","floor":35,"turns":3},{"damage":0,"enemies":"3 Shapes","floor":41,"turns":2},{"damage":13,"enemies":"Nemesis","floor":42,"turns":5},{"damage":9,"floor":45,"turns":3},{"damage":0,"enemies":"3 Darklings","floor":48,"turns":4},{"damage":51,"enemies":"Time Eater","floor":50,"turns":9}],"relics_obtained":[{"floor":2,"key":"Girya"},{"floor":6,"key":"Incense Burner"},{"floor":9,"key":"Mercury Hourglass"},{"floor":26,"key":"Lantern"},{"floor":42,"key":"Singing Bowl"},{"floor":43,"key":"Boot"},{"floor":45,"key":"Thread and Needle"}],"event_choices":[{"event_name":"Living Wall","player_choice":"Grow","floor":3,"damage_taken":0},{"event_name":"Liars Game","player_choice":"disagreed","floor":5,"damage_taken":0},{"event_name":"Transmorgrifier","player_choice":"Transform","floor":21,"damage_taken":0},{"event_name":"Tomb of Lord Red Mask","player_choice":"Ignored","floor":36,"damage_taken":0},{"event_name":"The Lab","player_choice":"Got Potions","floor":37,"damage_taken":0},{"event_name":"Winding Halls","player_choice":"Embrace Madness","floor":39,"damage_taken":0},{"event_name":"Mysterious Sphere","player_choice":"Fight","floor":45,"damage_taken":0},{"event_name":"The Woman in Blue","player_choice":"Bought 0 Potions","floor":46,"damage_taken":0}],"boss_relics":[{"not_picked":["Snecko Eye","Inserter"],"picked":"Pandora\u0027s Box"},{"not_picked":["Runic Dome","Philosopher\u0027s Stone"],"picked":"Empty Cage"}],"items_purged_floors":[8,20],"is_endless":false,"potions_floor_spawned":[11,12,14,19,29,31,33,35],"seed_played":"5189470353502944185","ascension_level":0,"potions_obtained":[{"floor":11,"key":"SteroidPotion"},{"floor":12,"key":"SpeedPotion"},{"floor":14,"key":"FearPotion"},{"floor":19,"key":"LiquidBronze"},{"floor":29,"key":"Poison Potion"},{"floor":31,"key":"FearPotion"},{"floor":33,"key":"Block Potion"},{"floor":35,"key":"Energy Potion"},{"floor":37,"key":"Energy Potion"}],"is_trial":false}