{"gold_per_floor":[216,231,241,23,42,73,73,85,85,85,65,75,75,404,404,404],"floor_reached":16,"playtime":913,"items_purged":[],"score":213,"play_id":"9efdaf1f-cb77-4267-ab08-cbb214c53415","local_time":"20190904073418","is_ascension_mode":true,"campfire_choices":[{"data":"True Grit","floor":7,"key":"SMITH"},{"floor":10,"key":"REST"},{"data":"Evolve","floor":13,"key":"SMITH"},{"data":"Whirlwind","floor":15,"key":"SMITH"}],"neow_cost":"NONE","seed_source_timestamp":0,"circlet_count":0,"master_deck":["AscendersBane","Strike_R","Strike_R","Strike_R","Strike_R","Strike_R","Defend_R","Defend_R","Defend_R","Defend_R","Bash","Evolve+1","Cleave","Headbutt","True Grit+1","Dark Embrace","Battle Trance","Ghostly Armor+1","Twin Strike","Whirlwind+1"],"special_seed":0,"relics":["Burning Blood","Toxic Egg 2","Ornamental Fan","Old Coin"],"potions_floor_usage":[14,16],"damage_taken":[{"damage":7.0,"enemies":"Cultist","floor":1.0,"turns":4.0},{"damage":13.0,"enemies":"Small Slimes","floor":2.0,"turns":5.0},{"damage":11.0,"enemies":"2 Louse","floor":3.0,"turns":3.0},{"damage":21.0,"enemies":"Blue Slaver","floor":5.0,"turns":3.0},{"damage":33.0,"enemies":"Lagavulin","floor":6.0,"turns":9.0},{"damage":23,"enemies":"Large Slime","floor":8,"turns":6},{"damage":2,"enemies":"Looter","floor":12,"turns":4},{"damage":12,"enemies":"3 Sentries","floor":14,"turns":6},{"damage":35,"enemies":"Slime Boss","floor":16,"turns":8}],"seed_played":"-5906780353732553241","potions_obtained":[{"floor":2.0,"key":"PowerPotion"},{"floor":3.0,"key":"BloodPotion"},{"floor":8,"key":"Explosive Potion"},{"floor":11,"key":"SmokeBomb"},{"floor":12,"key":"SkillPotion"}],"is_trial":false,"path_per_floor":["M","M","M","$","M","E","R","M","T","R","?","M","R","E","R","B"],"character_chosen":"IRONCLAD","items_purchased":["True Grit","Dark Embrace"],"campfire_rested":1,"item_purchase_floors":[4,4],"current_hp_per_floor":[67,60,55,55,40,31,31,14,14,36,36,40,40,34,34,0],"gold":404,"neow_bonus":"HUNDRED_GOLD","is_prod":false,"is_daily":false,"chose_seed":false,"campfire_upgraded":3,"win_rate":0,"timestamp":1567607658,"path_taken":["M","M","?","$","M","E","R","M","T","R","?","M","R","E","R","BOSS"],"build_version":"2019-07-17","purchased_purges":0,"victory":false,"max_hp_per_floor":[75,75,75,75,75,75,75,75,75,75,75,75,75,75,75,75],"card_choices":[{"not_picked":["Thunderclap","Ghostly Armor"],"picked":"Evolve","floor":1.0},{"not_picked":["Iron Wave","Shrug It Off"],"picked":"Cleave","floor":2.0},{"not_picked":["Clothesline","Metallicize"],"picked":"Headbutt","floor":3.0},{"not_picked":["Perfected Strike","Sword Boomerang"],"picked":"Battle Trance","floor":5.0},{"not_picked":["Dropkick","Armaments"],"picked":"Ghostly Armor","floor":6.0},{"not_picked":["Twin Strike","Rage+1","Heavy Blade"],"picked":"SKIP","floor":8},{"not_picked":["Wild Strike","Blood for Blood"],"picked":"Twin Strike","floor":12},{"not_picked":["Sword Boomerang","Dual Wield+1"],"picked":"Whirlwind","floor":14}],"player_experience":809465,"relics_obtained":[{"floor":6.0,"key":"Toxic Egg 2"},{"floor":9,"key":"Ornamental Fan"},{"floor":14,"key":"Old Coin"}],"event_choices":[{"damage_healed":0,"gold_gain":0,"player_choice":"Bought 1 Potion","damage_taken":0,"max_hp_gain":0,"max_hp_loss":0,"event_name":"The Woman in Blue","floor":11,"gold_loss":0}],"is_beta":false,"boss_relics":[],"items_purged_floors":[],"is_endless":false,"potions_floor_spawned":[2,3,8,12],"killed_by":"Slime Boss","ascension_level":18}