{"gold_per_floor":[117,131,148,23,23,23,23,23,23,37,55,55,73,73,73,177,177,191,191,191,202,216,216,230,230,285,285],"floor_reached":27,"playtime":1320,"items_purged":["Strike_G"],"score":205,"play_id":"2e0b99bb-08d9-4b21-8f6e-7b43e5eac51c","local_time":"20180730023604","is_ascension_mode":false,"campfire_choices":[{"data":"Dagger Spray","floor":6,"key":"SMITH"},{"data":"Footwork","floor":8,"key":"SMITH"},{"floor":15,"key":"REST"},{"data":"Dagger Throw","floor":23,"key":"SMITH"}],"neow_cost":"NONE","seed_source_timestamp":372254168113371,"circlet_count":0,"master_deck":["Defend_G","Defend_G","Defend_G","Defend_G","Strike_G","Strike_G+1","Strike_G","Strike_G","Survivor","Neutralize","Dagger Throw+1","Footwork+1","Dagger Spray+1","Slice+1","Slice","After Image","Distraction+1","Outmaneuver","RitualDagger"],"relics":["Ring of the Snake","Strawberry","Regal Pillow","Matryoshka","Boot","Dodecahedron","Eternal Feather","Mercury Hourglass","Tiny Chest","Ancient Tea Set"],"potions_floor_usage":[16,16,16,24],"damage_taken":[{"damage":1,"enemies":"2 Louse","floor":1,"turns":5},{"damage":6,"enemies":"Jaw Worm","floor":2,"turns":5},{"damage":3,"enemies":"Small Slimes","floor":3,"turns":4},{"damage":0,"enemies":"Blue Slaver","floor":10,"turns":5},{"damage":0,"enemies":"Large Slime","floor":11,"turns":6},{"damage":11,"enemies":"Red Slaver","floor":13,"turns":3},{"damage":54,"enemies":"Hexaghost","floor":16,"turns":12},{"damage":18,"enemies":"2 Thieves","floor":18,"turns":4},{"damage":14,"enemies":"Spheric Guardian","floor":21,"turns":4},{"damage":3,"enemies":"Snecko","floor":22,"turns":7},{"damage":8,"enemies":"Cultist and Chosen","floor":24,"turns":7},{"damage":56,"enemies":"Gremlin Leader","floor":27,"turns":7}],"seed_played":"3958298771126672028","potions_obtained":[{"floor":2,"key":"SkillPotion"},{"floor":3,"key":"Explosive Potion"},{"floor":11,"key":"Ancient Potion"},{"floor":13,"key":"Regen Potion"},{"floor":21,"key":"GamblersBrew"}],"is_trial":false,"path_per_floor":["M","M","M","$","?","R","?","R","T","M","M","T","M","?","R","B",null,"M","?","?","M","M","R","M","?","T"],"character_chosen":"THE_SILENT","items_purchased":["Dagger Spray"],"campfire_rested":1,"item_purchase_floors":[4],"current_hp_per_floor":[76,70,67,67,60,60,60,60,60,60,60,60,49,34,72,33,77,59,77,77,63,60,69,61,55,55,0],"gold":285,"neow_bonus":"RANDOM_COMMON_RELIC","is_prod":false,"is_daily":false,"chose_seed":false,"campfire_upgraded":3,"win_rate":0.0,"timestamp":1532932564,"path_taken":["M","M","M","$","?","R","?","R","T","?","M","?","M","?","R","BOSS","M","?","?","M","M","R","M","?","T","E"],"build_version":"2018-07-26","purchased_purges":1,"victory":false,"max_hp_per_floor":[77,77,77,77,77,77,77,77,77,77,77,77,77,77,77,77,77,77,77,77,77,77,77,77,77,77,77],"card_choices":[{"not_picked":["Prepared","PiercingWail"],"picked":"Dagger Throw","floor":1},{"not_picked":["Prepared","Underhanded Strike"],"picked":"Footwork","floor":2},{"not_picked":["Acrobatics","Leg Sweep","Bouncing Flask"],"picked":"SKIP","floor":3},{"not_picked":["Caltrops","Quick Slash"],"picked":"Slice","floor":10},{"not_picked":["Dodge and Roll","Terror","Caltrops"],"picked":"SKIP","floor":11},{"not_picked":["Distraction","Dodge and Roll"],"picked":"Slice","floor":13},{"not_picked":["Malaise","Storm of Steel"],"picked":"After Image","floor":16},{"not_picked":["Deflect","Choke","Slice"],"picked":"SKIP","floor":18},{"not_picked":["Sucker Punch","All Out Attack","Accuracy"],"picked":"SKIP","floor":21},{"not_picked":["Deadly Poison","Acrobatics+1"],"picked":"Distraction+1","floor":22},{"not_picked":["Cloak And Dagger","Accuracy"],"picked":"Outmaneuver","floor":24}],"player_experience":78366,"relics_obtained":[{"floor":9,"key":"Matryoshka"},{"floor":12,"key":"Boot"},{"floor":12,"key":"Dodecahedron"},{"floor":26,"key":"Tiny Chest"},{"floor":26,"key":"Ancient Tea Set"}],"event_choices":[{"event_name":"Golden Wing","player_choice":"Card Removal","floor":5,"damage_taken":0},{"event_name":"Dead Adventurer","player_choice":"Searched \u00271\u0027 times","floor":7,"damage_taken":0},{"event_name":"Shining Light","player_choice":"Entered Light","floor":14,"damage_taken":0},{"event_name":"The Library","player_choice":"Heal","floor":19,"damage_taken":0},{"event_name":"The Mausoleum","player_choice":"Yes","floor":20,"damage_taken":0},{"event_name":"Nest","player_choice":"Joined the Cult","floor":25,"damage_taken":0}],"is_beta":false,"boss_relics":[{"not_picked":["White Beast Statue","Calling Bell"],"picked":"Eternal Feather"}],"items_purged_floors":[4],"is_endless":false,"potions_floor_spawned":[2,3,11,13,21],"killed_by":"Gremlin Leader","ascension_level":0}