{"gold_per_floor":[110,110,125,125,191,191,209,209,232,232,301,317,346,366,366,467,467,487,537,547,452,513,513,588,588,588,601,119,136,153,173,173,173],"floor_reached":33,"playtime":2353,"items_purged":[],"score":253,"play_id":"9dcec2d4-a85a-4bfe-a669-09de5638f894","local_time":"20180816235504","is_ascension_mode":false,"campfire_choices":[{"data":"Poisoned Stab","floor":6.0,"key":"SMITH"},{"data":"Dagger Spray","floor":8.0,"key":"SMITH"},{"data":"Noxious Fumes","floor":10.0,"key":"SMITH"},{"data":"Flying Knee","floor":15.0,"key":"SMITH"},{"floor":23.0,"key":"REST"},{"floor":25.0,"key":"REST"},{"floor":32,"key":"REST"}],"neow_cost":"NONE","seed_source_timestamp":170027454068130,"circlet_count":0,"master_deck":["Survivor","Neutralize+1","Noxious Fumes+1","Acrobatics","Poisoned Stab+1","Dagger Spray+1","Flying Knee+1","Backflip","Reflex","Sucker Punch","Glass Knife","Dash","Flying Knee","Blade Dance","Prepared","Sucker Punch+1","Infinite Blades","Bane","Blur","PiercingWail","Distraction","Slice+1","Poisoned Stab","Outmaneuver","Infinite Blades+1","Deadly Poison","Bane","The Bomb","Bouncing Flask+1","Bouncing Flask","Poisoned Stab"],"special_seed":0,"relics":["Ring of the Snake","SsserpentHead","Lantern","Strawberry","Pandora\u0027s Box","Nilry\u0027s Codex","Whetstone","Kunai","Meat on the Bone"],"potions_floor_usage":[33,33,33],"damage_taken":[{"damage":0.0,"enemies":"Small Slimes","floor":1.0,"turns":5.0},{"damage":7.0,"enemies":"Cultist","floor":3.0,"turns":5.0},{"damage":0.0,"enemies":"Jaw Worm","floor":5.0,"turns":5.0},{"damage":0.0,"enemies":"Blue Slaver","floor":7.0,"turns":4.0},{"damage":0.0,"enemies":"Red Slaver","floor":11.0,"turns":3.0},{"damage":0.0,"enemies":"2 Fungi Beasts","floor":12.0,"turns":3.0},{"damage":14.0,"enemies":"Lagavulin","floor":13.0,"turns":6.0},{"damage":0.0,"enemies":"Gremlin Gang","floor":14.0,"turns":3.0},{"damage":38.0,"enemies":"Hexaghost","floor":16.0,"turns":9.0},{"damage":12.0,"enemies":"2 Thieves","floor":18.0,"turns":4.0},{"damage":10.0,"enemies":"Spheric Guardian","floor":20.0,"turns":3.0},{"damage":18.0,"enemies":"Snake Plant","floor":22.0,"turns":4.0},{"damage":38.0,"enemies":"Centurion and Healer","floor":27.0,"turns":5.0},{"damage":5.0,"enemies":"3 Cultists","floor":29.0,"turns":4.0},{"damage":24,"enemies":"Snake Plant","floor":30,"turns":4},{"damage":31,"enemies":"Cultist and Chosen","floor":31,"turns":5},{"damage":68,"enemies":"Collector","floor":33,"turns":6}],"seed_played":"6896821453401061067","potions_obtained":[{"floor":1.0,"key":"Dexterity Potion"},{"floor":3.0,"key":"Block Potion"},{"floor":7.0,"key":"LiquidBronze"},{"floor":22.0,"key":"SpeedPotion"}],"is_trial":false,"path_per_floor":["M","?","M","?","M","R","M","R","T","R","M","M","E","M","R","B",null,"M","?","M","$","M","R","T","R","T","M","$","M","M","M","R"],"character_chosen":"THE_SILENT","items_purchased":["Poisoned Stab","Outmaneuver","Bane","The Bomb","Meat on the Bone"],"campfire_rested":3,"item_purchase_floors":[21,21,28,28,28],"current_hp_per_floor":[77,77,70,70,70,70,70,70,70,70,70,70,63,63,63,25,84,72,56,46,46,28,53,53,78,78,40,40,47,35,16,41,0],"gold":173,"neow_bonus":"TEN_PERCENT_HP_BONUS","is_prod":false,"is_daily":false,"chose_seed":false,"campfire_upgraded":4,"win_rate":0.0,"timestamp":1534478104,"path_taken":["M","?","M","?","?","R","M","R","T","R","?","M","E","M","R","BOSS","M","?","M","$","?","R","?","R","T","M","$","M","M","M","R","BOSS"],"build_version":"2018-08-16","purchased_purges":0,"victory":false,"max_hp_per_floor":[77,77,77,77,77,77,77,77,77,77,77,77,84,84,84,84,84,84,84,84,84,84,84,84,84,84,84,84,84,84,84,84,84],"card_choices":[{"not_picked":["Terror","Dodge and Roll"],"picked":"Noxious Fumes","floor":1.0},{"not_picked":["Predator","Prepared"],"picked":"Acrobatics","floor":3.0},{"not_picked":["Masterful Stab","Cloak And Dagger"],"picked":"Poisoned Stab","floor":5.0},{"not_picked":["Well Laid Plans","Bouncing Flask"],"picked":"Dagger Spray","floor":7.0},{"not_picked":["Slice","Outmaneuver"],"picked":"Flying Knee","floor":11.0},{"not_picked":["Expertise","Dodge and Roll"],"picked":"Backflip","floor":12.0},{"not_picked":["Accuracy","Finisher"],"picked":"Reflex","floor":13.0},{"not_picked":["Concentrate","Finisher"],"picked":"Sucker Punch","floor":14.0},{"not_picked":["Venomology","Night Terror"],"picked":"Glass Knife","floor":16.0},{"not_picked":["Endless Agony","Sucker Punch","Deflect"],"picked":"SKIP","floor":18.0},{"not_picked":["Acrobatics","Caltrops"],"picked":"Slice+1","floor":20.0},{"not_picked":["Bane","Masterful Stab"],"picked":"Infinite Blades+1","floor":22.0},{"not_picked":["Dodge and Roll","Reflex"],"picked":"Deadly Poison","floor":27.0},{"not_picked":["Deflect","Heel Hook"],"picked":"Bouncing Flask+1","floor":29.0},{"not_picked":["Blade Dance","Underhanded Strike"],"picked":"Bouncing Flask","floor":30},{"not_picked":["Quick Slash","Deadly Poison+1"],"picked":"Poisoned Stab","floor":31}],"player_experience":141048,"relics_obtained":[{"floor":9.0,"key":"Lantern"},{"floor":13.0,"key":"Strawberry"},{"floor":19.0,"key":"Nilry\u0027s Codex"},{"floor":24.0,"key":"Whetstone"},{"floor":26.0,"key":"Kunai"}],"event_choices":[{"event_name":"Match and Keep!","player_choice":"0 cards matched","floor":2.0,"damage_taken":0.0},{"event_name":"FaceTrader","player_choice":"Trade","floor":4.0,"damage_taken":0.0},{"event_name":"Cursed Tome","player_choice":"Obtained Book","floor":19.0,"damage_taken":0.0}],"is_beta":false,"boss_relics":[{"not_picked":["Coffee Dripper","Busted Crown"],"picked":"Pandora\u0027s Box"}],"items_purged_floors":[],"is_endless":false,"potions_floor_spawned":[1,3,7,11,14,22,27,30,31],"killed_by":"Collector","ascension_level":0}