{"gold_per_floor":[111,127,127,44,64,64,30,30,106,125,140,155,175,175,175,175],"floor_reached":16,"playtime":2352,"items_purged":[],"score":94,"play_id":"3e7e339c-f3de-4b3e-9d5f-7649e5129137","local_time":"20190913014647","is_ascension_mode":false,"campfire_choices":[{"data":"Perseverance","floor":6,"key":"SMITH"},{"data":"Establishment","floor":8,"key":"SMITH"},{"data":"SandsOfTime","floor":15,"key":"SMITH"}],"neow_cost":"NONE","seed_source_timestamp":211987612157700,"circlet_count":0,"master_deck":["Strike_P","Strike_P","Strike_P","Strike_P","Defend_P","Defend_P","Defend_P","Eruption","Vigilance","Fasting","Worship","Establishment+1","Protect","Perseverance+1","CarveReality","Swivel","SandsOfTime+1","Consecrate","Sanctity"],"relics":["PureWater","Bottled Flame"],"potions_floor_usage":[12,13,16],"damage_taken":[{"damage":0,"enemies":"Cultist","floor":1,"turns":4},{"damage":0,"enemies":"2 Louse","floor":2,"turns":3},{"damage":1,"enemies":"Jaw Worm","floor":5,"turns":4},{"damage":0,"enemies":"Exordium Thugs","floor":10,"turns":4},{"damage":8,"enemies":"Exordium Wildlife","floor":11,"turns":3},{"damage":0,"enemies":"Looter","floor":12,"turns":2},{"damage":10,"enemies":"Exordium Thugs","floor":13,"turns":4},{"damage":50,"enemies":"Hexaghost","floor":16,"turns":9}],"seed_played":"-3337666855787306043","potions_obtained":[{"floor":2,"key":"AttackPotion"},{"floor":12,"key":"SteroidPotion"},{"floor":13,"key":"FearPotion"}],"is_trial":false,"path_per_floor":["M","M","?","$","M","R","$","R","T","M","M","M","M","?","R","B"],"character_chosen":"WATCHER","items_purchased":["Establishment","Protect","CarveReality"],"campfire_rested":0,"item_purchase_floors":[4,4,7],"current_hp_per_floor":[71,71,64,64,63,63,63,63,63,63,55,55,45,50,50,0],"gold":175,"neow_bonus":"TEN_PERCENT_HP_BONUS","is_prod":false,"is_daily":false,"chose_seed":false,"campfire_upgraded":3,"win_rate":0.0,"timestamp":1568332007,"path_taken":["M","?","?","$","M","R","?","R","T","M","M","M","?","?","R","BOSS"],"build_version":"2019-09-11v2","purchased_purges":0,"victory":false,"max_hp_per_floor":[71,71,71,71,71,71,71,71,71,71,71,71,71,76,76,76],"card_choices":[{"not_picked":["ThirdEye","Perseverance"],"picked":"Fasting","floor":1},{"not_picked":["FlyingSleeves","Weave"],"picked":"Worship","floor":2},{"not_picked":["ClearTheMind","CutThroughFate"],"picked":"Perseverance","floor":5},{"not_picked":["FlyingSleeves","Halt"],"picked":"Swivel","floor":10},{"not_picked":["Weave","Scrawl"],"picked":"SandsOfTime","floor":11},{"not_picked":["JustLucky","Adaptation"],"picked":"Consecrate","floor":12},{"not_picked":["Consecrate","Meditate"],"picked":"Sanctity","floor":13}],"player_experience":226456,"relics_obtained":[{"floor":9,"key":"Bottled Flame"}],"event_choices":[{"cards_removed":["Defend_P"],"damage_healed":0,"gold_gain":0,"player_choice":"Card Removal","damage_taken":7,"max_hp_gain":0,"max_hp_loss":0,"event_name":"Golden Wing","floor":3,"gold_loss":0},{"damage_healed":0,"gold_gain":0,"player_choice":"Donut","damage_taken":0,"max_hp_gain":5,"max_hp_loss":0,"event_name":"Big Fish","floor":14,"gold_loss":0}],"is_beta":true,"boss_relics":[],"items_purged_floors":[],"is_endless":false,"potions_floor_spawned":[2,12,13],"killed_by":"Hexaghost","ascension_level":0}