{"gold_per_floor":[116,135,148,223,238,238,264,264,264,291,89,116,44,32,32,133,133,143,43,59,77,97,125,125,155,233,262,274,274,65,90,90,194,194,212,212,227,26,36,36,50,50,50,50,83,23,48,48,48,48],"floor_reached":51,"playtime":11911,"items_purged":["Strike_G","Strike_G","Strike_G"],"score":948,"play_id":"267dbebf-d369-4028-9452-75ccff25cb63","local_time":"20180922004749","is_ascension_mode":true,"campfire_choices":[{"data":"Neutralize","floor":6.0,"key":"SMITH"},{"floor":8.0,"key":"REST"},{"data":"Noxious Fumes","floor":15.0,"key":"SMITH"},{"data":"Malaise","floor":24.0,"key":"SMITH"},{"floor":29.0,"key":"REST"},{"floor":32.0,"key":"REST"},{"floor":40.0,"key":"REST"},{"floor":42.0,"key":"REST"},{"data":"Footwork","floor":44.0,"key":"SMITH"},{"data":"Leg Sweep","floor":49,"key":"SMITH"}],"neow_cost":"NONE","seed_source_timestamp":0,"circlet_count":0,"master_deck":["Defend_G","Defend_G","Defend_G","Survivor","Neutralize+1","Dagger Throw","Well Laid Plans","Deadly Poison","Backflip","Dodge and Roll","Blur","Leg Sweep+1","Finesse","Noxious Fumes+1","Footwork+1","Footwork","Malaise+1","Caltrops+1","Predator","Blur","Sucker Punch+1","Dagger Throw+1","Bouncing Flask+1","Footwork","Dagger Spray+1","Flechettes+1","A Thousand Cuts","Envenom","Dagger Spray+1","Leg Sweep+1","Prepared+1","Leg Sweep","Heel Hook+1"],"special_seed":0,"relics":["Ring of the Snake","Sundial","Bottled Tornado","Bottled Flame","PreservedInsect","Runic Pyramid","Orichalcum","Bronze Scales","Pantograph","Pear","Snake Skull","Astrolabe","Chemical X","Kunai","Bag of Preparation","Mercury Hourglass"],"potions_floor_usage":[45,50],"damage_taken":[{"damage":0.0,"enemies":"Small Slimes","floor":1.0,"turns":4.0},{"damage":0.0,"enemies":"Cultist","floor":2.0,"turns":4.0},{"damage":1.0,"enemies":"Jaw Worm","floor":3.0,"turns":3.0},{"damage":5.0,"enemies":"3 Louse","floor":5.0,"turns":4.0},{"damage":12.0,"enemies":"3 Sentries","floor":7.0,"turns":12.0},{"damage":20.0,"enemies":"Gremlin Nob","floor":10.0,"turns":5.0},{"damage":4.0,"enemies":"Lagavulin","floor":12.0,"turns":9.0},{"damage":2.0,"enemies":"Exordium Thugs","floor":14.0,"turns":5.0},{"damage":0.0,"enemies":"Slime Boss","floor":16.0,"turns":12.0},{"damage":4.0,"enemies":"Spheric Guardian","floor":18.0,"turns":6.0},{"damage":0.0,"enemies":"Chosen","floor":20.0,"turns":7.0},{"damage":1.0,"enemies":"Snecko","floor":21.0,"turns":9.0},{"damage":11.0,"enemies":"Centurion and Healer","floor":22.0,"turns":7.0},{"damage":7.0,"enemies":"Gremlin Leader","floor":23.0,"turns":8.0},{"damage":7.0,"enemies":"Book of Stabbing","floor":25.0,"turns":7.0},{"damage":31.0,"enemies":"Slavers","floor":27.0,"turns":7.0},{"damage":4.0,"enemies":"Cultist and Chosen","floor":28.0,"turns":8.0},{"damage":3.0,"enemies":"Gremlin Leader","floor":31.0,"turns":7.0},{"damage":38.0,"enemies":"Collector","floor":33.0,"turns":13.0},{"damage":25.0,"enemies":"3 Darklings","floor":35.0,"turns":7.0},{"damage":10.0,"enemies":"3 Shapes","floor":37.0,"turns":5.0},{"damage":24.0,"enemies":"Transient","floor":39.0,"turns":5.0},{"damage":14.0,"enemies":"Sphere and 2 Shapes","floor":41.0,"turns":6.0},{"damage":9,"enemies":"Giant Head","floor":45,"turns":9},{"damage":6,"enemies":"Nemesis","floor":47,"turns":7},{"damage":33,"enemies":"Awakened One","floor":50,"turns":21}],"seed_played":"2099467831005410508","potions_obtained":[{"floor":2.0,"key":"Poison Potion"},{"floor":10.0,"key":"Explosive Potion"},{"floor":14.0,"key":"AttackPotion"},{"floor":16.0,"key":"SkillPotion"},{"floor":20.0,"key":"SpeedPotion"},{"floor":25.0,"key":"Energy Potion"},{"floor":27.0,"key":"GhostInAJar"},{"floor":28.0,"key":"AttackPotion"},{"floor":31.0,"key":"EntropicBrew"},{"floor":35.0,"key":"PowerPotion"},{"floor":39.0,"key":"SpeedPotion"},{"floor":41.0,"key":"Fire Potion"}],"is_trial":false,"path_per_floor":["M","M","M","?","M","R","E","R","T","E","$","E","$","M","R","B",null,"M","$","M","M","M","E","R","E","T","E","M","R","$","E","R","B",null,"M","?","M","$","M","R","M","R","T","R","E","?","E","?","R","B"],"character_chosen":"THE_SILENT","items_purchased":["Leg Sweep","Finesse","Footwork","Flechettes","SpeedPotion","Chemical X"],"campfire_rested":5,"item_purchase_floors":[11,11,13,30,30,38],"current_hp_per_floor":[77,77,76,65,60,60,48,71,71,51,51,47,47,45,45,45,77,73,73,73,72,61,54,54,47,47,26,22,48,48,45,71,49,87,62,62,52,52,28,54,40,66,66,66,57,57,51,97,97,64],"gold":48,"neow_bonus":"TEN_PERCENT_HP_BONUS","is_prod":false,"is_daily":false,"chose_seed":false,"campfire_upgraded":5,"win_rate":1,"timestamp":1537570069,"path_taken":["M","M","M","?","M","R","E","R","T","E","$","E","?","M","R","BOSS","M","$","M","M","M","E","R","E","T","E","M","R","$","E","R","BOSS","M","?","M","$","M","R","M","R","T","R","E","?","E","?","R","BOSS"],"build_version":"2018-09-20","purchased_purges":3,"victory":true,"max_hp_per_floor":[77,77,77,77,77,77,77,77,77,77,77,77,77,77,77,77,77,77,77,77,77,77,77,77,77,77,87,87,87,87,87,87,87,87,87,87,87,87,87,87,87,87,87,87,87,87,87,97,97,97],"card_choices":[{"not_picked":["Deflect","Sucker Punch"],"picked":"Dagger Throw","floor":1.0},{"not_picked":["Footwork","Outmaneuver"],"picked":"Well Laid Plans","floor":2.0},{"not_picked":["All Out Attack","Prepared"],"picked":"Deadly Poison","floor":3.0},{"not_picked":["Masterful Stab","Underhanded Strike"],"picked":"Backflip","floor":5.0},{"not_picked":["Tactician","Flechettes"],"picked":"Dodge and Roll","floor":7.0},{"not_picked":["Escape Plan","Die Die Die"],"picked":"Blur","floor":10.0},{"not_picked":["Finisher","Poisoned Stab"],"picked":"Noxious Fumes","floor":12.0},{"not_picked":["Slice","Calculated Gamble"],"picked":"Footwork","floor":14.0},{"not_picked":["Doppelganger","Tools of the Trade"],"picked":"Malaise","floor":16.0},{"not_picked":["Predator","Sucker Punch+1"],"picked":"Caltrops+1","floor":18.0},{"not_picked":["Poisoned Stab","Slice+1"],"picked":"Predator","floor":20.0},{"not_picked":["Terror","Quick Slash"],"picked":"Blur","floor":21.0},{"not_picked":["Deflect","Accuracy"],"picked":"Sucker Punch+1","floor":22.0},{"not_picked":["Flechettes","Acrobatics"],"picked":"Dagger Throw+1","floor":23.0},{"not_picked":["Envenom","Heel Hook+1"],"picked":"Bouncing Flask+1","floor":25.0},{"not_picked":["Choke","Outmaneuver"],"picked":"Footwork","floor":27.0},{"not_picked":["Acrobatics","Accuracy"],"picked":"Dagger Spray+1","floor":28.0},{"not_picked":["Sucker Punch","Reflex"],"picked":"A Thousand Cuts","floor":31.0},{"not_picked":["Unload","Malaise"],"picked":"Envenom","floor":33.0},{"not_picked":["Dagger Throw","Acrobatics"],"picked":"Prepared+1","floor":35.0},{"not_picked":["Eviscerate","PiercingWail"],"picked":"Leg Sweep","floor":37.0},{"not_picked":["Dagger Spray+1","Calculated Gamble+1","Slice+1"],"picked":"SKIP","floor":39.0},{"not_picked":["Deflect","Prepared","Quick Slash+1"],"picked":"SKIP","floor":41.0},{"not_picked":["Prepared+1","Phantasmal Killer"],"picked":"Heel Hook+1","floor":45},{"not_picked":["Backstab","Sucker Punch+1","Prepared"],"picked":"SKIP","floor":47}],"player_experience":105186,"relics_obtained":[{"floor":7.0,"key":"Sundial"},{"floor":9.0,"key":"Bottled Tornado"},{"floor":10.0,"key":"Bottled Flame"},{"floor":12.0,"key":"PreservedInsect"},{"floor":23.0,"key":"Orichalcum"},{"floor":25.0,"key":"Bronze Scales"},{"floor":26.0,"key":"Pantograph"},{"floor":27.0,"key":"Pear"},{"floor":31.0,"key":"Snake Skull"},{"floor":43.0,"key":"Kunai"},{"floor":45,"key":"Bag of Preparation"},{"floor":47,"key":"Mercury Hourglass"}],"event_choices":[{"event_name":"World of Goop","player_choice":"Gather Gold","floor":4.0,"damage_taken":0.0},{"event_name":"Upgrade Shrine","player_choice":"Upgraded","floor":36.0,"damage_taken":0.0},{"event_name":"Designer","player_choice":"Remove Card","floor":46,"damage_taken":0},{"event_name":"Bonfire Elementals","player_choice":"RARE","floor":48,"damage_taken":0}],"is_beta":false,"boss_relics":[{"not_picked":["Coffee Dripper","Empty Cage"],"picked":"Runic Pyramid"},{"not_picked":["Eternal Feather","Tiny House"],"picked":"Astrolabe"}],"items_purged_floors":[11,19,30],"is_endless":false,"potions_floor_spawned":[2,10,14,16,20,25,27,28,31,35,39,41],"ascension_level":3}