{"gold_per_floor":[109,59,59,70,81,81,61,61,61,78,89,102,102,112,112,207,207,227,246,38,57,68,68,68],"floor_reached":24,"playtime":1028,"items_purged":[],"score":192,"play_id":"cd089a9a-9084-40a9-a43a-de6d6478c2ac","local_time":"20190624213609","is_ascension_mode":false,"campfire_choices":[{"data":"Demon Form","floor":6.0,"key":"SMITH"},{"data":"Shockwave","floor":8.0,"key":"SMITH"},{"data":"Shrug It Off","floor":13.0,"key":"SMITH"},{"data":"Double Tap","floor":15.0,"key":"SMITH"},{"floor":23.0,"key":"REST"}],"neow_cost":"TEN_PERCENT_HP_LOSS","seed_source_timestamp":944429868699320,"circlet_count":0,"master_deck":["Strike_R","Strike_R","Strike_R","Strike_R","Defend_R","Defend_R","Defend_R","Bash","Demon Form+1","Shrug It Off+1","Shockwave+1","Double Tap+1","Metallicize"],"special_seed":0,"relics":["Burning Blood","Ornamental Fan","Black Star","Membership Card"],"potions_floor_usage":[24],"damage_taken":[{"damage":4.0,"enemies":"2 Louse","floor":1.0,"turns":4.0},{"damage":11.0,"enemies":"Jaw Worm","floor":4.0,"turns":6.0},{"damage":5.0,"enemies":"Cultist","floor":5.0,"turns":5.0},{"damage":0.0,"enemies":"2 Fungi Beasts","floor":10.0,"turns":6.0},{"damage":18.0,"enemies":"Gremlin Gang","floor":11.0,"turns":7.0},{"damage":4.0,"enemies":"Red Slaver","floor":12.0,"turns":6.0},{"damage":0.0,"enemies":"2 Fungi Beasts","floor":14.0,"turns":4.0},{"damage":21.0,"enemies":"Slime Boss","floor":16.0,"turns":7.0},{"damage":13.0,"enemies":"Chosen","floor":18.0,"turns":8.0},{"damage":12.0,"enemies":"Shell Parasite","floor":19.0,"turns":8.0},{"damage":3.0,"enemies":"Snecko","floor":21.0,"turns":5.0},{"damage":36.0,"enemies":"Snake Plant","floor":22.0,"turns":6.0},{"damage":59,"enemies":"Gremlin Leader","floor":24,"turns":5}],"seed_played":"-5328310268812531607","potions_obtained":[{"floor":1.0,"key":"Dexterity Potion"},{"floor":7.0,"key":"SteroidPotion"},{"floor":10.0,"key":"BloodPotion"},{"floor":11.0,"key":"Strength Potion"},{"floor":19.0,"key":"LiquidBronze"}],"is_trial":false,"path_per_floor":["M","?","?","M","M","R","?","R","T","M","M","M","R","M","R","B",null,"M","M","$","M","M","R","E"],"character_chosen":"IRONCLAD","items_purchased":["Membership Card"],"campfire_rested":1,"item_purchase_floors":[20],"current_hp_per_floor":[72,72,65,60,61,61,61,61,61,67,55,64,64,70,70,55,72,65,59,59,62,32,53,0],"gold":68,"neow_bonus":"THREE_RARE_CARDS","is_prod":false,"is_daily":false,"chose_seed":false,"campfire_upgraded":4,"win_rate":0,"timestamp":1561426569,"path_taken":["M","?","?","M","M","R","?","R","T","?","M","M","R","M","R","BOSS","M","M","$","M","M","R","E"],"build_version":"2019-01-23","purchased_purges":0,"victory":false,"max_hp_per_floor":[72,72,72,72,72,72,72,72,72,72,72,72,72,72,72,72,72,72,72,72,72,72,72,72],"card_choices":[{"not_picked":["Juggernaut","Bludgeon"],"picked":"Demon Form","floor":0.0},{"not_picked":["Havoc","Warcry"],"picked":"Shrug It Off","floor":1.0},{"not_picked":["Perfected Strike","Searing Blow","Clothesline"],"picked":"SKIP","floor":4.0},{"not_picked":["Iron Wave","Clothesline"],"picked":"Shockwave","floor":5.0},{"not_picked":["Combust","Shrug It Off","True Grit"],"picked":"SKIP","floor":10.0},{"not_picked":["Anger","Cleave","Wild Strike"],"picked":"SKIP","floor":11.0},{"not_picked":["Warcry","Spot Weakness","Carnage"],"picked":"SKIP","floor":12.0},{"not_picked":["Searing Blow","Pommel Strike"],"picked":"Double Tap","floor":14.0},{"not_picked":["True Grit","Feel No Pain","Anger"],"picked":"SKIP","floor":18.0},{"not_picked":["Iron Wave","Clash"],"picked":"Metallicize","floor":19.0},{"not_picked":["Shrug It Off","Combust","Ghostly Armor"],"picked":"SKIP","floor":21.0},{"not_picked":["Shrug It Off","Clothesline+1","Rampage"],"picked":"SKIP","floor":22.0}],"player_experience":411340,"relics_obtained":[{"floor":9.0,"key":"Ornamental Fan"}],"event_choices":[{"cards_removed":["Strike_R"],"damage_healed":0.0,"max_hp_gain":0.0,"max_hp_loss":0.0,"gold_gain":0.0,"event_name":"The Cleric","player_choice":"Card Removal","floor":2.0,"gold_loss":50.0,"damage_taken":0.0},{"cards_removed":["Defend_R"],"damage_healed":0.0,"max_hp_gain":0.0,"max_hp_loss":0.0,"gold_gain":0.0,"event_name":"Golden Wing","player_choice":"Card Removal","floor":3.0,"gold_loss":0.0,"damage_taken":7.0},{"damage_healed":0.0,"max_hp_gain":0.0,"max_hp_loss":0.0,"gold_gain":0.0,"event_name":"The Woman in Blue","player_choice":"Bought 1 Potion","floor":7.0,"gold_loss":0.0,"damage_taken":0.0}],"is_beta":false,"boss_relics":[{"not_picked":["Black Blood","Mark of Pain"],"picked":"Black Star"}],"items_purged_floors":[],"is_endless":false,"potions_floor_spawned":[1,10,11,19],"killed_by":"Gremlin Leader","ascension_level":0}