{"gold_per_floor":[20,20,20,33,33,74,38,78,78,103,103,119,119,132,132,255,255,269,285,210,210,210,210,21,34,58,58,58,101,65,80,80,80],"floor_reached":33,"playtime":1431,"items_purged":[],"score":298,"play_id":"fd7fff8d-d526-4122-b166-d20009c3c1b5","local_time":"20190820010539","is_ascension_mode":false,"campfire_choices":[{"floor":11.0,"key":"REST"},{"floor":15.0,"key":"REST"},{"floor":23.0,"key":"RECALL"},{"data":"Rainbow","floor":28.0,"key":"SMITH"},{"floor":32,"key":"REST"}],"neow_cost":"NO_GOLD","seed_source_timestamp":221548396608400,"circlet_count":0,"master_deck":["Strike_B+1","Strike_B+1","Strike_B+1","Defend_B+1","Defend_B+1","Defend_B+1","Defend_B+1","Zap","Dualcast","Auto Shields","Double Energy","White Noise","Self Repair","BootSequence","Darkness","Rainbow+1","Buffer","Leap","Forethought+1","Doom and Gloom","Skim","Genetic Algorithm+1","Melter","Consume"],"special_seed":0,"relics":["Cracked Core","Ice Cream","Golden Idol","Peace Pipe","Centennial Puzzle","Pen Nib","Sozu","Bronze Scales","War Paint","Orichalcum"],"potions_floor_usage":[33],"damage_taken":[{"damage":0.0,"enemies":"2 Louse","floor":1.0,"turns":2.0},{"damage":1.0,"enemies":"Jaw Worm","floor":4.0,"turns":4.0},{"damage":40.0,"enemies":"Gremlin Nob","floor":6.0,"turns":6.0},{"damage":0.0,"enemies":"Lagavulin","floor":8.0,"turns":7.0},{"damage":1.0,"enemies":"Cultist","floor":10.0,"turns":3.0},{"damage":13.0,"enemies":"3 Louse","floor":12.0,"turns":3.0},{"damage":9.0,"enemies":"Exordium Thugs","floor":14.0,"turns":4.0},{"damage":52.0,"enemies":"The Guardian","floor":16.0,"turns":11.0},{"damage":13.0,"enemies":"3 Byrds","floor":18.0,"turns":6.0},{"damage":0.0,"enemies":"Spheric Guardian","floor":19.0,"turns":5.0},{"damage":33.0,"enemies":"Shelled Parasite and Fungi","floor":25.0,"turns":6.0},{"damage":22.0,"enemies":"Gremlin Leader","floor":29.0,"turns":8.0},{"damage":10,"enemies":"Snake Plant","floor":31,"turns":4},{"damage":54,"enemies":"Champ","floor":33,"turns":14}],"seed_played":"8840628024997312238","potions_obtained":[{"floor":4.0,"key":"EntropicBrew"},{"floor":6.0,"key":"SkillPotion"},{"floor":10.0,"key":"Swift Potion"},{"floor":12.0,"key":"Poison Potion"},{"floor":16.0,"key":"Block Potion"}],"is_trial":false,"path_per_floor":["M","$","?","M","?","E","$","E","T","M","R","M","?","M","R","B",null,"M","M","?","?","?","R","$","M","T","?","R","E","$","M","R","B"],"character_chosen":"DEFECT","items_purchased":["Self Repair","Bronze Scales","Doom and Gloom","Melter"],"campfire_rested":3,"item_purchase_floors":[7,24,24,30],"current_hp_per_floor":[75,75,57,56,31,6,6,13,13,19,41,35,35,33,55,10,75,69,75,75,75,75,75,75,49,49,49,49,34,34,31,53,0],"gold":80,"neow_bonus":"ONE_RARE_RELIC","is_prod":false,"is_daily":false,"chose_seed":false,"campfire_upgraded":1,"win_rate":0,"timestamp":1566277539,"path_taken":["M","$","?","M","?","E","$","E","T","M","R","M","?","M","R","BOSS","M","M","?","?","?","R","$","?","T","?","R","E","$","M","R","BOSS"],"build_version":"2019-07-17","purchased_purges":0,"victory":false,"max_hp_per_floor":[75,75,75,75,75,75,75,75,75,75,75,75,75,75,75,75,75,75,75,75,75,75,75,75,75,75,75,75,75,75,75,75,75],"card_choices":[{"not_picked":["Streamline","Reinforced Body"],"picked":"Auto Shields","floor":1.0},{"not_picked":["Conserve Battery","Barrage"],"picked":"Double Energy","floor":4.0},{"not_picked":["FTL","Recycle"],"picked":"White Noise","floor":6.0},{"not_picked":["Fusion","BootSequence","Steam"],"picked":"SKIP","floor":8.0},{"not_picked":["Fusion","Steam"],"picked":"BootSequence","floor":8.0},{"not_picked":["Hello World","Fusion"],"picked":"Darkness","floor":10.0},{"not_picked":["Turbo","Rebound","Go for the Eyes"],"picked":"SKIP","floor":12.0},{"not_picked":["Sweeping Beam","Rebound"],"picked":"Rainbow","floor":14.0},{"not_picked":["Seek","Fission"],"picked":"Buffer","floor":16.0},{"not_picked":["Turbo","Compile Driver"],"picked":"Leap","floor":18.0},{"not_picked":["Stack","Leap","Steam"],"picked":"SKIP","floor":19.0},{"not_picked":["Chill","Hologram+1"],"picked":"Skim","floor":25.0},{"not_picked":["Barrage","Cold Snap"],"picked":"Genetic Algorithm+1","floor":29.0},{"not_picked":["Coolheaded","Capacitor"],"picked":"Consume","floor":31}],"player_experience":547031,"relics_obtained":[{"floor":6.0,"key":"Centennial Puzzle"},{"floor":8.0,"key":"Pen Nib"},{"floor":26.0,"key":"War Paint"},{"floor":29.0,"key":"Orichalcum"}],"event_choices":[{"damage_healed":0.0,"max_hp_gain":0.0,"max_hp_loss":0.0,"gold_gain":0.0,"event_name":"Golden Idol","player_choice":"Take Damage","floor":3.0,"gold_loss":0.0,"damage_taken":18.0,"relics_obtained":["Golden Idol"]},{"damage_healed":0.0,"max_hp_gain":0.0,"max_hp_loss":0.0,"gold_gain":0.0,"event_name":"Scrap Ooze","player_choice":"Success","floor":5.0,"gold_loss":0.0,"damage_taken":25.0,"relics_obtained":["Peace Pipe"]},{"damage_healed":0.0,"max_hp_gain":0.0,"max_hp_loss":0.0,"gold_gain":0.0,"event_name":"Liars Game","player_choice":"Ignored","floor":13.0,"gold_loss":0.0,"damage_taken":0.0},{"cards_removed":["Strike_B"],"damage_healed":0.0,"max_hp_gain":0.0,"max_hp_loss":0.0,"gold_gain":0.0,"event_name":"Beggar","player_choice":"Gave Gold","floor":20.0,"gold_loss":75.0,"damage_taken":0.0},{"damage_healed":0.0,"max_hp_gain":0.0,"max_hp_loss":0.0,"gold_gain":0.0,"event_name":"Vampires","player_choice":"Ignored","floor":21.0,"gold_loss":0.0,"damage_taken":0.0},{"damage_healed":0.0,"max_hp_gain":0.0,"max_hp_loss":0.0,"gold_gain":0.0,"event_name":"Match and Keep!","player_choice":"1 cards matched","floor":22.0,"gold_loss":0.0,"damage_taken":0.0,"cards_obtained":["Forethought"]},{"damage_healed":0.0,"max_hp_gain":0.0,"max_hp_loss":0.0,"gold_gain":0.0,"event_name":"Back to Basics","player_choice":"Simplicity","floor":27.0,"gold_loss":0.0,"damage_taken":0.0,"cards_upgraded":["Strike_B","Strike_B","Strike_B","Defend_B","Defend_B","Defend_B"]}],"is_beta":false,"boss_relics":[{"not_picked":["Runic Dome","Pandora\u0027s Box"],"picked":"Sozu"}],"items_purged_floors":[],"is_endless":false,"potions_floor_spawned":[4,6,10,12,16,18,29],"killed_by":"Champ","ascension_level":0}