{"gold_per_floor":[144,189,39,84,84,174,219,20,20,65,110,110,275,320,320,620,620,665,665,710,635,143,143,188,233,233,278,323,323,323,23,23,323,323,368,413,458,28,128,128,128,128,128,128,128,173,218,263,263,263],"floor_reached":51,"playtime":5404,"items_purged":["Regret","Doubt"],"score":678,"play_id":"64e542e4-145d-4dde-b8db-c4508cdffaa2","local_time":"20180718005539","daily_mods":["Allstar","Midas","Night Terrors"],"is_ascension_mode":false,"campfire_choices":[{"floor":12,"key":"REST"},{"floor":15,"key":"REST"},{"floor":23,"key":"DIG"},{"floor":29,"key":"DIG"},{"floor":32,"key":"DIG"},{"floor":40,"key":"DIG"},{"floor":42,"key":"DIG"},{"floor":49,"key":"DIG"}],"neow_cost":"","seed_source_timestamp":0,"circlet_count":0,"master_deck":["Defend_G","Defend_G","Defend_G","Defend_G","Strike_G","Strike_G","Strike_G","Strike_G","Strike_G","Survivor","Neutralize","Secret Technique","Secret Technique","Panacea","Sadistic Nature","Panache","Dash","Dagger Throw","Heel Hook","Malaise","Blur","Apotheosis+1","Noxious Fumes","Malaise","Setup","Catalyst","Venomology","Prepared","Malaise","Footwork","Flechettes","Catalyst","Blur","Escape Plan+1","Accuracy","Escape Plan","Adrenaline","Distraction+1","Bane+1","Outmaneuver+1","Accuracy","Doubt","Pain","Noxious Fumes","Terror+1","Deflect+1"],"special_seed":17729,"relics":["Ring of the Snake","Blood Vial","Mercury Hourglass","Question Card","Bronze Scales","Calling Bell","Lantern","Ninja Scroll","Shovel","Potion Belt","Gremlin Horn","Gambling Chip","Bag of Marbles","CultistMask","Ice Cream","Vajra","Cursed Key","Bottled Flame","Darkstone Periapt","Pen Nib","Strawberry","Ancient Tea Set"],"potions_floor_usage":[6,11,16,16,16,20,24,24,25,27,27,33,33,36,37,47,48,50,50,50,50,50,50],"damage_taken":[{"damage":6,"enemies":"Jaw Worm","floor":1,"turns":6},{"damage":0,"enemies":"2 Louse","floor":2,"turns":3},{"damage":9,"enemies":"Cultist","floor":4,"turns":4},{"damage":14,"enemies":"3 Sentries","floor":6,"turns":7},{"damage":0,"enemies":"Gremlin Gang","floor":7,"turns":3},{"damage":2,"enemies":"Blue Slaver","floor":10,"turns":3},{"damage":0,"enemies":"Large Slime","floor":11,"turns":4},{"damage":8,"enemies":"3 Sentries","floor":13,"turns":5},{"damage":0,"enemies":"3 Louse","floor":14,"turns":2},{"damage":3,"enemies":"The Guardian","floor":16,"turns":6},{"damage":0,"enemies":"Chosen","floor":18,"turns":4},{"damage":0,"enemies":"Spheric Guardian","floor":20,"turns":3},{"damage":4,"enemies":"Snecko","floor":24,"turns":7},{"damage":0,"enemies":"Chosen and Byrds","floor":25,"turns":7},{"damage":6,"enemies":"Centurion and Healer","floor":27,"turns":6},{"damage":0,"enemies":"Cultist and Chosen","floor":28,"turns":6},{"damage":16,"enemies":"Collector","floor":33,"turns":10},{"damage":0,"enemies":"3 Shapes","floor":35,"turns":2},{"damage":0,"enemies":"Flame Bruiser 1 Orb","floor":36,"turns":3},{"damage":12,"enemies":"Transient","floor":37,"turns":5},{"damage":2,"enemies":"Spire Growth","floor":46,"turns":5},{"damage":8,"enemies":"Sphere and 2 Shapes","floor":47,"turns":4},{"damage":3,"enemies":"Maw","floor":48,"turns":5},{"damage":16,"enemies":"Time Eater","floor":50,"turns":10}],"seed_played":"-6709258171721631228","potions_obtained":[{"floor":4,"key":"AttackPotion"},{"floor":6,"key":"SkillPotion"},{"floor":7,"key":"Explosive Potion"},{"floor":11,"key":"SkillPotion"},{"floor":13,"key":"PowerPotion"},{"floor":14,"key":"PowerPotion"},{"floor":20,"key":"GamblersBrew"},{"floor":24,"key":"Block Potion"},{"floor":33,"key":"GamblersBrew"},{"floor":36,"key":"Dexterity Potion"},{"floor":37,"key":"EssenceOfSteel"},{"floor":46,"key":"Poison Potion"}],"is_trial":false,"path_per_floor":["M","M","$","M","?","E","M","$","T","M","M","R","?","M","R","B",null,"M","?","M","?","$","R","M","M","T","M","M","R","?","$","R","B",null,"M","M","M","$","?","R","?","R","T","?","?","M","M","M","R","B"],"character_chosen":"THE_SILENT","items_purchased":["Blood Vial","Apotheosis","Footwork","Flechettes","Potion Belt","Catalyst","Blur","Ice Cream","Bottled Flame","Accuracy"],"campfire_rested":2,"item_purchase_floors":[3,8,22,22,22,22,22,31,38,38],"current_hp_per_floor":[64,64,64,57,70,56,58,58,58,58,60,65,57,59,60,57,60,60,60,60,60,60,60,56,58,58,54,56,56,56,56,56,42,60,60,60,48,48,48,48,66,66,79,79,79,77,71,70,70,56],"gold":263,"neow_bonus":"","is_prod":false,"is_daily":true,"chose_seed":false,"campfire_upgraded":0,"win_rate":0,"timestamp":1531846539,"path_taken":["M","M","$","M","?","E","M","$","T","M","M","R","?","M","R","BOSS","M","?","?","?","$","R","M","M","T","?","M","R","?","$","R","BOSS","M","?","M","$","?","R","?","R","T","?","?","M","M","M","R","BOSS"],"build_version":"2018-07-12","purchased_purges":2,"victory":true,"max_hp_per_floor":[70,70,70,70,70,70,70,70,70,70,70,65,65,65,60,60,60,60,60,60,60,60,60,60,60,60,60,60,60,60,60,60,60,60,60,60,60,60,60,60,66,66,79,79,79,79,79,79,79,79],"card_choices":[{"not_picked":["Acrobatics","Prepared"],"picked":"Dash","floor":1},{"not_picked":["Sucker Punch","Bane"],"picked":"Dagger Throw","floor":2},{"not_picked":["Deflect","Deadly Poison"],"picked":"Heel Hook","floor":4},{"not_picked":["Prepared","Quick Slash"],"picked":"Malaise","floor":6},{"not_picked":["Blade Dance","Sucker Punch"],"picked":"Blur","floor":7},{"not_picked":["Predator","Slice","Outmaneuver"],"picked":"Noxious Fumes","floor":10},{"not_picked":["Masterful Stab","Endless Agony","Leg Sweep"],"picked":"Malaise","floor":11},{"not_picked":["Outmaneuver","Quick Slash","Bane"],"picked":"Setup","floor":13},{"not_picked":["Bane","Poisoned Stab","Acrobatics"],"picked":"Catalyst","floor":14},{"not_picked":["Night Terror","Doppelganger","A Thousand Cuts"],"picked":"Venomology","floor":16},{"not_picked":["Expertise","Masterful Stab","Acrobatics"],"picked":"Prepared","floor":18},{"not_picked":["Underhanded Strike+1","Infinite Blades","Skewer"],"picked":"Malaise","floor":20},{"not_picked":["Flechettes","Backflip","Flying Knee+1"],"picked":"Escape Plan+1","floor":24},{"not_picked":["Endless Agony","Deadly Poison+1","Underhanded Strike+1"],"picked":"Accuracy","floor":25},{"not_picked":["Night Terror","Dagger Spray","Skewer"],"picked":"Escape Plan","floor":27},{"not_picked":["Dagger Throw","Quick Slash+1","Slice","Deadly Poison+1"],"picked":"SKIP","floor":28},{"not_picked":["Tactician","Envenom","Glass Knife"],"picked":"Adrenaline","floor":33},{"not_picked":["Flechettes+1","Outmaneuver","Bane+1"],"picked":"Distraction+1","floor":35},{"not_picked":["Slice","Masterful Stab","Dagger Spray"],"picked":"Bane+1","floor":36},{"not_picked":["Poisoned Stab+1","Backstab","Underhanded Strike"],"picked":"Outmaneuver+1","floor":37},{"not_picked":["Underhanded Strike+1","PiercingWail","Malaise"],"picked":"Noxious Fumes","floor":46},{"not_picked":["Dagger Spray","Deadly Poison","PiercingWail+1"],"picked":"Terror+1","floor":47},{"not_picked":["Leg Sweep","Flying Knee","Malaise+1"],"picked":"Deflect+1","floor":48}],"player_experience":766949,"relics_obtained":[{"floor":6,"key":"Mercury Hourglass"},{"floor":9,"key":"Question Card"},{"floor":17,"key":"Lantern"},{"floor":17,"key":"Ninja Scroll"},{"floor":17,"key":"Shovel"},{"floor":23,"key":"Gremlin Horn"},{"floor":26,"key":"Gambling Chip"},{"floor":29,"key":"Bag of Marbles"},{"floor":32,"key":"Vajra"},{"floor":40,"key":"Darkstone Periapt"},{"floor":42,"key":"Pen Nib"},{"floor":43,"key":"Strawberry"},{"floor":49,"key":"Ancient Tea Set"}],"event_choices":[{"event_name":"Big Fish","player_choice":"Banana","floor":5,"damage_taken":0},{"event_name":"Dead Adventurer","player_choice":"Searched \u00272\u0027 times","floor":13,"damage_taken":0},{"event_name":"Accursed Blacksmith","player_choice":"Forge","floor":19,"damage_taken":0},{"event_name":"Beggar","player_choice":"Gave Gold","floor":21,"damage_taken":0},{"event_name":"FaceTrader","player_choice":"Trade","floor":30,"damage_taken":0},{"event_name":"Golden Shrine","player_choice":"Pray","floor":39,"damage_taken":0},{"event_name":"MindBloom","player_choice":"Heal","floor":41,"damage_taken":0},{"event_name":"Falling","player_choice":"Removed Skill","floor":44,"damage_taken":0},{"event_name":"Match and Keep!","player_choice":"0 cards matched","floor":45,"damage_taken":0}],"boss_relics":[{"not_picked":["Eternal Feather","Orrery"],"picked":"Calling Bell"},{"not_picked":["Empty Cage","Runic Dome"],"picked":"Cursed Key"}],"items_purged_floors":[22,38],"is_endless":false,"potions_floor_spawned":[4,6,7,11,13,14,20,24,33,36,37,46,48],"ascension_level":0}