{"gold_per_floor":[117,83,93,104,117,148,148,148,148,148,148,172,185,200,200,329,329,354,354,354,131,154,154,187,187,187,187,206,227,84,97,97,223,223,246,58,58,72,140,140,154,154,154,154,169,294,33,54,54,54],"floor_reached":51,"playtime":3506,"items_purged":["Injury"],"score":911,"play_id":"e1e56df3-1b94-42b5-a62b-c04bcb9cff98","local_time":"20190608174303","is_ascension_mode":true,"campfire_choices":[{"floor":8.0,"key":"REST"},{"data":"Noxious Fumes","floor":11.0,"key":"SMITH"},{"data":"Crippling Poison","floor":15.0,"key":"SMITH"},{"floor":23,"key":"REST"},{"data":"RitualDagger","floor":25,"key":"SMITH"},{"data":"Blur","floor":32,"key":"SMITH"},{"floor":40,"key":"REST"},{"data":"Footwork","floor":42,"key":"SMITH"},{"data":"Deadly Poison","floor":44,"key":"SMITH"},{"data":"Footwork","floor":49,"key":"SMITH"}],"neow_cost":"NONE","seed_source_timestamp":3643213976371,"circlet_count":0,"master_deck":["Defend_G","Defend_G","Defend_G","Defend_G","Defend_G","Survivor","Neutralize","Prepared","Masterful Stab","Tactician","Noxious Fumes+1","Deadly Poison+1","Poisoned Stab","Crippling Poison+1","Die Die Die","Blur+1","RitualDagger+1","Noxious Fumes+1","Venomology","Backflip+1","Leg Sweep+1","Bite","Bite","Bite","Bite","Bite","Dodge and Roll","Underhanded Strike","Flying Knee+1","Footwork+1","Leg Sweep+1","Bouncing Flask+1","Outmaneuver+1","Footwork+1","Dodge and Roll"],"special_seed":0,"relics":["Velvet Choker","Boot","Golden Idol","Pantograph","Runic Pyramid","Ornamental Fan","Ice Cream","Juzu Bracelet","Eternal Feather","Orichalcum","Bird Faced Urn","PreservedInsect","Incense Burner","Oddly Smooth Stone"],"potions_floor_usage":[24,28,29,29,31,31,31,31,31,31,33,39,39,39,41,46,48,50,50,50],"damage_taken":[{"damage":0.0,"enemies":"Cultist","floor":1.0,"turns":4.0},{"damage":0.0,"enemies":"2 Louse","floor":3.0,"turns":3.0},{"damage":0.0,"enemies":"Small Slimes","floor":4.0,"turns":3.0},{"damage":30.0,"enemies":"Exordium Thugs","floor":5.0,"turns":7.0},{"damage":20.0,"enemies":"3 Sentries","floor":6.0,"turns":7.0},{"damage":0.0,"enemies":"3 Louse","floor":12.0,"turns":3.0},{"damage":10.0,"enemies":"2 Fungi Beasts","floor":13.0,"turns":4.0},{"damage":11.0,"enemies":"Exordium Wildlife","floor":14.0,"turns":5.0},{"damage":46.0,"enemies":"Slime Boss","floor":16.0,"turns":12.0},{"damage":2.0,"enemies":"Shell Parasite","floor":18.0,"turns":5.0},{"damage":15,"enemies":"Spheric Guardian","floor":22,"turns":5},{"damage":2,"enemies":"Gremlin Leader","floor":24,"turns":6},{"damage":0,"enemies":"Centurion and Healer","floor":28,"turns":5},{"damage":3,"enemies":"Cultist and Chosen","floor":29,"turns":6},{"damage":20,"enemies":"Snake Plant","floor":31,"turns":4},{"damage":46,"enemies":"Collector","floor":33,"turns":9},{"damage":1,"enemies":"Orb Walker","floor":35,"turns":5},{"damage":14,"enemies":"3 Darklings","floor":38,"turns":4},{"damage":41,"enemies":"2 Orb Walkers","floor":39,"turns":4},{"damage":51,"enemies":"Spire Growth","floor":41,"turns":7},{"damage":12,"enemies":"Sphere and 2 Shapes","floor":45,"turns":8},{"damage":0,"enemies":"Mind Bloom Boss Battle","floor":46,"turns":6},{"damage":0,"enemies":"Maw","floor":48,"turns":9},{"damage":19,"enemies":"Time Eater","floor":50,"turns":13}],"seed_played":"7364003308369312487","potions_obtained":[{"floor":3.0,"key":"Weak Potion"},{"floor":12.0,"key":"EssenceOfSteel"},{"floor":16.0,"key":"Block Potion"},{"floor":18.0,"key":"SpeedPotion"},{"floor":29,"key":"Explosive Potion"},{"floor":33,"key":"Regen Potion"},{"floor":35,"key":"Fire Potion"},{"floor":39,"key":"GhostInAJar"}],"is_trial":false,"path_per_floor":["M","$","M","M","M","E","?","R","T","?","R","M","M","M","R","B",null,"M","?","?","$","M","R","E","R","T","?","M","M","$","M","R","B",null,"M","$","?","M","?","R","M","R","T","R","M","?","$","M","R","B",null],"character_chosen":"THE_SILENT","items_purchased":["Masterful Stab","Venomology","Juzu Bracelet","Footwork","Orichalcum","Oddly Smooth Stone","Footwork","Dodge and Roll"],"campfire_rested":3,"item_purchase_floors":[2,21,30,36,36,47,47,47],"current_hp_per_floor":[63,63,63,63,33,13,13,34,34,57,57,57,47,36,36,15,56,54,48,48,48,33,54,52,52,52,49,49,49,49,33,33,32,45,49,49,47,39,18,47,12,30,30,47,47,47,47,47,47,32],"gold":54,"neow_bonus":"BOSS_RELIC","is_prod":false,"is_daily":false,"chose_seed":false,"campfire_upgraded":7,"win_rate":0,"timestamp":1560030183,"path_taken":["M","?","M","M","M","E","?","R","T","?","R","M","M","M","R","BOSS","M","?","?","$","?","R","E","R","T","?","M","M","?","M","R","BOSS","M","$","?","M","?","R","M","R","T","R","M","?","$","M","R","BOSS"],"build_version":"2019-01-23","purchased_purges":1,"victory":true,"max_hp_per_floor":[70,70,70,70,70,70,70,70,70,70,70,70,70,70,70,70,70,70,70,70,70,70,70,70,70,70,49,49,49,49,49,49,49,49,49,49,47,47,47,47,47,47,47,47,47,47,47,47,47,47],"card_choices":[{"not_picked":["Underhanded Strike","Bane"],"picked":"Prepared","floor":1.0},{"not_picked":["Underhanded Strike","Bane"],"picked":"Tactician","floor":3.0},{"not_picked":["Dodge and Roll","PiercingWail"],"picked":"Noxious Fumes","floor":4.0},{"not_picked":["Escape Plan","Riddle With Holes"],"picked":"Deadly Poison","floor":5.0},{"not_picked":["Concentrate","Dagger Spray"],"picked":"Poisoned Stab","floor":6.0},{"not_picked":["Flechettes","Outmaneuver","Endless Agony"],"picked":"SKIP","floor":12.0},{"not_picked":["Acrobatics","Well Laid Plans"],"picked":"Crippling Poison","floor":13.0},{"not_picked":["Caltrops","Skewer","Poisoned Stab"],"picked":"SKIP","floor":14.0},{"not_picked":["Doppelganger","Tools of the Trade"],"picked":"Die Die Die","floor":16.0},{"not_picked":["All Out Attack","Flying Knee"],"picked":"Blur","floor":18.0},{"not_picked":["Poisoned Stab+1","Slice"],"picked":"Backflip+1","floor":22},{"not_picked":["Poisoned Stab+1","Blade Dance+1"],"picked":"Leg Sweep+1","floor":24},{"not_picked":["Sucker Punch","Well Laid Plans"],"picked":"Dodge and Roll","floor":28},{"not_picked":["Escape Plan+1","Tools of the Trade"],"picked":"Underhanded Strike","floor":29},{"not_picked":["PiercingWail","Quick Slash","Acrobatics"],"picked":"SKIP","floor":31},{"not_picked":["PiercingWail","Quick Slash","Acrobatics"],"picked":"SKIP","floor":31},{"not_picked":["Cloak And Dagger+1","PiercingWail+1"],"picked":"Flying Knee+1","floor":35},{"not_picked":["PiercingWail","Acrobatics+1","Poisoned Stab"],"picked":"SKIP","floor":38},{"not_picked":["PiercingWail+1","Phantasmal Killer"],"picked":"Leg Sweep+1","floor":41},{"not_picked":["Bane","Dagger Spray+1"],"picked":"Bouncing Flask+1","floor":45},{"not_picked":["Leg Sweep","Quick Slash"],"picked":"Outmaneuver+1","floor":46},{"not_picked":["Sucker Punch+1","Outmaneuver+1","Quick Slash+1"],"picked":"SKIP","floor":48}],"player_experience":329606,"relics_obtained":[{"floor":6.0,"key":"Boot"},{"floor":9.0,"key":"Pantograph"},{"floor":24,"key":"Ornamental Fan"},{"floor":26,"key":"Ice Cream"},{"floor":39,"key":"Bird Faced Urn"},{"floor":43,"key":"PreservedInsect"},{"floor":46,"key":"Incense Burner"}],"event_choices":[{"damage_healed":0.0,"max_hp_gain":0.0,"max_hp_loss":0.0,"gold_gain":0.0,"event_name":"Golden Idol","player_choice":"Take Wound","floor":7.0,"gold_loss":0.0,"damage_taken":0.0,"relics_obtained":["Golden Idol"],"cards_obtained":["Injury"]},{"damage_healed":23.0,"max_hp_gain":0.0,"max_hp_loss":0.0,"gold_gain":0.0,"event_name":"Big Fish","player_choice":"Banana","floor":10.0,"gold_loss":0.0,"damage_taken":0.0},{"damage_healed":0.0,"max_hp_gain":0.0,"max_hp_loss":0.0,"gold_gain":0.0,"event_name":"Nest","player_choice":"Joined the Cult","floor":19.0,"gold_loss":0.0,"damage_taken":6.0,"cards_obtained":["RitualDagger"]},{"damage_healed":0.0,"max_hp_gain":0.0,"max_hp_loss":0.0,"gold_gain":0.0,"event_name":"Duplicator","player_choice":"Copied","floor":20.0,"gold_loss":0.0,"damage_taken":0.0,"cards_obtained":["Noxious Fumes"]},{"damage_healed":0,"gold_gain":0,"player_choice":"Became a vampire","damage_taken":0,"max_hp_gain":0,"max_hp_loss":21,"event_name":"Vampires","floor":27,"gold_loss":0,"cards_obtained":["Bite","Bite","Bite","Bite","Bite"]},{"damage_healed":0,"gold_gain":0,"player_choice":"Max HP","damage_taken":0,"max_hp_gain":0,"max_hp_loss":2,"event_name":"Winding Halls","floor":37,"gold_loss":0},{"damage_healed":0,"gold_gain":0,"player_choice":"Fight","damage_taken":0,"max_hp_gain":0,"max_hp_loss":0,"event_name":"Mysterious Sphere","floor":39,"gold_loss":0},{"damage_healed":0,"gold_gain":0,"player_choice":"Fight","damage_taken":0,"max_hp_gain":0,"max_hp_loss":0,"event_name":"MindBloom","floor":46,"gold_loss":0}],"is_beta":false,"boss_relics":[{"not_picked":["Astrolabe","Orrery"],"picked":"Runic Pyramid"},{"not_picked":["Runic Dome","Calling Bell"],"picked":"Eternal Feather"}],"items_purged_floors":[21],"is_endless":false,"potions_floor_spawned":[3,12,16,18,29,33,35,38,39],"ascension_level":7}