{"gold_per_floor":[116,132,145,70,70,70,103,117,117,149,149,149,161,181,181,279,279,294,194,210,229,244,270,145,145,171,171,21,39,58,71,71,176,176,193,212,222,47,64,98,98,131,131,131,131,148,163,163,163,163],"floor_reached":51,"playtime":3142,"items_purged":["Strike_R","Perfected Strike","Infernal Blade","Battle Trance","Whirlwind"],"score":868,"play_id":"b413ab4c-b76a-463d-9e92-859e0ab89af4","local_time":"20190911230738","is_ascension_mode":false,"campfire_choices":[{"data":"Rage","floor":6.0,"key":"SMITH"},{"data":"Whirlwind","floor":12.0,"key":"SMITH"},{"floor":15.0,"key":"REST"},{"data":"Barricade","floor":27.0,"key":"SMITH"},{"data":"Bash","floor":32.0,"key":"SMITH"},{"floor":41.0,"key":"REST"},{"floor":49.0,"key":"REST"}],"neow_cost":"PERCENT_DAMAGE","seed_source_timestamp":528388639551500,"circlet_count":0,"master_deck":["Bash+1","Whirlwind+1","Rage+1","Pommel Strike+1","Offering","Barricade+1"],"special_seed":0,"relics":["Burning Blood","Potion Belt","Anchor","Darkstone Periapt","Pandora\u0027s Box","Charon\u0027s Ashes","Art of War","Runic Dome","Centennial Puzzle","Blue Candle","Juzu Bracelet"],"potions_floor_usage":[50,50,50,50],"damage_taken":[{"damage":6.0,"enemies":"2 Louse","floor":1.0,"turns":2.0},{"damage":1.0,"enemies":"Jaw Worm","floor":2.0,"turns":4.0},{"damage":2.0,"enemies":"Cultist","floor":3.0,"turns":4.0},{"damage":24.0,"enemies":"Lagavulin","floor":7.0,"turns":7.0},{"damage":9.0,"enemies":"Blue Slaver","floor":8.0,"turns":3.0},{"damage":29.0,"enemies":"3 Sentries","floor":10.0,"turns":9.0},{"damage":0.0,"enemies":"Lots of Slimes","floor":13.0,"turns":1.0},{"damage":0.0,"enemies":"Looter","floor":14.0,"turns":3.0},{"damage":2.0,"enemies":"Slime Boss","floor":16.0,"turns":11.0},{"damage":6.0,"enemies":"Chosen","floor":18.0,"turns":3.0},{"damage":0.0,"enemies":"3 Byrds","floor":20.0,"turns":2.0},{"damage":7.0,"enemies":"Snake Plant","floor":21.0,"turns":3.0},{"damage":6.0,"enemies":"Centurion and Healer","floor":22.0,"turns":5.0},{"damage":19.0,"enemies":"Book of Stabbing","floor":23.0,"turns":4.0},{"damage":0.0,"enemies":"Sentry and Sphere","floor":29.0,"turns":7.0},{"damage":6.0,"enemies":"Chosen and Byrds","floor":30.0,"turns":4.0},{"damage":6.0,"enemies":"Snake Plant","floor":31.0,"turns":3.0},{"damage":6.0,"enemies":"Champ","floor":33.0,"turns":23.0},{"damage":6.0,"enemies":"Orb Walker","floor":35.0,"turns":3.0},{"damage":11.0,"enemies":"3 Shapes","floor":36.0,"turns":2.0},{"damage":6.0,"enemies":"Spire Growth","floor":37.0,"turns":5.0},{"damage":6.0,"enemies":"Writhing Mass","floor":39.0,"turns":6.0},{"damage":30.0,"enemies":"Giant Head","floor":40.0,"turns":10.0},{"damage":38.0,"enemies":"Nemesis","floor":42.0,"turns":9.0},{"damage":6.0,"enemies":"Sphere and 2 Shapes","floor":46.0,"turns":2.0},{"damage":6.0,"enemies":"Transient","floor":47.0,"turns":5.0},{"damage":57,"enemies":"Donu and Deca","floor":50,"turns":12}],"seed_played":"958736434898643460","potions_obtained":[{"floor":2.0,"key":"FearPotion"},{"floor":3.0,"key":"Swift Potion"},{"floor":7.0,"key":"SpeedPotion"},{"floor":14.0,"key":"Ancient Potion"},{"floor":22.0,"key":"Regen Potion"},{"floor":23.0,"key":"Dexterity Potion"},{"floor":30.0,"key":"LiquidBronze"},{"floor":35.0,"key":"Regen Potion"},{"floor":36.0,"key":"EssenceOfSteel"},{"floor":46.0,"key":"Dexterity Potion"},{"floor":47.0,"key":"Ancient Potion"}],"is_trial":false,"path_per_floor":["M","M","M","$","?","R","E","M","T","E","?","R","M","M","R","B",null,"M","$","M","M","M","E","$","?","T","R","$","M","M","M","R","B",null,"M","M","M","$","M","E","R","E","T","?","?","M","M","$","R","B",null],"character_chosen":"IRONCLAD","items_purchased":[],"campfire_rested":3,"item_purchase_floors":[],"current_hp_per_floor":[56,61,65,65,65,65,47,44,44,21,21,21,27,33,57,61,80,80,80,80,79,79,66,66,66,66,66,66,72,72,72,72,72,80,80,75,75,75,75,51,75,52,52,52,52,52,52,52,76,40],"gold":163,"neow_bonus":"TRANSFORM_TWO_CARDS","is_prod":false,"is_daily":false,"chose_seed":false,"campfire_upgraded":4,"win_rate":0,"timestamp":1568268458,"path_taken":["M","M","M","$","?","R","E","M","T","E","?","R","M","?","R","BOSS","M","$","M","M","M","E","$","?","T","R","$","?","M","M","R","BOSS","M","M","M","$","M","E","R","E","T","?","?","M","M","?","R","BOSS"],"build_version":"2019-07-17","purchased_purges":5,"victory":true,"max_hp_per_floor":[80,80,80,80,80,80,80,80,80,80,80,80,80,80,80,80,80,80,80,80,80,80,80,80,80,80,80,80,80,80,80,80,80,80,80,80,80,80,80,80,80,80,80,80,80,80,80,80,80,80],"card_choices":[{"not_picked":["Body Slam","Pummel","Dual Wield"],"picked":"SKIP","floor":1.0},{"not_picked":["Thunderclap","Wild Strike","Armaments"],"picked":"SKIP","floor":2.0},{"not_picked":["Perfected Strike","Anger","Warcry"],"picked":"SKIP","floor":3.0},{"not_picked":["Battle Trance","Armaments","Anger"],"picked":"SKIP","floor":7.0},{"not_picked":["Sword Boomerang","Power Through","Clash"],"picked":"SKIP","floor":8.0},{"not_picked":["Intimidate","Clothesline","Corruption"],"picked":"SKIP","floor":10.0},{"not_picked":["Thunderclap","Sword Boomerang","Ghostly Armor"],"picked":"SKIP","floor":13.0},{"not_picked":["Iron Wave","Twin Strike"],"picked":"Pommel Strike","floor":14.0},{"not_picked":["Fiend Fire","Immolate"],"picked":"Offering","floor":16.0},{"not_picked":["Cleave","Anger","Second Wind"],"picked":"SKIP","floor":18.0},{"not_picked":["Wild Strike","Heavy Blade","Clothesline"],"picked":"SKIP","floor":20.0},{"not_picked":["Wild Strike","Heavy Blade","Clothesline"],"picked":"SKIP","floor":20.0},{"not_picked":["Warcry+1","Flame Barrier","Dual Wield"],"picked":"SKIP","floor":21.0},{"not_picked":["Wild Strike","Clothesline+1","Iron Wave"],"picked":"SKIP","floor":22.0},{"not_picked":["True Grit","Havoc","Perfected Strike+1"],"picked":"SKIP","floor":23.0},{"not_picked":["Havoc","Sever Soul","Searing Blow+1"],"picked":"SKIP","floor":29.0},{"not_picked":["Havoc","Sever Soul","Searing Blow+1"],"picked":"SKIP","floor":29.0},{"not_picked":["Second Wind+1","Double Tap","Bloodletting"],"picked":"SKIP","floor":30.0},{"not_picked":["Pommel Strike","Body Slam","Shrug It Off+1"],"picked":"SKIP","floor":31.0},{"not_picked":["Hemokinesis","Perfected Strike+1","Evolve+1"],"picked":"SKIP","floor":35.0},{"not_picked":["Shrug It Off+1","Heavy Blade","Perfected Strike"],"picked":"SKIP","floor":36.0},{"not_picked":["Havoc","Armaments","Shrug It Off+1"],"picked":"SKIP","floor":37.0},{"not_picked":["Flame Barrier","Thunderclap","Flex"],"picked":"SKIP","floor":39.0},{"not_picked":["Rupture+1","Rage","Intimidate+1"],"picked":"SKIP","floor":40.0},{"not_picked":["Barricade","Armaments+1","Shrug It Off+1"],"picked":"SKIP","floor":42.0},{"not_picked":["Spot Weakness+1","Flex+1","Feel No Pain"],"picked":"SKIP","floor":46.0},{"not_picked":["True Grit","Twin Strike+1","Entrench"],"picked":"SKIP","floor":47.0}],"player_experience":928265,"relics_obtained":[{"floor":7.0,"key":"Potion Belt"},{"floor":9.0,"key":"Anchor"},{"floor":10.0,"key":"Darkstone Periapt"},{"floor":23.0,"key":"Charon\u0027s Ashes"},{"floor":26.0,"key":"Art of War"},{"floor":40.0,"key":"Centennial Puzzle"},{"floor":42.0,"key":"Blue Candle"},{"floor":43.0,"key":"Juzu Bracelet"}],"event_choices":[{"cards_removed":["Defend_R"],"damage_healed":0.0,"max_hp_gain":0.0,"max_hp_loss":0.0,"gold_gain":0.0,"event_name":"Living Wall","player_choice":"Forget","floor":5.0,"gold_loss":0.0,"damage_taken":0.0},{"damage_healed":0.0,"max_hp_gain":0.0,"max_hp_loss":0.0,"gold_gain":0.0,"event_name":"NoteForYourself","player_choice":"Ignored","floor":11.0,"gold_loss":0.0,"damage_taken":0.0},{"damage_healed":0.0,"max_hp_gain":0.0,"max_hp_loss":0.0,"gold_gain":0.0,"event_name":"Accursed Blacksmith","player_choice":"Forge","floor":25.0,"gold_loss":0.0,"damage_taken":0.0,"cards_upgraded":["Pommel Strike"]},{"damage_healed":0.0,"max_hp_gain":0.0,"max_hp_loss":0.0,"gold_gain":0.0,"event_name":"Tomb of Lord Red Mask","player_choice":"Ignored","floor":44.0,"gold_loss":0.0,"damage_taken":0.0},{"damage_healed":0.0,"max_hp_gain":0.0,"max_hp_loss":0.0,"gold_gain":0.0,"event_name":"SensoryStone","player_choice":"Memory 1","floor":45.0,"gold_loss":0.0,"damage_taken":0.0}],"is_beta":false,"boss_relics":[{"not_picked":["Black Blood","Lizard Tail"],"picked":"Pandora\u0027s Box"},{"not_picked":["Calling Bell","Tiny House"],"picked":"Runic Dome"}],"items_purged_floors":[4,19,24,28,38],"is_endless":false,"potions_floor_spawned":[2,3,7,14,22,23,30,35,36,46,47],"ascension_level":0}