{"gold_per_floor":[113,188,188,113,63,63,111,111,111,121,135,64,80,98,98,199,199,214,228,19,109,109,109,119,132,132,132,132,152,152],"floor_reached":30,"playtime":1068,"items_purged":["Defend_R"],"score":245,"play_id":"cf3d2964-66e2-41bf-966b-8ae80a69123c","local_time":"20180728160914","is_ascension_mode":false,"campfire_choices":[{"data":"Whirlwind","floor":6,"key":"SMITH"},{"data":"Bash","floor":8,"key":"SMITH"},{"data":"Flex","floor":15,"key":"SMITH"},{"data":"Flex","floor":23,"key":"SMITH"},{"floor":28,"key":"REST"}],"neow_cost":"NONE","seed_source_timestamp":248497644130516,"circlet_count":0,"master_deck":["Strike_R","Strike_R","Strike_R","Defend_R","Defend_R","Defend_R","Bash+1","Whirlwind+1","Anger","Feed","Flex+1","Clash","Demon Form","Clash","Flex+1","Thinking Ahead","Mind Blast","Pommel Strike","Iron Wave","Seeing Red+1","Normality","Shrug It Off+1"],"relics":["Burning Blood","Centennial Puzzle","Darkstone Periapt","Cursed Key","Gambling Chip"],"potions_floor_usage":[29],"damage_taken":[{"damage":1,"enemies":"Jaw Worm","floor":1,"turns":5},{"damage":17,"enemies":"Small Slimes","floor":10,"turns":3},{"damage":0,"enemies":"2 Louse","floor":11,"turns":1},{"damage":5,"enemies":"Looter","floor":13,"turns":2},{"damage":0,"enemies":"Large Slime","floor":14,"turns":2},{"damage":64,"enemies":"The Guardian","floor":16,"turns":7},{"damage":24,"enemies":"Shell Parasite","floor":18,"turns":4},{"damage":0,"enemies":"3 Byrds","floor":19,"turns":3},{"damage":21,"enemies":"Snake Plant","floor":24,"turns":3},{"damage":34,"enemies":"Centurion and Healer","floor":25,"turns":4},{"damage":26,"enemies":"Sentry and Sphere","floor":29,"turns":5},{"damage":42,"enemies":"Slaver and Parasite","floor":30,"turns":3}],"seed_played":"-6014520071019707793","potions_obtained":[{"floor":13,"key":"Explosive Potion"},{"floor":16,"key":"Ancient Potion"},{"floor":18,"key":"LiquidBronze"},{"floor":19,"key":"Strength Potion"},{"floor":29,"key":"Regen Potion"}],"is_trial":false,"path_per_floor":["M","?","?","$","?","R","T","R","T","M","M","$","M","M","R","B",null,"M","M","$","?","?","R","M","M","T","?","R","M"],"character_chosen":"IRONCLAD","items_purchased":["Feed","Thinking Ahead"],"campfire_rested":1,"item_purchase_floors":[12,20],"current_hp_per_floor":[80,69,74,74,74,74,74,74,74,63,69,69,70,76,76,18,85,67,76,76,52,52,52,40,15,21,21,51,31,0],"gold":152,"neow_bonus":"TRANSFORM_CARD","is_prod":false,"is_daily":false,"chose_seed":false,"campfire_upgraded":4,"win_rate":0,"timestamp":1532808554,"path_taken":["M","?","?","$","?","R","?","R","T","M","M","?","M","?","R","BOSS","M","M","$","?","?","R","M","M","T","?","R","?","M"],"build_version":"2018-07-26","purchased_purges":1,"victory":false,"max_hp_per_floor":[80,80,85,85,85,85,85,85,85,85,85,85,85,85,85,85,85,85,88,88,88,88,88,91,94,100,100,100,100,100],"card_choices":[{"not_picked":["Clothesline","Clash"],"picked":"Whirlwind","floor":1},{"not_picked":["Body Slam","Power Through","Wild Strike"],"picked":"SKIP","floor":10},{"not_picked":["Limit Break","Headbutt"],"picked":"Anger","floor":11},{"not_picked":["Intimidate","Rage"],"picked":"Flex","floor":13},{"not_picked":["Headbutt","True Grit"],"picked":"Clash","floor":14},{"not_picked":["Brutality","Fiend Fire"],"picked":"Demon Form","floor":16},{"not_picked":["Rampage","Warcry"],"picked":"Clash","floor":18},{"not_picked":["Flame Barrier","Dropkick"],"picked":"Flex","floor":19},{"not_picked":["Sword Boomerang","Clothesline"],"picked":"Iron Wave","floor":24},{"not_picked":["Sword Boomerang","Heavy Blade"],"picked":"Seeing Red+1","floor":25},{"not_picked":["Heavy Blade+1","Rampage"],"picked":"Shrug It Off+1","floor":29}],"player_experience":51811,"relics_obtained":[{"floor":7,"key":"Centennial Puzzle"},{"floor":9,"key":"Darkstone Periapt"},{"floor":26,"key":"Gambling Chip"}],"event_choices":[{"event_name":"World of Goop","player_choice":"Gather Gold","floor":2,"damage_taken":0},{"event_name":"Big Fish","player_choice":"Donut","floor":3,"damage_taken":0},{"event_name":"The Cleric","player_choice":"Card Removal","floor":5,"damage_taken":0},{"event_name":"Knowing Skull","player_choice":"CARD GOLD ","floor":21,"damage_taken":0},{"event_name":"Transmorgrifier","player_choice":"Transform","floor":22,"damage_taken":0},{"event_name":"The Mausoleum","player_choice":"No","floor":27,"damage_taken":0}],"is_beta":false,"boss_relics":[{"not_picked":["Snecko Eye","Velvet Choker"],"picked":"Cursed Key"}],"items_purged_floors":[4],"is_endless":false,"potions_floor_spawned":[13,16,18,19,25,29],"killed_by":"Slaver and Parasite","ascension_level":0}