{"gold_per_floor":[113,132,207,207,221,396,406,406,454,470,470,7,20,20,20,123,123,134,150,150,168,179,179,189,189,189,200,214,214,214,214,214,310,310,329,344,444,214,225,225,243,256,256,256,267,27,0,10,10,10],"floor_reached":50,"playtime":2034,"items_purged":["Doubt"],"score":515,"play_id":"dc7417dd-20a2-45c4-8e27-475ef00a9c7e","local_time":"20181112234545","is_ascension_mode":false,"campfire_choices":[{"data":"Sword Boomerang","floor":8,"key":"SMITH"},{"data":"Carnage","floor":11,"key":"SMITH"},{"data":"Bludgeon","floor":15,"key":"SMITH"},{"floor":23,"key":"REST"},{"floor":25,"key":"REST"},{"floor":29,"key":"REST"},{"floor":32,"key":"REST"},{"floor":40,"key":"REST"},{"floor":49,"key":"REST"}],"neow_cost":"NONE","seed_source_timestamp":2698859460477161,"circlet_count":0,"master_deck":["Strike_R+1","Strike_R+1","Strike_R+1","Strike_R+1","Strike_R+1","Defend_R+1","Defend_R+1","Defend_R+1","Defend_R+1","Bash","Anger","Sword Boomerang+1","Carnage+1","Bludgeon+1","Double Tap+1","Flex+1","Flex+1","Cleave+1","Anger+1","Flex","Feed+1","Immolate+1","Flex+1","Anger+1","Pommel Strike+1","Dropkick+1","Flex+1","Madness","Madness","Flex+1","Battle Trance+1","Clothesline+1"],"relics":["Black Blood","Oddly Smooth Stone","Gremlin Horn","Molten Egg 2","Runic Cube","Orichalcum","Anchor","War Paint","Prayer Wheel","Pear","Red Mask"],"potions_floor_usage":[16,33,50,50,50],"damage_taken":[{"damage":7,"enemies":"2 Louse","floor":1,"turns":3},{"damage":11,"enemies":"Jaw Worm","floor":2,"turns":3},{"damage":0,"enemies":"Small Slimes","floor":5,"turns":3},{"damage":10,"enemies":"Looter","floor":7,"turns":3},{"damage":12,"enemies":"2 Fungi Beasts","floor":10,"turns":4},{"damage":5,"enemies":"Lots of Slimes","floor":13,"turns":3},{"damage":62,"enemies":"Hexaghost","floor":16,"turns":8},{"damage":17,"enemies":"3 Byrds","floor":18,"turns":4},{"damage":10,"enemies":"Chosen","floor":19,"turns":3},{"damage":38,"enemies":"Centurion and Healer","floor":21,"turns":4},{"damage":33,"enemies":"Shelled Parasite and Fungi","floor":22,"turns":3},{"damage":24,"enemies":"Cultist and Chosen","floor":24,"turns":5},{"damage":20,"enemies":"Sentry and Sphere","floor":27,"turns":5},{"damage":9,"enemies":"3 Cultists","floor":28,"turns":4},{"damage":90,"enemies":"Collector","floor":33,"turns":10},{"damage":48,"enemies":"3 Darklings","floor":35,"turns":3},{"damage":6,"enemies":"3 Shapes","floor":36,"turns":2},{"damage":7,"enemies":"Jaw Worm Horde","floor":39,"turns":3},{"damage":12,"enemies":"Sphere and 2 Shapes","floor":41,"turns":3},{"damage":16,"enemies":"Spire Growth","floor":42,"turns":4},{"damage":0,"enemies":"Jaw Worm Horde","floor":45,"turns":2},{"damage":59,"enemies":"Maw","floor":48,"turns":6},{"damage":96,"enemies":"Time Eater","floor":50,"turns":8}],"seed_played":"-7229513833538600145","potions_obtained":[{"floor":1,"key":"Dexterity Potion"},{"floor":5,"key":"Block Potion"},{"floor":16,"key":"FearPotion"},{"floor":18,"key":"EssenceOfSteel"},{"floor":36,"key":"SpeedPotion"},{"floor":39,"key":"Swift Potion"}],"is_trial":false,"path_per_floor":["M","M","?","?","M","?","M","R","T","M","R","$","M","T","R","B",null,"M","M","?","M","M","R","M","R","T","M","M","R","?","T","R","B",null,"M","M","?","$","M","R","M","M","T","?","M","$","?","M","R","B"],"character_chosen":"IRONCLAD","items_purchased":["Bludgeon","Gremlin Horn","War Paint","Pommel Strike+1","SteroidPotion","Pear"],"campfire_rested":6,"item_purchase_floors":[12,12,38,38,38,46],"current_hp_per_floor":[87,82,71,76,82,82,78,78,78,72,72,72,73,73,73,17,93,82,78,78,46,19,46,28,55,55,41,38,65,65,65,92,8,93,55,63,63,63,70,100,98,92,92,79,93,103,103,54,88,0],"gold":10,"neow_bonus":"TEN_PERCENT_HP_BONUS","is_prod":false,"is_daily":false,"chose_seed":false,"campfire_upgraded":3,"win_rate":0,"timestamp":1542084345,"path_taken":["M","M","?","?","M","?","M","R","T","M","R","$","M","?","R","BOSS","M","M","?","M","?","R","M","R","T","M","M","R","?","?","R","BOSS","M","M","?","$","M","R","?","M","T","?","M","$","?","M","R","BOSS"],"build_version":"2018-11-08","purchased_purges":1,"victory":false,"max_hp_per_floor":[88,88,88,93,93,93,93,93,93,93,93,93,93,93,93,93,93,93,93,93,93,93,93,93,93,93,93,93,93,93,93,93,93,93,93,97,97,97,101,101,101,101,101,101,105,115,115,115,115,115],"card_choices":[{"not_picked":["Entrench","Infernal Blade","Havoc"],"picked":"SKIP","floor":1},{"not_picked":["Havoc","Bloodletting","Rage"],"picked":"SKIP","floor":2},{"not_picked":["Ghostly Armor","Twin Strike"],"picked":"Anger","floor":5},{"not_picked":["Heavy Blade","Iron Wave"],"picked":"Sword Boomerang","floor":7},{"not_picked":["Sever Soul","Iron Wave"],"picked":"Carnage","floor":10},{"not_picked":["Sword Boomerang","Dropkick","Warcry"],"picked":"SKIP","floor":13},{"not_picked":["Offering","Berserk"],"picked":"Double Tap","floor":16},{"not_picked":["Havoc","Rupture"],"picked":"Flex+1","floor":18},{"not_picked":["Headbutt+1","Feel No Pain"],"picked":"Flex","floor":19},{"not_picked":["True Grit","Rampage+1"],"picked":"Cleave+1","floor":21},{"not_picked":["Evolve","Twin Strike+1"],"picked":"Anger+1","floor":22},{"not_picked":["Perfected Strike+1","Sword Boomerang+1"],"picked":"Flex","floor":24},{"not_picked":["Iron Wave+1","Cleave+1","Entrench"],"picked":"SKIP","floor":27},{"not_picked":["Bloodletting+1","Sever Soul+1"],"picked":"Feed+1","floor":28},{"not_picked":["Dark Embrace","Juggernaut"],"picked":"Immolate+1","floor":33},{"not_picked":["Disarm+1","Perfected Strike+1"],"picked":"Flex+1","floor":35},{"not_picked":["Headbutt+1","Pommel Strike+1"],"picked":"Anger+1","floor":36},{"not_picked":["Rampage+1","True Grit+1"],"picked":"Dropkick+1","floor":39},{"not_picked":["True Grit","Juggernaut"],"picked":"Flex+1","floor":41},{"not_picked":["Rage+1","True Grit","Clothesline+1"],"picked":"SKIP","floor":42},{"not_picked":["Cleave+1","Perfected Strike+1"],"picked":"Flex+1","floor":45},{"not_picked":["Whirlwind+1","Clothesline+1"],"picked":"Battle Trance+1","floor":45},{"not_picked":["Seeing Red","Disarm"],"picked":"Clothesline+1","floor":48},{"not_picked":["Headbutt+1","Uppercut+1","Thunderclap+1"],"picked":"SKIP","floor":48}],"player_experience":206575,"relics_obtained":[{"floor":9,"key":"Oddly Smooth Stone"},{"floor":14,"key":"Molten Egg 2"},{"floor":26,"key":"Orichalcum"},{"floor":31,"key":"Anchor"},{"floor":43,"key":"Prayer Wheel"}],"event_choices":[{"damage_healed":0,"gold_gain":75,"player_choice":"Gather Gold","damage_taken":11,"max_hp_gain":0,"max_hp_loss":0,"event_name":"World of Goop","floor":3,"gold_loss":0},{"damage_healed":0,"gold_gain":0,"player_choice":"Donut","damage_taken":0,"max_hp_gain":5,"max_hp_loss":0,"event_name":"Big Fish","floor":4,"gold_loss":0},{"damage_healed":0,"gold_gain":175,"player_choice":"AGREE","damage_taken":0,"max_hp_gain":0,"max_hp_loss":0,"event_name":"Liars Game","floor":6,"gold_loss":0,"cards_obtained":["Doubt"]},{"damage_healed":0,"gold_gain":0,"player_choice":"Bought 0 Potions","damage_taken":0,"max_hp_gain":0,"max_hp_loss":0,"event_name":"The Woman in Blue","floor":20,"gold_loss":0},{"damage_healed":0,"gold_gain":0,"player_choice":"Simplicity","damage_taken":0,"max_hp_gain":0,"max_hp_loss":0,"event_name":"Back to Basics","floor":30,"gold_loss":0,"cards_upgraded":["Strike_R","Strike_R","Strike_R","Strike_R","Strike_R","Defend_R","Defend_R","Defend_R","Defend_R"]},{"damage_healed":0,"gold_gain":100,"player_choice":"Pray","damage_taken":0,"max_hp_gain":0,"max_hp_loss":0,"event_name":"Golden Shrine","floor":37,"gold_loss":0},{"damage_healed":0,"gold_gain":0,"player_choice":"Embrace Madness","damage_taken":13,"max_hp_gain":0,"max_hp_loss":0,"event_name":"Winding Halls","floor":44,"gold_loss":0,"cards_obtained":["Madness","Madness"]},{"damage_healed":0,"gold_gain":0,"player_choice":"Paid","damage_taken":0,"relics_obtained":["Red Mask"],"max_hp_gain":0,"max_hp_loss":0,"event_name":"Tomb of Lord Red Mask","floor":47,"gold_loss":27}],"is_beta":false,"boss_relics":[{"not_picked":["Coffee Dripper","Runic Dome"],"picked":"Runic Cube"},{"not_picked":["Mark of Pain","Tiny House"],"picked":"Black Blood"}],"items_purged_floors":[12],"is_endless":false,"potions_floor_spawned":[1,5,16,18,28,36,39,45],"killed_by":"Time Eater","ascension_level":0}