{"path_per_floor":["M","?","T","M","M","R","M","E","T","$","?","R","M","M","R","B",null,"M","M","M","?","?","R","$","R","T","R","M","M","M","?","R","B",null,"M","?","?","M","M","R"],"character_chosen":"IRONCLAD","items_purchased":["Metallicize","Lantern"],"gold_per_floor":[113,188,211,226,246,246,264,292,292,217,217,217,235,252,252,347,347,361,381,396,311,311,311,25,25,95,95,114,132,151,151,151,249,249,260,308,308,321,340,340],"floor_reached":41,"campfire_rested":1,"playtime":10912,"current_hp_per_floor":[80,69,69,64,69,69,70,66,66,66,71,71,67,67,67,21,92,92,72,73,73,73,73,73,73,73,73,79,79,85,85,85,31,92,92,56,56,49,50,77],"items_purged":["Strike_R","Strike_R"],"gold":340,"play_id":"def6929d-a2c5-433b-809b-677c227126a9","is_prod":false,"is_daily":false,"is_ascension_mode":false,"campfire_upgraded":7,"path_taken":["M","?","?","M","M","R","M","E","T","$","?","R","M","M","R","BOSS","M","M","M","?","?","R","$","R","T","R","M","M","?","?","R","BOSS","M","?","?","M","M","R","E"],"build_version":"2018-02-01-PROD3","purchased_purges":2,"victory":false,"master_deck":["Strike_R","Strike_R","Strike_R+1","Defend_R+1","Defend_R","Defend_R","Defend_R","Bash+1","Shockwave+1","Shrug It Off+1","Berserk+1","Battle Trance","Headbutt+1","Metallicize+1","Flex+1","Wild Strike+1","Burning Pact+1","True Grit+1","Rampage"],"max_hp_per_floor":[80,80,80,80,80,80,80,87,87,87,92,92,92,92,92,92,92,92,92,92,92,92,92,92,92,92,92,92,92,92,92,92,92,92,92,92,92,92,92,92],"relics":["Burning Blood","Pen Nib","Strawberry","Thread and Needle","White Beast Statue","Bag of Preparation","Lantern","Pantograph","Runic Pyramid","Red Skull"],"card_choices":[{"not_picked":["Evolve","Cleave"],"picked":"Shockwave"},{"not_picked":["Thunderclap","Dropkick"],"picked":"Shrug It Off"},{"not_picked":["Immolate","Feed"],"picked":"Berserk"},{"not_picked":["Havoc","Hemokinesis"],"picked":"Battle Trance"},{"not_picked":["Feel No Pain","Clash"],"picked":"Headbutt"},{"not_picked":["Searing Blow","Armaments"],"picked":"Wild Strike"},{"not_picked":["Havoc","Clash"],"picked":"Burning Pact"},{"not_picked":["Searing Blow","Infernal Blade"],"picked":"True Grit"},{"not_picked":["Rupture","Corruption"],"picked":"Rampage"}],"player_experience":188928,"potions_floor_usage":[36,39,41,41,41],"damage_taken":[{"damage":0.0,"enemies":"Cultist","floor":1.0,"turns":4.0},{"damage":11.0,"enemies":"Small Slimes","floor":4.0,"turns":4.0},{"damage":1.0,"enemies":"2 Louse","floor":5.0,"turns":4.0},{"damage":5.0,"enemies":"2 Fungi Beasts","floor":7.0,"turns":4.0},{"damage":17.0,"enemies":"Lagavulin","floor":8.0,"turns":8.0},{"damage":10.0,"enemies":"Exordium Thugs","floor":13.0,"turns":5.0},{"damage":6.0,"enemies":"3 Louse","floor":14.0,"turns":5.0},{"damage":52.0,"enemies":"Slime Boss","floor":16.0,"turns":16.0},{"damage":3.0,"enemies":"Shell Parasite","floor":18.0,"turns":13.0},{"damage":26.0,"enemies":"Chosen","floor":19.0,"turns":8.0},{"damage":5.0,"enemies":"Snake Plant","floor":20.0,"turns":5.0},{"damage":0.0,"enemies":"Centurion and Healer","floor":28.0,"turns":8.0},{"damage":6.0,"enemies":"3 Cultists","floor":29.0,"turns":8.0},{"damage":0.0,"enemies":"Snake Plant","floor":30.0,"turns":4.0},{"damage":67.0,"enemies":"Collector","floor":33.0,"turns":21.0},{"damage":0,"enemies":"Orb Walker","floor":35,"turns":4},{"damage":42,"enemies":"Mysterious Sphere","floor":36,"turns":8},{"damage":13,"enemies":"3 Shapes","floor":38,"turns":5},{"damage":5,"enemies":"Sphere and 2 Shapes","floor":39,"turns":8},{"damage":78,"enemies":"Giant Head","floor":41,"turns":9}],"event_choices":[{"event_name":"World of Goop","player_choice":"Gather Gold","floor":2.0,"damage_taken":0.0},{"event_name":"Big Fish","player_choice":"Donut","floor":11.0,"damage_taken":0.0},{"event_name":"Addict","player_choice":"Obtained Relic","floor":21.0,"damage_taken":0.0},{"event_name":"Upgrade Shrine","player_choice":"Upgraded","floor":22.0,"damage_taken":0.0},{"event_name":"Match and Keep!","player_choice":"1 cards matched","floor":31.0,"damage_taken":0.0},{"event_name":"Mysterious Sphere","player_choice":"Fight","floor":36,"damage_taken":0},{"event_name":"Tomb of Lord Red Mask","player_choice":"Ignored","floor":37,"damage_taken":0}],"boss_relics":[{"not_picked":["Runic Dome","Calling Bell"],"picked":"Runic Pyramid"}],"potions_floor_spawned":[1,4,7,14,16,18,19,20,28,29,30,33,35,36,38,39],"seed_played":"4998095981437132730","killed_by":"Giant Head","ascension_level":0,"is_trial":false}