{"gold_per_floor":[116,116,135,64,64,64,78,78,125,140,140,173,224,247,247,372,410,433,457,473,473,473,473,51,65,114,114,135,135,135,154,154,278,278,296,296,296,319,332,332,332,345,345,370,394,7,7,21,21,21],"floor_reached":50,"playtime":7336,"items_purged":["Injury"],"score":491,"play_id":"4be0c5c2-492a-4ffe-924b-729550f4a042","local_time":"20180711165754","is_ascension_mode":true,"campfire_choices":[{"floor":6,"key":"REST"},{"data":"Streamline","floor":8,"key":"SMITH"},{"data":"Genetic Algorithm","floor":11,"key":"SMITH"},{"floor":15,"key":"REST"},{"floor":23,"key":"REST"},{"data":"Echo Form","floor":27,"key":"SMITH"},{"floor":29,"key":"REST"},{"floor":32,"key":"REST"},{"floor":40,"key":"REST"},{"floor":47,"key":"REST"},{"floor":49,"key":"REST"}],"neow_cost":"FIFTY_PERCENT_DAMAGE","seed_source_timestamp":140430338424852,"circlet_count":0,"master_deck":["Strike_B+1","Strike_B+1","Strike_B+1","Defend_B+1","Defend_B+1","Defend_B+1","Zap","Dualcast","Streamline+1","Glacier","Genetic Algorithm+1","Self Repair","Echo Form+1","Rebound","Blizzard+1","RitualDagger","Sunder+1","Electrodynamics+1","Thunder Strike","Recycle","Sweeping Beam+1","Ball Lightning+1","Tempest","Fusion+1","Ball Lightning+1","Amplify","Mind Blast","Static Discharge","Redo"],"relics":["Cracked Core","Golden Idol","Whetstone","Pear","Oddly Smooth Stone","Tiny House","Art of War","Toy Ornithopter","Bag of Preparation","Nuclear Battery","Girya","Bag of Marbles"],"potions_floor_usage":[14,18,18,25,28,31,42,50,50],"damage_taken":[{"damage":0,"enemies":"Small Slimes","floor":1,"turns":3},{"damage":12,"enemies":"Jaw Worm","floor":3,"turns":2},{"damage":0,"enemies":"Cultist","floor":7,"turns":4},{"damage":9,"enemies":"Red Slaver","floor":10,"turns":3},{"damage":15,"enemies":"Lagavulin","floor":12,"turns":8},{"damage":7,"enemies":"Blue Slaver","floor":14,"turns":2},{"damage":35,"enemies":"The Guardian","floor":16,"turns":17},{"damage":14,"enemies":"Shell Parasite","floor":18,"turns":4},{"damage":13,"enemies":"Spheric Guardian","floor":19,"turns":4},{"damage":55,"enemies":"3 Cultists","floor":20,"turns":8},{"damage":5,"enemies":"Snecko","floor":25,"turns":5},{"damage":36,"enemies":"Centurion and Healer","floor":28,"turns":9},{"damage":39,"enemies":"Slaver and Parasite","floor":31,"turns":7},{"damage":41,"enemies":"Collector","floor":33,"turns":12},{"damage":73,"enemies":"3 Darklings","floor":35,"turns":5},{"damage":14,"enemies":"Orb Walker","floor":38,"turns":3},{"damage":52,"enemies":"3 Darklings","floor":39,"turns":5},{"damage":9,"enemies":"4 Shapes","floor":42,"turns":4},{"damage":31,"enemies":"Sphere and 2 Shapes","floor":44,"turns":4},{"damage":4,"enemies":"3 Darklings","floor":45,"turns":3},{"damage":14,"enemies":"4 Shapes","floor":48,"turns":5},{"damage":80,"enemies":"Time Eater","floor":50,"turns":9}],"seed_played":"2412857712217945951","potions_obtained":[{"floor":12,"key":"Fire Potion"},{"floor":16,"key":"Fire Potion"},{"floor":17,"key":"FocusPotion"},{"floor":20,"key":"GamblersBrew"},{"floor":25,"key":"PowerPotion"},{"floor":28,"key":"Poison Potion"},{"floor":39,"key":"SkillPotion"},{"floor":48,"key":"Ancient Potion"}],"is_trial":false,"path_per_floor":["M","?","M","$","?","R","M","R","T","M","R","E","T","M","R","B",null,"M","M","M","?","?","R","$","M","T","R","M","R","?","M","R","B",null,"M","?","?","M","M","R","?","M","T","M","M","$","R","M","R"],"character_chosen":"DEFECT","items_purchased":["Glacier","Art of War","Toy Ornithopter","Bag of Marbles","Mind Blast","Static Discharge","LiquidBronze"],"campfire_rested":8,"item_purchase_floors":[4,24,24,46,46,46,46],"current_hp_per_floor":[38,38,26,26,19,41,41,41,41,32,32,27,27,20,45,10,90,76,63,22,22,16,43,43,48,48,48,22,49,49,27,54,20,90,24,79,79,65,20,43,43,44,44,20,23,23,46,46,69,0],"gold":21,"neow_bonus":"REMOVE_TWO","is_prod":false,"is_daily":false,"chose_seed":false,"campfire_upgraded":3,"win_rate":0,"timestamp":1531299474,"path_taken":["M","?","M","$","?","R","M","R","T","M","R","E","?","M","R","BOSS","M","M","M","?","?","R","$","M","T","R","M","R","?","M","R","BOSS","M","?","?","M","?","R","?","M","T","M","M","$","R","M","R","BOSS"],"build_version":"2018-07-05","purchased_purges":1,"victory":false,"max_hp_per_floor":[75,75,75,75,75,75,75,75,75,75,75,85,85,85,85,85,90,90,90,90,90,90,90,90,90,90,90,90,90,90,90,90,90,90,90,79,79,79,79,79,79,79,79,79,79,79,79,79,79,79],"card_choices":[{"not_picked":["Go for the Eyes","Scrape"],"picked":"Streamline","floor":1},{"not_picked":["Force Field","Ball Lightning","Beam Cell"],"picked":"SKIP","floor":3},{"not_picked":["Rebound","Beam Cell","Leap"],"picked":"SKIP","floor":7},{"not_picked":["Hologram","Ball Lightning"],"picked":"Genetic Algorithm","floor":10},{"not_picked":["BootSequence","Stack"],"picked":"Self Repair","floor":12},{"not_picked":["Hologram","Leap","Sweeping Beam"],"picked":"SKIP","floor":14},{"not_picked":["Fission","Multi-Cast"],"picked":"Echo Form","floor":16},{"not_picked":["Coolheaded","Streamline"],"picked":"Rebound","floor":17},{"not_picked":["Streamline","Rebound"],"picked":"Blizzard+1","floor":18},{"not_picked":["Gash","Ball Lightning","Streamline"],"picked":"SKIP","floor":19},{"not_picked":["Streamline","Steam Power","Ball Lightning"],"picked":"SKIP","floor":20},{"not_picked":["Turbo+1","Gash+1"],"picked":"Reprogram","floor":25},{"not_picked":["Coolheaded","Sweeping Beam"],"picked":"Sunder+1","floor":28},{"not_picked":["Skim","Stack"],"picked":"Electrodynamics","floor":31},{"not_picked":["Multi-Cast","Rainbow"],"picked":"Thunder Strike","floor":33},{"not_picked":["Barrage","Scrape"],"picked":"Recycle","floor":35},{"not_picked":["Barrage","Ball Lightning"],"picked":"Sweeping Beam+1","floor":38},{"not_picked":["FTL","Capacitor+1"],"picked":"Ball Lightning+1","floor":39},{"not_picked":["Turbo+1","Lockon+1"],"picked":"Fusion+1","floor":42},{"not_picked":["Hologram+1","Beam Cell"],"picked":"Ball Lightning+1","floor":44},{"not_picked":["Conserve Battery","Coolheaded+1"],"picked":"Amplify","floor":45},{"not_picked":["Coolheaded","Sweeping Beam+1"],"picked":"Redo","floor":48}],"player_experience":628076,"relics_obtained":[{"floor":9,"key":"Whetstone"},{"floor":12,"key":"Pear"},{"floor":13,"key":"Oddly Smooth Stone"},{"floor":26,"key":"Bag of Preparation"},{"floor":43,"key":"Girya"}],"event_choices":[{"event_name":"Golden Idol","player_choice":"Take Wound","floor":2,"damage_taken":0},{"event_name":"Wheel of Change","player_choice":"Damage","floor":5,"damage_taken":0},{"event_name":"Vampires","player_choice":"Ignored","floor":21,"damage_taken":0},{"event_name":"Nest","player_choice":"Joined the Cult","floor":22,"damage_taken":0},{"event_name":"Back to Basics","player_choice":"Simplicity","floor":30,"damage_taken":0},{"event_name":"The Moai Head","player_choice":"Heal","floor":36,"damage_taken":0},{"event_name":"Upgrade Shrine","player_choice":"Upgraded","floor":37,"damage_taken":0},{"event_name":"Transmorgrifier","player_choice":"Transform","floor":41,"damage_taken":0}],"boss_relics":[{"not_picked":["Pandora\u0027s Box","Sozu"],"picked":"Tiny House"},{"not_picked":["Runic Dome","Black Star"],"picked":"Nuclear Battery"}],"items_purged_floors":[24],"is_endless":false,"potions_floor_spawned":[12,16,20,25,28,39,48],"killed_by":"Time Eater","ascension_level":2}