{"gold_per_floor":[111,121,121,42,342,342,377,377,427,427,465,11,32,46,46,172,172,192,115,128,128,59,59,94,94,94,94],"floor_reached":27,"playtime":4205,"items_purged":["Strike_B"],"score":341,"play_id":"11fa203e-3152-4799-a1f9-784df6c505b6","local_time":"20180710011457","is_ascension_mode":true,"campfire_choices":[{"data":"Zap","floor":6,"key":"SMITH"},{"floor":8,"key":"REST"},{"floor":10,"key":"REST"},{"floor":15,"key":"REST"},{"data":"Darkness","floor":23,"key":"SMITH"},{"floor":25,"key":"REST"}],"neow_cost":"NONE","seed_source_timestamp":0,"circlet_count":0,"master_deck":["Defend_B","Defend_B","Defend_B","Zap+1","Dualcast","Darkness+1","Static Discharge","Redo","Consume","Static Discharge","Reboot","Lockon","Ball Lightning","Double Energy","Storm","Machine Learning","Beam Cell+1","J.A.X.","Fusion","Bite","Bite","Bite","Bite","Bite","Static Discharge","Conserve Battery"],"special_seed":0,"relics":["Cracked Core","Golden Idol","Old Coin","Mummified Hand","Pen Nib","Letter Opener","Incense Burner","White Beast Statue","Blood Vial","Darkstone Periapt"],"potions_floor_usage":[14,16,16,20,24,27],"damage_taken":[{"damage":0.0,"enemies":"Small Slimes","floor":1.0,"turns":2.0},{"damage":10,"enemies":"Cultist","floor":2,"turns":4},{"damage":34,"enemies":"Gremlin Nob","floor":7,"turns":4},{"damage":27,"enemies":"3 Sentries","floor":11,"turns":4},{"damage":1,"enemies":"2 Louse","floor":13,"turns":2},{"damage":8,"enemies":"Blue Slaver","floor":14,"turns":2},{"damage":0,"enemies":"Slime Boss","floor":16,"turns":5},{"damage":0,"enemies":"Chosen","floor":18,"turns":3},{"damage":14,"enemies":"Spheric Guardian","floor":20,"turns":3},{"damage":49,"enemies":"Gremlin Leader","floor":24,"turns":5},{"damage":36,"enemies":"Slavers","floor":27,"turns":2}],"seed_played":"8286726926809657147","potions_obtained":[{"floor":11,"key":"SkillPotion"},{"floor":13,"key":"Fruit Juice"},{"floor":14,"key":"Dexterity Potion"},{"floor":18,"key":"Explosive Potion"},{"floor":20,"key":"SteroidPotion"},{"floor":24,"key":"Explosive Potion"}],"is_trial":false,"path_per_floor":["M","M","?","$","?","R","E","R","T","R","E","$","M","M","R","B",null,"M","?","M","?","$","R","E","R","T"],"character_chosen":"DEFECT","items_purchased":["Consume","Incense Burner","Lockon","Ball Lightning","Static Discharge"],"campfire_rested":4,"item_purchase_floors":[4,12,12,12,22],"current_hp_per_floor":[75,65,47,47,40,40,6,28,28,50,23,23,22,19,43,43,80,80,80,66,56,56,56,13,29,29,0],"gold":94,"neow_bonus":"TRANSFORM_CARD","is_prod":false,"is_daily":false,"chose_seed":false,"campfire_upgraded":2,"win_rate":0,"timestamp":1531156497,"path_taken":["M","M","?","?","?","R","E","R","T","R","E","?","M","?","R","BOSS","M","?","M","?","$","R","E","R","T","E"],"build_version":"2018-07-05","purchased_purges":1,"victory":false,"max_hp_per_floor":[75,75,75,75,75,75,75,75,75,75,75,75,75,80,80,80,80,80,80,80,56,56,56,56,56,56,56],"card_choices":[{"not_picked":["Compile Driver","Self Repair"],"picked":"Static Discharge","floor":1},{"not_picked":["Go for the Eyes","Hello World"],"picked":"Redo","floor":2},{"not_picked":["Go for the Eyes","Rebound"],"picked":"Static Discharge","floor":7},{"not_picked":["Static Discharge","Melter"],"picked":"Reboot","floor":11},{"not_picked":["Sweeping Beam","Gash"],"picked":"Double Energy","floor":13},{"not_picked":["Lockon","Sunder"],"picked":"Storm","floor":14},{"not_picked":["Reboot","Amplify"],"picked":"Machine Learning","floor":16},{"not_picked":["FTL","Leap"],"picked":"Beam Cell+1","floor":18},{"not_picked":["Static Discharge","Rebound+1"],"picked":"Fusion","floor":20},{"not_picked":["Hologram","Go for the Eyes+1"],"picked":"Conserve Battery","floor":24}],"player_experience":609429,"relics_obtained":[{"floor":7,"key":"Mummified Hand"},{"floor":9,"key":"Pen Nib"},{"floor":11,"key":"Letter Opener"},{"floor":24,"key":"Blood Vial"},{"floor":26,"key":"Darkstone Periapt"}],"event_choices":[{"event_name":"Golden Idol","player_choice":"Take Damage","floor":3,"damage_taken":0},{"event_name":"Scrap Ooze","player_choice":"success","floor":5,"damage_taken":7},{"event_name":"Drug Dealer","player_choice":"Got JAXXED","floor":19,"damage_taken":0},{"event_name":"Vampires","player_choice":"Became a vampire","floor":21,"damage_taken":0}],"boss_relics":[{"not_picked":["Ectoplasm","Orrery"],"picked":"White Beast Statue"}],"items_purged_floors":[12],"is_endless":false,"potions_floor_spawned":[11,13,14,18,20,24],"killed_by":"Slavers","ascension_level":2}