{"path_per_floor":["M","M","?","?","$","E","$","E","T","R","M","R","M","$","R","B",null,"M","?","M","?","?","R"],"character_chosen":"IRONCLAD","items_purchased":["Armaments","Dropkick","Headbutt","Bandage Up"],"gold_per_floor":[110,125,125,125,5,41,17,57,57,57,78,78,96,3,3,124,124,143,143,158,108,108,108],"floor_reached":24,"campfire_rested":0,"playtime":3178,"current_hp_per_floor":[80,80,60,80,80,46,46,33,33,33,35,35,41,41,41,24,80,80,80,60,60,60,60],"items_purged":[],"gold":108,"play_id":"3abf796e-b243-4465-bccb-fb556cfc3cd3","is_prod":false,"is_daily":false,"is_ascension_mode":false,"campfire_upgraded":4,"path_taken":["M","M","?","?","$","E","$","E","T","R","M","R","?","$","R","BOSS","M","?","?","?","?","R","E"],"build_version":"2018-01-25-PROD3","purchased_purges":0,"victory":false,"master_deck":["Strike_R","Strike_R","Strike_R","Strike_R","Defend_R","Defend_R","Defend_R","Defend_R","Bash","Clothesline","Heavy Blade","Armaments+1","Dropkick","Perfected Strike+1","Headbutt","Perfected Strike","Power Through+1","Metallicize+1","Bandage Up","Double Tap","Inflame+1","Shockwave"],"max_hp_per_floor":[80,80,80,80,80,80,80,80,80,80,80,80,80,80,80,80,80,80,80,80,80,80,80],"relics":["Burning Blood","Bloody Idol","Ancient Tea Set","Gremlin Horn","Lantern","Runic Pyramid","Toolbox"],"card_choices":[{"not_picked":["Battle Trance","Inflame"],"picked":"Heavy Blade"},{"not_picked":["Intimidate","Sword Boomerang"],"picked":"Metallicize"},{"not_picked":["Whirlwind","True Grit"],"picked":"Perfected Strike"},{"not_picked":["Iron Wave","Offering"],"picked":"Perfected Strike"},{"not_picked":["Heavy Blade","Infernal Blade"],"picked":"Power Through"},{"not_picked":["Reckless Charge","Shrug It Off"],"picked":"Metallicize"},{"not_picked":["Reaper","Offering"],"picked":"Double Tap"},{"not_picked":["Power Through","Iron Wave"],"picked":"Inflame"},{"not_picked":["Iron Wave","Fire Breathing"],"picked":"Shockwave"}],"player_experience":41935,"potions_floor_usage":[16,16],"damage_taken":[{"damage":6,"enemies":"Jaw Worm","floor":1,"turns":4},{"damage":4,"enemies":"2 Louse","floor":2,"turns":3},{"damage":40,"enemies":"Lagavulin","floor":6,"turns":9},{"damage":19,"enemies":"Gremlin Nob","floor":8,"turns":4},{"damage":4,"enemies":"Blue Slaver","floor":11,"turns":4},{"damage":0,"enemies":"Looter","floor":13,"turns":2},{"damage":44,"enemies":"Hexaghost","floor":16,"turns":12},{"damage":12,"enemies":"Shell Parasite","floor":18,"turns":8},{"damage":30,"enemies":"3 Byrds","floor":20,"turns":5},{"damage":67,"enemies":"Slavers","floor":24,"turns":6}],"event_choices":[{"event_name":"Golden Idol","player_choice":"Take Damage","floor":3,"damage_taken":0},{"event_name":"Bonfire Elementals","player_choice":"UNCOMMON","floor":4,"damage_taken":0},{"event_name":"Wheel of Change","player_choice":"Relic","floor":19,"damage_taken":0},{"event_name":"The Joust","player_choice":"Bet on Owner","floor":21,"damage_taken":0},{"event_name":"Forgotten Altar","player_choice":"Gave Idol","floor":22,"damage_taken":0}],"boss_relics":[{"not_picked":["Orrery","Calling Bell"],"picked":"Runic Pyramid"}],"potions_floor_spawned":[1,8,16,20],"seed_played":"1285256073164673540","killed_by":"Slavers","ascension_level":0,"is_trial":false}