{"gold_per_floor":[110,135,152,172,172,231,231,250,325,389,420,420,439,453,453,453],"floor_reached":16,"playtime":723,"items_purged":[],"score":162,"play_id":"39ae0973-543a-4f90-93e8-d7acb084215a","local_time":"20190710224036","is_ascension_mode":false,"campfire_choices":[{"floor":7.0,"key":"REST"},{"floor":12,"key":"REST"},{"floor":15,"key":"REST"}],"neow_cost":"NONE","seed_source_timestamp":2330997102552284,"circlet_count":0,"master_deck":["Strike_R","Strike_R","Strike_R","Strike_R","Strike_R","Defend_R","Defend_R","Defend_R","Defend_R","Bash","Battle Trance","Flame Barrier","Armaments","Combust","Disarm"],"special_seed":0,"relics":["Burning Blood","Bag of Marbles","Strawberry","Tiny Chest","Gremlin Horn","Ancient Tea Set","Torii"],"potions_floor_usage":[11,16],"damage_taken":[{"damage":1.0,"enemies":"Cultist","floor":1.0,"turns":3.0},{"damage":0.0,"enemies":"Small Slimes","floor":3.0,"turns":3.0},{"damage":2.0,"enemies":"2 Louse","floor":4.0,"turns":3.0},{"damage":39.0,"enemies":"3 Sentries","floor":6.0,"turns":6.0},{"damage":10.0,"enemies":"Looter","floor":8.0,"turns":3.0},{"damage":23,"enemies":"3 Sentries","floor":10,"turns":10},{"damage":50,"enemies":"Gremlin Nob","floor":11,"turns":6},{"damage":6,"enemies":"3 Louse","floor":13,"turns":3},{"damage":2,"enemies":"2 Fungi Beasts","floor":14,"turns":4}],"seed_played":"1523556722389696760","potions_obtained":[{"floor":3.0,"key":"SpeedPotion"},{"floor":4.0,"key":"AttackPotion"},{"floor":6.0,"key":"Regen Potion"},{"floor":11,"key":"PowerPotion"}],"is_trial":false,"path_per_floor":["M","T","M","M","?","E","R","M","T","?","E","R","M","M","R","B"],"character_chosen":"IRONCLAD","items_purchased":[],"campfire_rested":3,"item_purchase_floors":[],"current_hp_per_floor":[80,80,80,80,69,36,62,58,58,41,12,38,38,42,68,0],"gold":453,"neow_bonus":"RANDOM_COMMON_RELIC","is_prod":false,"is_daily":false,"chose_seed":false,"campfire_upgraded":0,"win_rate":0,"timestamp":1562812836,"path_taken":["M","?","M","M","?","E","R","M","T","?","E","R","M","M","R","BOSS"],"build_version":"2019-07-05","purchased_purges":0,"victory":false,"max_hp_per_floor":[80,80,80,80,87,87,87,87,87,87,87,87,87,87,87,87],"card_choices":[{"not_picked":["Wild Strike","Corruption"],"picked":"Battle Trance","floor":1.0},{"not_picked":["Body Slam","Havoc"],"picked":"Flame Barrier","floor":3.0},{"not_picked":["Ghostly Armor","Wild Strike","Perfected Strike"],"picked":"SKIP","floor":4.0},{"not_picked":["Headbutt","Heavy Blade","Clothesline"],"picked":"SKIP","floor":6.0},{"not_picked":["Fire Breathing","Heavy Blade","Ghostly Armor"],"picked":"SKIP","floor":8.0},{"not_picked":["Berserk","Dual Wield"],"picked":"Armaments","floor":10},{"not_picked":["Clothesline","Headbutt"],"picked":"Combust","floor":11},{"not_picked":["Flex","Havoc","Pommel Strike"],"picked":"SKIP","floor":13},{"not_picked":["Warcry","Thunderclap"],"picked":"Disarm","floor":14}],"player_experience":436838,"relics_obtained":[{"floor":6.0,"key":"Tiny Chest"},{"floor":9.0,"key":"Gremlin Horn"},{"floor":10,"key":"Ancient Tea Set"},{"floor":11,"key":"Torii"}],"event_choices":[{"damage_healed":0.0,"max_hp_gain":0.0,"max_hp_loss":0.0,"gold_gain":0.0,"event_name":"Scrap Ooze","player_choice":"Success","floor":5.0,"gold_loss":0.0,"damage_taken":18.0,"relics_obtained":["Strawberry"]},{"damage_healed":0,"gold_gain":0,"player_choice":"Searched \u00271\u0027 times","damage_taken":0,"max_hp_gain":0,"max_hp_loss":0,"event_name":"Dead Adventurer","floor":10,"gold_loss":0}],"is_beta":false,"boss_relics":[],"items_purged_floors":[],"is_endless":false,"potions_floor_spawned":[3,4,6,11],"killed_by":"The Guardian","ascension_level":0}