{"gold_per_floor":[118,133,146,164,164,164,34,34,61,61,78,78,93,126,126,223,223,242,269,269,269],"floor_reached":21,"playtime":828,"items_purged":[],"score":224,"play_id":"b0d60092-6ded-4a8b-8997-010e6b3aba8a","local_time":"20190526010954","is_ascension_mode":true,"campfire_choices":[{"data":"Infinite Blades","floor":6.0,"key":"SMITH"},{"data":"Accuracy","floor":8.0,"key":"SMITH"},{"data":"Blade Dance","floor":10.0,"key":"SMITH"},{"floor":12.0,"key":"REST"},{"floor":15.0,"key":"REST"}],"neow_cost":"NONE","seed_source_timestamp":921325062326523,"circlet_count":0,"master_deck":["Defend_G+1","Defend_G","Defend_G","Defend_G+1","Defend_G","Strike_G","Strike_G","Strike_G","Strike_G","Strike_G","Survivor","Neutralize","Infinite Blades+1","Outmaneuver","Flying Knee","Accuracy+1","Blade Dance+1","Dagger Spray","Corpse Explosion","Cloak And Dagger","Outmaneuver"],"special_seed":0,"relics":["Ring of the Snake","Juzu Bracelet","PreservedInsect","War Paint","Runic Pyramid","Red Mask","Pocketwatch"],"potions_floor_usage":[],"damage_taken":[{"damage":4.0,"enemies":"Small Slimes","floor":1.0,"turns":4.0},{"damage":4.0,"enemies":"Cultist","floor":2.0,"turns":5.0},{"damage":1.0,"enemies":"Jaw Worm","floor":3.0,"turns":4.0},{"damage":15.0,"enemies":"Red Slaver","floor":4.0,"turns":4.0},{"damage":10.0,"enemies":"2 Fungi Beasts","floor":11.0,"turns":4.0},{"damage":16.0,"enemies":"Lots of Slimes","floor":13.0,"turns":3.0},{"damage":15.0,"enemies":"Lagavulin","floor":14.0,"turns":4.0},{"damage":43.0,"enemies":"The Guardian","floor":16.0,"turns":10.0},{"damage":12.0,"enemies":"Chosen","floor":18.0,"turns":4.0},{"damage":34.0,"enemies":"Masked Bandits","floor":19.0,"turns":3.0},{"damage":8,"enemies":"3 Byrds","floor":21,"turns":2}],"seed_played":"4390465789827288894","potions_obtained":[{"floor":3.0,"key":"SpeedPotion"},{"floor":4.0,"key":"GhostInAJar"},{"floor":5.0,"key":"Poison Potion"},{"floor":19.0,"key":"PowerPotion"}],"is_trial":false,"path_per_floor":["M","M","M","M","?","R","$","R","T","R","M","R","M","E","R","B",null,"M","?","?","M"],"character_chosen":"THE_SILENT","items_purchased":["Accuracy","Blade Dance"],"campfire_rested":2,"item_purchase_floors":[7,7],"current_hp_per_floor":[66,62,61,46,46,46,46,46,46,46,36,57,41,26,47,4,54,42,8,8,0],"gold":269,"neow_bonus":"RANDOM_COMMON_RELIC","is_prod":false,"is_daily":false,"chose_seed":false,"campfire_upgraded":3,"win_rate":0,"timestamp":1558847394,"path_taken":["M","M","M","M","?","R","$","R","T","R","M","R","M","E","R","BOSS","M","?","?","M"],"build_version":"2019-01-23","purchased_purges":0,"victory":false,"max_hp_per_floor":[70,70,70,70,70,70,70,70,70,70,70,70,70,70,70,70,70,70,70,70,70],"card_choices":[{"not_picked":["Acrobatics","Distraction","All Out Attack"],"picked":"SKIP","floor":1.0},{"not_picked":["All Out Attack","Deadly Poison"],"picked":"Infinite Blades","floor":2.0},{"not_picked":["Acrobatics","Eviscerate"],"picked":"Outmaneuver","floor":3.0},{"not_picked":["PiercingWail","Slice"],"picked":"Flying Knee","floor":4.0},{"not_picked":["Outmaneuver","Bane"],"picked":"Dagger Spray","floor":11.0},{"not_picked":["Unload","Poisoned Stab","Acrobatics"],"picked":"SKIP","floor":13.0},{"not_picked":["Unload","Poisoned Stab","Acrobatics"],"picked":"SKIP","floor":13.0},{"not_picked":["Dagger Spray","Reflex","Riddle With Holes"],"picked":"SKIP","floor":14.0},{"not_picked":["Bullet Time","Doppelganger"],"picked":"Corpse Explosion","floor":16.0},{"not_picked":["Acrobatics+1","Dodge and Roll"],"picked":"Cloak And Dagger","floor":18.0},{"not_picked":["Slice","Endless Agony"],"picked":"Outmaneuver","floor":19.0}],"player_experience":275230,"relics_obtained":[{"floor":9.0,"key":"PreservedInsect"},{"floor":14.0,"key":"War Paint"},{"floor":19.0,"key":"Red Mask"},{"floor":20.0,"key":"Pocketwatch"}],"event_choices":[{"damage_healed":0.0,"max_hp_gain":0.0,"max_hp_loss":0.0,"gold_gain":0.0,"event_name":"Lab","player_choice":"Got Potions","floor":5.0,"gold_loss":0.0,"damage_taken":0.0},{"damage_healed":0.0,"max_hp_gain":0.0,"max_hp_loss":0.0,"gold_gain":0.0,"event_name":"Masked Bandits","player_choice":"Fought Bandits","floor":19.0,"gold_loss":0.0,"damage_taken":0.0},{"damage_healed":0.0,"max_hp_gain":0.0,"max_hp_loss":0.0,"gold_gain":0.0,"event_name":"Wheel of Change","player_choice":"Relic","floor":20.0,"gold_loss":0.0,"damage_taken":0.0}],"is_beta":false,"boss_relics":[{"not_picked":["Lizard Tail","Philosopher\u0027s Stone"],"picked":"Runic Pyramid"}],"items_purged_floors":[],"is_endless":false,"potions_floor_spawned":[3,4,13,19],"killed_by":"3 Byrds","ascension_level":5}