{"gold_per_floor":[115,128,128,140,154,154,168,168,192,192,76,92,92,92,92,195,195,212,229,242,7,23,23,43,53,122,154,154,166,166,179,179,284,284,302,302,320,320,35,35,60,60,60,76,76,76,89,89,89,89],"floor_reached":51,"playtime":3710,"items_purged":["Writhe"],"score":641,"play_id":"d128864e-e4b1-464f-82f6-572e80674a7c","local_time":"20190622004808","is_ascension_mode":false,"campfire_choices":[{"data":"Noxious Fumes","floor":6.0,"key":"SMITH"},{"floor":10.0,"key":"REST"},{"data":"Footwork","floor":13.0,"key":"SMITH"},{"floor":15.0,"key":"REST"},{"floor":23.0,"key":"REST"},{"floor":28.0,"key":"REST"},{"floor":32.0,"key":"REST"},{"floor":40.0,"key":"REST"},{"floor":42.0,"key":"REST"},{"floor":45.0,"key":"REST"},{"floor":49.0,"key":"REST"}],"neow_cost":"TEN_PERCENT_HP_LOSS","seed_source_timestamp":693836872790977,"circlet_count":0,"master_deck":["Defend_G","Defend_G","Defend_G","Defend_G","Defend_G","Strike_G","Strike_G","Strike_G","Strike_G","Survivor","Neutralize","Flying Knee","Footwork+1","Deflect","Noxious Fumes+1","Acrobatics","Concentrate","Flechettes","Backstab","Envenom","Prepared","Dagger Throw+1","Calculated Gamble+1","Bouncing Flask","Backflip","Flying Knee+1","Backstab","Quick Slash+1","Crippling Poison","Tools of the Trade","Infinite Blades+1","Blur+1","After Image","Finisher+1"],"special_seed":0,"relics":["Ring of the Serpent","Tough Bandages","Vajra","Fusion Hammer","ClockworkSouvenir","Gremlin Horn","Snake Skull","Pear","TwistedFunnel","Bag of Marbles","StoneCalendar","Darkstone Periapt"],"potions_floor_usage":[50],"damage_taken":[{"damage":0.0,"enemies":"Small Slimes","floor":1.0,"turns":4.0},{"damage":4.0,"enemies":"Cultist","floor":2.0,"turns":4.0},{"damage":2.0,"enemies":"Jaw Worm","floor":4.0,"turns":4.0},{"damage":1.0,"enemies":"2 Fungi Beasts","floor":5.0,"turns":6.0},{"damage":16.0,"enemies":"Gremlin Gang","floor":7.0,"turns":6.0},{"damage":3.0,"enemies":"Exordium Wildlife","floor":12.0,"turns":5.0},{"damage":27.0,"enemies":"Hexaghost","floor":16.0,"turns":13.0},{"damage":7.0,"enemies":"Shell Parasite","floor":18.0,"turns":6.0},{"damage":0.0,"enemies":"Chosen","floor":19.0,"turns":6.0},{"damage":8.0,"enemies":"Sentry and Sphere","floor":20.0,"turns":8.0},{"damage":3.0,"enemies":"Shelled Parasite and Fungi","floor":22.0,"turns":6.0},{"damage":7.0,"enemies":"Cultist and Chosen","floor":24.0,"turns":6.0},{"damage":17.0,"enemies":"3 Cultists","floor":25.0,"turns":6.0},{"damage":7.0,"enemies":"Slavers","floor":27.0,"turns":6.0},{"damage":9.0,"enemies":"Shelled Parasite and Fungi","floor":29.0,"turns":6.0},{"damage":0.0,"enemies":"Centurion and Healer","floor":31.0,"turns":4.0},{"damage":23.0,"enemies":"Champ","floor":33.0,"turns":10.0},{"damage":0.0,"enemies":"3 Shapes","floor":35.0,"turns":4.0},{"damage":31.0,"enemies":"3 Darklings","floor":37.0,"turns":4.0},{"damage":2.0,"enemies":"Giant Head","floor":41.0,"turns":7.0},{"damage":6.0,"enemies":"Transient","floor":44.0,"turns":5.0},{"damage":8.0,"enemies":"4 Shapes","floor":47.0,"turns":4.0},{"damage":22,"enemies":"Time Eater","floor":50,"turns":10}],"seed_played":"3088655728940770978","potions_obtained":[{"floor":5.0,"key":"Weak Potion"},{"floor":7.0,"key":"AttackPotion"},{"floor":14.0,"key":"EssenceOfSteel"},{"floor":18.0,"key":"SmokeBomb"},{"floor":22.0,"key":"Energy Potion"},{"floor":33.0,"key":"Explosive Potion"},{"floor":35.0,"key":"Poison Potion"},{"floor":44.0,"key":"SkillPotion"}],"is_trial":false,"path_per_floor":["M","M","?","M","M","R","M","?","T","R","$","M","R","?","R","B",null,"M","M","M","$","M","R","M","M","T","E","R","M","T","M","R","B",null,"M","?","M","?","$","R","E","R","T","M","R","?","M","T","R","B",null],"character_chosen":"THE_SILENT","items_purchased":["Concentrate","Flechettes","ClockworkSouvenir","Bouncing Flask","TwistedFunnel"],"campfire_rested":9,"item_purchase_floors":[11,11,21,21,39],"current_hp_per_floor":[63,59,59,57,56,56,40,33,33,51,51,48,48,48,63,36,63,56,56,48,48,45,63,56,39,39,32,50,41,51,51,72,49,73,73,73,42,60,60,73,71,73,73,67,73,73,65,65,73,51],"gold":89,"neow_bonus":"ONE_RARE_RELIC","is_prod":false,"is_daily":false,"chose_seed":false,"campfire_upgraded":2,"win_rate":0,"timestamp":1561178888,"path_taken":["M","M","?","?","M","R","M","?","T","R","$","M","R","?","R","BOSS","M","M","M","$","?","R","M","M","T","E","R","M","?","M","R","BOSS","M","?","M","?","$","R","E","R","T","M","R","?","?","?","R","BOSS"],"build_version":"2019-01-23","purchased_purges":1,"victory":true,"max_hp_per_floor":[63,63,63,63,63,63,63,63,63,63,63,63,63,63,63,63,63,63,63,63,63,63,63,63,63,63,63,63,63,73,73,73,73,73,73,73,73,73,73,73,73,73,73,73,73,73,73,73,73,73],"card_choices":[{"not_picked":["Quick Slash","Well Laid Plans"],"picked":"Flying Knee","floor":1.0},{"not_picked":["Flying Knee","Backflip"],"picked":"Footwork","floor":2.0},{"not_picked":["Deadly Poison","PiercingWail"],"picked":"Deflect","floor":4.0},{"not_picked":["Dagger Spray","Deflect"],"picked":"Noxious Fumes","floor":5.0},{"not_picked":["Masterful Stab","Cloak And Dagger"],"picked":"Acrobatics","floor":7.0},{"not_picked":["Masterful Stab","Leg Sweep"],"picked":"Backstab","floor":12.0},{"not_picked":["Night Terror","Glass Knife"],"picked":"Envenom","floor":16.0},{"not_picked":["Infinite Blades+1","Dash"],"picked":"Prepared","floor":18.0},{"not_picked":["Blur","Skewer"],"picked":"Dagger Throw+1","floor":19.0},{"not_picked":["Eviscerate","Finisher"],"picked":"Calculated Gamble+1","floor":20.0},{"not_picked":["Expertise","PiercingWail"],"picked":"Backflip","floor":22.0},{"not_picked":["Backflip","Masterful Stab"],"picked":"Flying Knee+1","floor":24.0},{"not_picked":["Acrobatics+1","Accuracy"],"picked":"Backstab","floor":25.0},{"not_picked":["Finisher","Terror","Choke"],"picked":"SKIP","floor":27.0},{"not_picked":["Choke","Acrobatics"],"picked":"Quick Slash+1","floor":29.0},{"not_picked":["Concentrate","Acrobatics+1"],"picked":"Crippling Poison","floor":31.0},{"not_picked":["Envenom","Venomology"],"picked":"Tools of the Trade","floor":33.0},{"not_picked":["Flechettes","PiercingWail"],"picked":"Infinite Blades+1","floor":35.0},{"not_picked":["Bane","Accuracy+1","Heel Hook+1"],"picked":"SKIP","floor":37.0},{"not_picked":["Blade Dance+1","Deflect+1"],"picked":"Blur+1","floor":41.0},{"not_picked":["Caltrops+1","Deadly Poison+1"],"picked":"After Image","floor":44.0},{"not_picked":["Quick Slash","Poisoned Stab"],"picked":"Finisher+1","floor":47.0}],"player_experience":394512,"relics_obtained":[{"floor":9.0,"key":"Vajra"},{"floor":26.0,"key":"Gremlin Horn"},{"floor":27.0,"key":"Snake Skull"},{"floor":30.0,"key":"Pear"},{"floor":41.0,"key":"Bag of Marbles"},{"floor":43.0,"key":"StoneCalendar"},{"floor":48.0,"key":"Darkstone Periapt"}],"event_choices":[{"damage_healed":0.0,"max_hp_gain":0.0,"max_hp_loss":0.0,"gold_gain":0.0,"event_name":"Transmorgrifier","player_choice":"Ignored","floor":3.0,"gold_loss":0.0,"damage_taken":0.0},{"cards_removed":["Strike_G"],"damage_healed":0.0,"max_hp_gain":0.0,"max_hp_loss":0.0,"gold_gain":0.0,"event_name":"Golden Wing","player_choice":"Card Removal","floor":8.0,"gold_loss":0.0,"damage_taken":7.0},{"damage_healed":0.0,"max_hp_gain":0.0,"max_hp_loss":0.0,"gold_gain":0.0,"event_name":"Lab","player_choice":"Got Potions","floor":14.0,"gold_loss":0.0,"damage_taken":0.0},{"damage_healed":0.0,"max_hp_gain":0.0,"max_hp_loss":0.0,"gold_gain":0.0,"event_name":"Tomb of Lord Red Mask","player_choice":"Ignored","floor":36.0,"gold_loss":0.0,"damage_taken":0.0},{"damage_healed":18.0,"max_hp_gain":0.0,"max_hp_loss":0.0,"gold_gain":0.0,"event_name":"Winding Halls","player_choice":"Writhe","floor":38.0,"gold_loss":0.0,"damage_taken":0.0,"cards_obtained":["Writhe"]},{"damage_healed":0.0,"max_hp_gain":0.0,"max_hp_loss":0.0,"gold_gain":0.0,"event_name":"The Woman in Blue","player_choice":"Bought 0 Potions","floor":46.0,"gold_loss":0.0,"damage_taken":0.0}],"is_beta":false,"boss_relics":[{"not_picked":["WristBlade","Runic Dome"],"picked":"Fusion Hammer"},{"not_picked":["Pandora\u0027s Box","Busted Crown"],"picked":"Ring of the Serpent"}],"items_purged_floors":[39],"is_endless":false,"potions_floor_spawned":[5,7,18,22,24,33,35,41,44],"ascension_level":0}