{"gold_per_floor":[363,374,374,207,207,207,234,9,60,77,77,106,118,159,171,279,291,320,15,33,33,49,84,84,109,109,109,109,137,137,149,149,247,247,264,314,314,314,314,43,73,73,73,73,90,116,116,116,116,116],"floor_reached":51,"playtime":5836,"items_purged":["Strike_G","Strike_G","Strike_G"],"score":1010,"play_id":"80caeed6-7aa8-4a29-8333-185cdd546fa4","local_time":"20181006182051","is_ascension_mode":true,"campfire_choices":[{"data":"Noxious Fumes","floor":6.0,"key":"SMITH"},{"data":"Infinite Blades","floor":13.0,"key":"SMITH"},{"data":"Dagger Spray","floor":15.0,"key":"SMITH"},{"floor":24.0,"key":"REST"},{"floor":28.0,"key":"REST"},{"data":"Neutralize","floor":30.0,"key":"SMITH"},{"data":"Finisher","floor":32.0,"key":"SMITH"},{"data":"Footwork","floor":42,"key":"SMITH"},{"data":"Caltrops","floor":44,"key":"SMITH"},{"data":"Blur","floor":47,"key":"SMITH"},{"data":"Corpse Explosion","floor":49,"key":"SMITH"}],"neow_cost":"CURSE","seed_source_timestamp":0,"circlet_count":0,"master_deck":["Defend_G","Defend_G","Defend_G","Defend_G","Defend_G","Strike_G","Survivor","Neutralize+1","Noxious Fumes+1","Deflect","Footwork+1","Dagger Throw","Footwork+1","Infinite Blades+1","Finisher+1","Dagger Spray+1","Deflect","Slice+1","Caltrops+1","Dagger Spray+1","Adrenaline","Slice+1","Finisher+1","Adrenaline","Blade Dance+1","Corpse Explosion+1","Bouncing Flask+1","Footwork+1","Finisher+1","Blur+1","Backflip+1","Poisoned Stab+1"],"special_seed":0,"relics":["Ring of the Snake","Bird Faced Urn","Oddly Smooth Stone","PreservedInsect","MawBank","Molten Egg 2","WristBlade","Juzu Bracelet","MutagenicStrength","Sundial","FossilizedHelix","Paper Crane","Ornamental Fan","Sozu","Mango","Smiling Mask","Dead Branch","Kunai"],"potions_floor_usage":[50],"damage_taken":[{"damage":1.0,"enemies":"Jaw Worm","floor":1.0,"turns":6.0},{"damage":1.0,"enemies":"Cultist","floor":2.0,"turns":5.0},{"damage":22.0,"enemies":"3 Sentries","floor":7.0,"turns":7.0},{"damage":0.0,"enemies":"2 Louse","floor":10.0,"turns":4.0},{"damage":15.0,"enemies":"Gremlin Nob","floor":12.0,"turns":4.0},{"damage":2.0,"enemies":"3 Sentries","floor":14.0,"turns":5.0},{"damage":10.0,"enemies":"Slime Boss","floor":16.0,"turns":12.0},{"damage":0.0,"enemies":"Spheric Guardian","floor":18.0,"turns":6.0},{"damage":4.0,"enemies":"Shell Parasite","floor":20.0,"turns":5.0},{"damage":5.0,"enemies":"Centurion and Healer","floor":22.0,"turns":8.0},{"damage":36.0,"enemies":"Gremlin Leader","floor":23.0,"turns":5.0},{"damage":27.0,"enemies":"Slavers","floor":25.0,"turns":4.0},{"damage":5.0,"enemies":"Gremlin Leader","floor":29.0,"turns":4.0},{"damage":0.0,"enemies":"Sentry and Sphere","floor":31.0,"turns":3.0},{"damage":35.0,"enemies":"Automaton","floor":33.0,"turns":8.0},{"damage":0.0,"enemies":"3 Shapes","floor":35.0,"turns":4.0},{"damage":0.0,"enemies":"Mysterious Sphere","floor":36.0,"turns":3.0},{"damage":10,"enemies":"Giant Head","floor":41,"turns":6},{"damage":9,"enemies":"3 Darklings","floor":45,"turns":3},{"damage":0,"enemies":"Nemesis","floor":46,"turns":7},{"damage":62,"enemies":"Time Eater","floor":50,"turns":15}],"seed_played":"6653495279794941196","potions_obtained":[{"floor":7.0,"key":"LiquidBronze"},{"floor":12.0,"key":"LiquidBronze"},{"floor":29.0,"key":"Fire Potion"},{"floor":31.0,"key":"LiquidBronze"},{"floor":33.0,"key":"Strength Potion"}],"is_trial":false,"path_per_floor":["M","M","?","$","?","R","E","$","T","M","?","E","R","E","R","B",null,"M","$","M","?","M","E","R","E","T","?","R","E","R","M","R","B",null,"M","?","?","?","?","$","E","R","T","R","M","E","R","?","R","B"],"character_chosen":"THE_SILENT","items_purchased":["Footwork","Dagger Throw","Oddly Smooth Stone","Infinite Blades","Caltrops","Juzu Bracelet","Footwork","Finisher+1"],"campfire_rested":2,"item_purchase_floors":[4,4,8,8,19,19,40,40],"current_hp_per_floor":[62,61,61,61,61,61,39,39,39,47,47,40,40,44,44,42,63,70,70,70,70,69,34,55,34,34,34,55,58,58,66,66,37,62,70,84,84,80,80,80,71,71,71,71,72,80,80,80,80,26],"gold":116,"neow_bonus":"TWO_FIFTY_GOLD","is_prod":false,"is_daily":false,"chose_seed":false,"campfire_upgraded":9,"win_rate":1,"timestamp":1538842851,"path_taken":["M","M","?","$","?","R","E","$","T","M","?","E","R","E","R","BOSS","M","?","M","?","M","E","R","E","T","?","R","E","R","M","R","BOSS","M","?","?","?","?","$","E","R","T","R","M","E","R","?","R","BOSS"],"build_version":"2018-10-04v2","purchased_purges":3,"victory":true,"max_hp_per_floor":[70,70,70,70,70,70,70,70,70,70,70,70,70,70,70,70,70,70,70,70,70,70,70,70,70,70,70,70,70,70,70,70,70,70,70,84,84,80,80,80,80,80,80,80,80,80,80,80,80,80],"card_choices":[{"not_picked":["Endless Agony","Dodge and Roll"],"picked":"Noxious Fumes","floor":1.0},{"not_picked":["Dagger Spray","Poisoned Stab"],"picked":"Deflect","floor":2.0},{"not_picked":["Catalyst","Eviscerate"],"picked":"Footwork","floor":7.0},{"not_picked":["Dodge and Roll","Bane"],"picked":"Finisher","floor":10.0},{"not_picked":["Flechettes","Dagger Throw"],"picked":"Dagger Spray","floor":12.0},{"not_picked":["Backflip","Bane"],"picked":"Deflect","floor":14.0},{"not_picked":["Acrobatics","Underhanded Strike+1"],"picked":"Slice+1","floor":18.0},{"not_picked":["Acrobatics+1","Distraction"],"picked":"Dagger Spray+1","floor":20.0},{"not_picked":["Flying Knee+1","Dodge and Roll+1"],"picked":"Adrenaline","floor":22.0},{"not_picked":["Acrobatics+1","PiercingWail"],"picked":"Slice+1","floor":23.0},{"not_picked":["Slice+1","Concentrate+1"],"picked":"Finisher+1","floor":25.0},{"not_picked":["Deadly Poison+1","Heel Hook+1","All Out Attack+1"],"picked":"SKIP","floor":29.0},{"not_picked":["Skewer+1","Phantasmal Killer"],"picked":"Blade Dance+1","floor":31.0},{"not_picked":["Doppelganger","Venomology"],"picked":"Corpse Explosion","floor":33.0},{"not_picked":["Poisoned Stab+1","Dagger Spray+1"],"picked":"Bouncing Flask+1","floor":35.0},{"not_picked":["Heel Hook+1","Cloak And Dagger+1"],"picked":"Blur","floor":41},{"not_picked":["Underhanded Strike+1","Tactician"],"picked":"Backflip+1","floor":45},{"not_picked":["Expertise","PiercingWail"],"picked":"Poisoned Stab+1","floor":46}],"player_experience":185592,"relics_obtained":[{"floor":7.0,"key":"Bird Faced Urn"},{"floor":9.0,"key":"PreservedInsect"},{"floor":12.0,"key":"MawBank"},{"floor":14.0,"key":"Molten Egg 2"},{"floor":23.0,"key":"Sundial"},{"floor":25.0,"key":"FossilizedHelix"},{"floor":26.0,"key":"Paper Crane"},{"floor":29.0,"key":"Ornamental Fan"},{"floor":36.0,"key":"Mango"},{"floor":41,"key":"Smiling Mask"},{"floor":43,"key":"Dead Branch"},{"floor":46,"key":"Kunai"}],"event_choices":[{"event_name":"Fountain of Cleansing","player_choice":"Removed Curse","floor":3.0,"damage_taken":0.0},{"event_name":"Accursed Blacksmith","player_choice":"Forge","floor":5.0,"damage_taken":0.0},{"event_name":"Upgrade Shrine","player_choice":"Upgraded","floor":11.0,"damage_taken":0.0},{"event_name":"Drug Dealer","player_choice":"Inject Mutagens","floor":21.0,"damage_taken":0.0},{"event_name":"The Library","player_choice":"Read","floor":27.0,"damage_taken":0.0},{"event_name":"Mysterious Sphere","player_choice":"Fight","floor":36.0,"damage_taken":0.0},{"event_name":"Tomb of Lord Red Mask","player_choice":"Ignored","floor":37.0,"damage_taken":0.0},{"event_name":"Winding Halls","player_choice":"Max HP","floor":38.0,"damage_taken":0.0},{"event_name":"Match and Keep!","player_choice":"0 cards matched","floor":39.0,"damage_taken":0.0},{"event_name":"Falling","player_choice":"Removed Attack","floor":48,"damage_taken":0}],"is_beta":false,"boss_relics":[{"not_picked":["Eternal Feather","Calling Bell"],"picked":"WristBlade"},{"not_picked":["Lizard Tail","Runic Dome"],"picked":"Sozu"}],"items_purged_floors":[4,19,40],"is_endless":false,"potions_floor_spawned":[7,12,29,31,33,41,45],"ascension_level":7}