{"gold_per_floor":[216,216,234,74,74,109,109,129,176,176,214,194,194,233,233,331,331,356,369,393,411,444,66,66,8,20,71,83,111,142,195,207,314,326,357,9,30,45,45,108,147,369,393,393,726,726,726,738,738,738],"floor_reached":51,"playtime":4386,"items_purged":[],"score":1331,"play_id":"cf021d53-0696-4347-a5d2-e6eeb3f67a34","local_time":"20190914075310","is_ascension_mode":true,"campfire_choices":[{"data":"Skewer","floor":7.0,"key":"SMITH"},{"data":"Neutralize","floor":10.0,"key":"SMITH"},{"floor":13.0,"key":"REST"},{"floor":15.0,"key":"REST"},{"data":"Catalyst","floor":24.0,"key":"SMITH"},{"floor":28.0,"key":"REST"},{"data":"Wraith Form v2","floor":32.0,"key":"SMITH"},{"data":"Calculated Gamble","floor":44,"key":"SMITH"},{"data":"Bouncing Flask","floor":47,"key":"SMITH"},{"data":"PiercingWail","floor":49,"key":"SMITH"}],"neow_cost":"NONE","seed_source_timestamp":0,"circlet_count":0,"master_deck":["AscendersBane","Strike_G","Strike_G","Strike_G","Strike_G","Strike_G","Defend_G","Defend_G","Defend_G","Defend_G","Defend_G","Survivor","Neutralize+1","Quick Slash","Dash","Leg Sweep","Terror","Skewer+1","Endless Agony","Bouncing Flask+1","PiercingWail+1","Wraith Form v2+1","Catalyst+1","Leg Sweep","Choke","Deadly Poison","Die Die Die","Catalyst+1","Calculated Gamble+1","Leg Sweep","PiercingWail+1","Tactician","Deadly Poison"],"special_seed":0,"relics":["Ring of the Snake","Orichalcum","Happy Flower","Omamori","Torii","Snecko Eye","Red Mask","TwistedFunnel","Bag of Marbles","MawBank","Oddly Smooth Stone","PreservedInsect","Regal Pillow","HoveringKite","Incense Burner","Tingsha","Blood Vial","Anchor"],"potions_floor_usage":[33,33,40,50,50],"damage_taken":[{"damage":1.0,"enemies":"2 Louse","floor":1.0,"turns":4.0},{"damage":3.0,"enemies":"Cultist","floor":3.0,"turns":4.0},{"damage":9.0,"enemies":"3 Sentries","floor":6.0,"turns":14.0},{"damage":0.0,"enemies":"Small Slimes","floor":8.0,"turns":2.0},{"damage":17.0,"enemies":"Lagavulin","floor":11.0,"turns":8.0},{"damage":19.0,"enemies":"3 Sentries","floor":14.0,"turns":7.0},{"damage":18.0,"enemies":"Slime Boss","floor":16.0,"turns":9.0},{"damage":1.0,"enemies":"Chosen","floor":18.0,"turns":5.0},{"damage":1.0,"enemies":"Shell Parasite","floor":19.0,"turns":3.0},{"damage":1.0,"enemies":"Snake Plant","floor":20.0,"turns":4.0},{"damage":2.0,"enemies":"Snecko","floor":21.0,"turns":7.0},{"damage":3.0,"enemies":"Masked Bandits","floor":22.0,"turns":5.0},{"damage":21.0,"enemies":"Gremlin Leader","floor":27.0,"turns":6.0},{"damage":0.0,"enemies":"Sentry and Sphere","floor":29.0,"turns":3.0},{"damage":6.0,"enemies":"Snake Plant","floor":30.0,"turns":3.0},{"damage":0.0,"enemies":"Book of Stabbing","floor":31.0,"turns":5.0},{"damage":2,"enemies":"Champ","floor":33,"turns":12},{"damage":0,"enemies":"3 Shapes","floor":35,"turns":4},{"damage":0,"enemies":"Orb Walker","floor":37,"turns":3},{"damage":1,"enemies":"3 Darklings","floor":38,"turns":4},{"damage":9,"enemies":"2 Orb Walkers","floor":40,"turns":5},{"damage":1,"enemies":"Giant Head","floor":41,"turns":7},{"damage":1,"enemies":"Sphere and 2 Shapes","floor":48,"turns":5},{"damage":28,"enemies":"Donu and Deca","floor":50,"turns":12}],"seed_played":"-8769896974580344015","potions_obtained":[{"floor":3.0,"key":"FearPotion"},{"floor":12.0,"key":"GhostInAJar"},{"floor":14.0,"key":"Strength Potion"},{"floor":16.0,"key":"Fire Potion"},{"floor":19.0,"key":"Dexterity Potion"},{"floor":31.0,"key":"GamblersBrew"},{"floor":35,"key":"SkillPotion"},{"floor":38,"key":"AttackPotion"},{"floor":48,"key":"Regen Potion"}],"is_trial":false,"path_per_floor":["M","?","M","$","?","E","R","M","T","R","E","?","R","E","R","B",null,"M","M","M","M","?","$","R","?","T","E","R","M","M","E","R","B",null,"M","$","M","M","?","?","E","?","T","R","?","?","R","M","R","B",null],"character_chosen":"THE_SILENT","items_purchased":["Leg Sweep","Terror","TwistedFunnel","Bag of Marbles","Incense Burner","Calculated Gamble"],"campfire_rested":3,"item_purchase_floors":[4,4,23,23,36,36],"current_hp_per_floor":[58,58,55,55,55,46,46,46,46,46,29,29,47,28,46,28,52,51,50,49,47,44,44,44,44,44,23,41,41,35,35,35,33,53,53,53,53,52,60,51,50,50,50,50,50,50,50,51,51,40],"gold":738,"neow_bonus":"HUNDRED_GOLD","is_prod":false,"is_daily":false,"chose_seed":false,"campfire_upgraded":7,"win_rate":0,"timestamp":1568472790,"path_taken":["M","?","M","$","?","E","R","M","T","R","E","?","R","E","R","BOSS","M","M","M","M","?","$","R","?","T","E","R","M","M","E","R","BOSS","M","$","M","?","?","?","E","?","T","R","?","?","R","M","R","BOSS"],"build_version":"2019-07-17","purchased_purges":0,"victory":true,"max_hp_per_floor":[66,60,60,60,60,60,60,60,60,60,60,60,60,60,60,60,60,60,60,60,60,60,60,60,60,60,60,60,60,60,60,60,60,60,60,60,60,60,60,60,60,60,60,60,60,60,60,60,60,60],"card_choices":[{"not_picked":["Outmaneuver","Deflect"],"picked":"Quick Slash","floor":1.0},{"not_picked":["Flechettes","Noxious Fumes"],"picked":"Dash","floor":3.0},{"not_picked":["Backstab","Setup"],"picked":"Skewer","floor":6.0},{"not_picked":["Underhanded Strike","Slice"],"picked":"Endless Agony","floor":8.0},{"not_picked":["Terror","Prepared"],"picked":"Bouncing Flask","floor":11.0},{"not_picked":["Predator","Dagger Throw"],"picked":"PiercingWail","floor":14.0},{"not_picked":["Burst","Doppelganger"],"picked":"Wraith Form v2","floor":16.0},{"not_picked":["Dagger Spray","Accuracy+1"],"picked":"Catalyst","floor":18.0},{"not_picked":["Slice","Sucker Punch","Concentrate"],"picked":"SKIP","floor":19.0},{"not_picked":["Acrobatics","Cloak And Dagger"],"picked":"Leg Sweep","floor":20.0},{"not_picked":["Flying Knee","Outmaneuver","Sucker Punch"],"picked":"SKIP","floor":21.0},{"not_picked":["Glass Knife","Dodge and Roll"],"picked":"Choke","floor":22.0},{"not_picked":["Deflect","Cloak And Dagger"],"picked":"Deadly Poison","floor":27.0},{"not_picked":["Underhanded Strike","Reflex","Masterful Stab"],"picked":"SKIP","floor":29.0},{"not_picked":["Cloak And Dagger","Slice","Finisher"],"picked":"SKIP","floor":30.0},{"not_picked":["Deflect","Cloak And Dagger","Dagger Throw"],"picked":"SKIP","floor":31.0},{"not_picked":["Doppelganger","Storm of Steel"],"picked":"Die Die Die","floor":33},{"not_picked":["All Out Attack","Prepared"],"picked":"Catalyst+1","floor":35},{"not_picked":["Terror","Caltrops"],"picked":"Leg Sweep","floor":37},{"not_picked":["Heel Hook","Dagger Spray"],"picked":"PiercingWail+1","floor":38},{"not_picked":["PiercingWail","Backstab"],"picked":"Tactician","floor":40},{"not_picked":["Masterful Stab","Cloak And Dagger","Deflect"],"picked":"SKIP","floor":41},{"not_picked":["Slice","Underhanded Strike"],"picked":"Deadly Poison","floor":48}],"player_experience":963488,"relics_obtained":[{"floor":6.0,"key":"Orichalcum"},{"floor":9.0,"key":"Happy Flower"},{"floor":11.0,"key":"Omamori"},{"floor":14.0,"key":"Torii"},{"floor":22.0,"key":"Red Mask"},{"floor":26.0,"key":"Oddly Smooth Stone"},{"floor":27.0,"key":"PreservedInsect"},{"floor":31.0,"key":"Regal Pillow"},{"floor":40,"key":"Tingsha"},{"floor":41,"key":"Blood Vial"},{"floor":43,"key":"Anchor"}],"event_choices":[{"damage_healed":0.0,"max_hp_gain":0.0,"max_hp_loss":6.0,"gold_gain":0.0,"event_name":"Golden Idol","player_choice":"Lose Max HP","floor":2.0,"gold_loss":0.0,"damage_taken":0.0,"relics_obtained":["Golden Idol"]},{"damage_healed":0.0,"max_hp_gain":0.0,"max_hp_loss":0.0,"gold_gain":0.0,"event_name":"Liars Game","player_choice":"Ignored","floor":5.0,"gold_loss":0.0,"damage_taken":0.0},{"damage_healed":0.0,"max_hp_gain":0.0,"max_hp_loss":0.0,"gold_gain":0.0,"event_name":"The Woman in Blue","player_choice":"Bought 1 Potion","floor":12.0,"gold_loss":0.0,"damage_taken":0.0},{"damage_healed":0.0,"max_hp_gain":0.0,"max_hp_loss":0.0,"gold_gain":0.0,"event_name":"Masked Bandits","player_choice":"Fought Bandits","floor":22.0,"gold_loss":0.0,"damage_taken":0.0},{"damage_healed":0.0,"max_hp_gain":0.0,"max_hp_loss":0.0,"gold_gain":0.0,"event_name":"WeMeetAgain","player_choice":"Paid Gold","floor":25.0,"gold_loss":58.0,"damage_taken":0.0,"relics_obtained":["MawBank"]},{"damage_healed":12,"gold_gain":0,"player_choice":"Writhe","damage_taken":0,"max_hp_gain":0,"max_hp_loss":0,"event_name":"Winding Halls","floor":39,"gold_loss":0,"cards_obtained":["Writhe"]},{"damage_healed":0,"gold_gain":0,"player_choice":"Fight","damage_taken":0,"max_hp_gain":0,"max_hp_loss":0,"event_name":"Mysterious Sphere","floor":40,"gold_loss":0},{"damage_healed":0,"gold_gain":222,"player_choice":"Wore Mask","damage_taken":0,"max_hp_gain":0,"max_hp_loss":0,"event_name":"Tomb of Lord Red Mask","floor":42,"gold_loss":0},{"damage_healed":0,"gold_gain":333,"player_choice":"Gave Idol","damage_taken":0,"max_hp_gain":0,"max_hp_loss":0,"event_name":"The Moai Head","floor":45,"relics_lost":["Golden Idol"],"gold_loss":0},{"damage_healed":0,"gold_gain":0,"player_choice":"Ignored","damage_taken":0,"max_hp_gain":0,"max_hp_loss":0,"event_name":"SecretPortal","floor":46,"gold_loss":0}],"is_beta":false,"boss_relics":[{"not_picked":["Cursed Key","Coffee Dripper"],"picked":"Snecko Eye"},{"not_picked":["Philosopher\u0027s Stone","Ring of the Serpent"],"picked":"HoveringKite"}],"items_purged_floors":[],"is_endless":false,"potions_floor_spawned":[3,14,16,19,20,27,30,31,35,38,48],"ascension_level":17}