{"gold_per_floor":[115,127,127,127,127,127,153,103,103,103,119,119,119,119,119,222,222,236,247,259,274,189,189,203,203,203,229,229,255,275,185,185,185],"floor_reached":33,"playtime":1065,"items_purged":[],"score":410,"play_id":"1f89de4b-f340-45e2-a060-9d07b2dc1cbc","local_time":"20190528125019","is_ascension_mode":true,"campfire_choices":[{"data":"Shrug It Off","floor":6.0,"key":"SMITH"},{"floor":10.0,"key":"REST"},{"data":"Flex","floor":12.0,"key":"SMITH"},{"floor":15.0,"key":"REST"},{"floor":23.0,"key":"REST"},{"data":"Flame Barrier","floor":25.0,"key":"SMITH"},{"floor":28.0,"key":"REST"},{"floor":32.0,"key":"REST"}],"neow_cost":"NONE","seed_source_timestamp":1135849850606428,"circlet_count":0,"master_deck":["Strike_R+1","Strike_R","Strike_R","Strike_R","Defend_R+1","Defend_R+1","Defend_R","Bash+1","Flex+1","Shrug It Off+1","Seeing Red","Bludgeon+1","Flex","Whirlwind+1","Flame Barrier+1","Flex"],"special_seed":0,"relics":["Burning Blood","Shuriken","Self Forming Clay","Molten Egg 2","Mercury Hourglass","Orrery","Potion Belt","Torii","PreservedInsect","Mummified Hand"],"potions_floor_usage":[33,33],"damage_taken":[{"damage":2.0,"enemies":"2 Louse","floor":1.0,"turns":3.0},{"damage":7.0,"enemies":"Small Slimes","floor":2.0,"turns":4.0},{"damage":35.0,"enemies":"Gremlin Nob","floor":7.0,"turns":5.0},{"damage":1.0,"enemies":"Jaw Worm","floor":11.0,"turns":3.0},{"damage":53.0,"enemies":"Hexaghost","floor":16.0,"turns":11.0},{"damage":27.0,"enemies":"2 Thieves","floor":18.0,"turns":3.0},{"damage":12.0,"enemies":"Chosen","floor":19.0,"turns":3.0},{"damage":10.0,"enemies":"3 Cultists","floor":20.0,"turns":4.0},{"damage":14.0,"enemies":"Cultist and Chosen","floor":21.0,"turns":4.0},{"damage":5.0,"enemies":"Centurion and Healer","floor":24.0,"turns":4.0},{"damage":15.0,"enemies":"Slavers","floor":27.0,"turns":2.0},{"damage":16.0,"enemies":"Book of Stabbing","floor":29.0,"turns":4.0},{"damage":25.0,"enemies":"Sentry and Sphere","floor":30.0,"turns":5.0},{"damage":79,"enemies":"Automaton","floor":33,"turns":6}],"seed_played":"-5953321309217465147","potions_obtained":[{"floor":7.0,"key":"GamblersBrew"},{"floor":11.0,"key":"Dexterity Potion"},{"floor":16.0,"key":"AttackPotion"},{"floor":24.0,"key":"SkillPotion"},{"floor":29.0,"key":"Fire Potion"},{"floor":30.0,"key":"EssenceOfSteel"}],"is_trial":false,"path_per_floor":["M","M","?","?","?","R","E","?","T","R","M","R","$","T","R","B",null,"M","M","M","M","?","R","M","R","T","E","R","E","M","?","R","B"],"character_chosen":"IRONCLAD","items_purchased":[],"campfire_rested":5,"item_purchase_floors":[],"current_hp_per_floor":[76,75,68,68,52,52,23,23,23,47,52,52,52,52,76,29,67,46,40,36,28,28,52,53,53,53,44,68,58,39,39,63,0],"gold":185,"neow_bonus":"UPGRADE_CARD","is_prod":false,"is_daily":false,"chose_seed":false,"campfire_upgraded":3,"win_rate":0,"timestamp":1559062219,"path_taken":["M","M","?","?","?","R","E","?","T","R","M","R","$","?","R","BOSS","M","M","M","M","?","R","M","R","T","E","R","E","M","?","R","BOSS"],"build_version":"2019-01-23","purchased_purges":0,"victory":false,"max_hp_per_floor":[80,80,80,80,80,80,80,80,80,80,80,80,80,80,80,80,80,80,80,80,80,80,80,80,80,80,80,80,80,80,80,80,80],"card_choices":[{"not_picked":["Feel No Pain","Clothesline"],"picked":"Flex","floor":1.0},{"not_picked":["Shockwave","Havoc"],"picked":"Shrug It Off","floor":2.0},{"not_picked":["Warcry","Carnage","Fire Breathing"],"picked":"SKIP","floor":7.0},{"not_picked":["Rupture","Pommel Strike+1","Seeing Red"],"picked":"SKIP","floor":11.0},{"not_picked":["Rupture","Pommel Strike+1"],"picked":"Seeing Red","floor":11.0},{"not_picked":["Impervious","Offering"],"picked":"Bludgeon+1","floor":16.0},{"not_picked":["Clash+1","Second Wind"],"picked":"Flex","floor":17.0},{"not_picked":["Wild Strike+1","Thunderclap+1"],"picked":"Whirlwind+1","floor":17.0},{"not_picked":["Evolve","Havoc","Clash+1"],"picked":"SKIP","floor":18.0},{"not_picked":["Rupture","Thunderclap+1","Ghostly Armor"],"picked":"SKIP","floor":19.0},{"not_picked":["Shockwave","Headbutt+1","Perfected Strike+1"],"picked":"SKIP","floor":20.0},{"not_picked":["Brutality","Iron Wave+1"],"picked":"Flame Barrier","floor":21.0},{"not_picked":["Shrug It Off","Uppercut+1"],"picked":"Flex","floor":24.0},{"not_picked":["Fiend Fire+1","Clothesline+1","Ghostly Armor"],"picked":"SKIP","floor":27.0},{"not_picked":["Sword Boomerang+1","Power Through","Thunderclap+1"],"picked":"SKIP","floor":29.0},{"not_picked":["Rupture","Havoc","Anger+1"],"picked":"SKIP","floor":30.0}],"player_experience":299380,"relics_obtained":[{"floor":7.0,"key":"Self Forming Clay"},{"floor":9.0,"key":"Molten Egg 2"},{"floor":14.0,"key":"Mercury Hourglass"},{"floor":26.0,"key":"Torii"},{"floor":27.0,"key":"PreservedInsect"},{"floor":29.0,"key":"Mummified Hand"}],"event_choices":[{"cards_removed":["Defend_R"],"damage_healed":0.0,"max_hp_gain":0.0,"max_hp_loss":0.0,"gold_gain":0.0,"event_name":"Golden Wing","player_choice":"Card Removal","floor":3.0,"gold_loss":0.0,"damage_taken":7.0},{"damage_healed":0.0,"max_hp_gain":0.0,"max_hp_loss":0.0,"gold_gain":0.0,"event_name":"Big Fish","player_choice":"Box","floor":4.0,"gold_loss":0.0,"damage_taken":0.0,"relics_obtained":["Shuriken"],"cards_obtained":["Regret"]},{"damage_healed":0.0,"max_hp_gain":0.0,"max_hp_loss":0.0,"gold_gain":0.0,"event_name":"Shining Light","player_choice":"Entered Light","floor":5.0,"gold_loss":0.0,"damage_taken":16.0,"cards_upgraded":["Defend_R","Defend_R"]},{"cards_removed":["Regret"],"damage_healed":0.0,"max_hp_gain":0.0,"max_hp_loss":0.0,"gold_gain":0.0,"event_name":"The Cleric","player_choice":"Card Removal","floor":8.0,"gold_loss":50.0,"damage_taken":0.0},{"damage_healed":0.0,"max_hp_gain":0.0,"max_hp_loss":0.0,"gold_gain":0.0,"event_name":"Addict","player_choice":"Obtained Relic","floor":22.0,"gold_loss":85.0,"damage_taken":0.0,"relics_obtained":["Potion Belt"]},{"cards_removed":["Strike_R"],"damage_healed":0.0,"max_hp_gain":0.0,"max_hp_loss":0.0,"gold_gain":0.0,"event_name":"Designer","player_choice":"Upgrade and Remove","floor":31.0,"gold_loss":90.0,"damage_taken":0.0,"cards_upgraded":["Strike_R"]}],"is_beta":false,"boss_relics":[{"not_picked":["Fusion Hammer","Calling Bell"],"picked":"Orrery"}],"items_purged_floors":[],"is_endless":false,"potions_floor_spawned":[7,11,16,19,24,29,30],"killed_by":"Automaton","ascension_level":9}