{"gold_per_floor":[115,132,207,221,231,241,241,241,241,254,267,267,20,51,51,146,146,164,264,281,128,138,173,173,202,229,229,262,262,295,306,306,404,404,423,423,436,84,84,84,84,116,116,134,153,153,169,186,186,186],"floor_reached":51,"playtime":6404,"items_purged":[],"score":834,"play_id":"e8b9ad12-df3e-4ab8-bf69-d9bdf24544e2","local_time":"20180916034752","is_ascension_mode":false,"campfire_choices":[{"floor":8.0,"key":"REST"},{"data":"Carnage","floor":12.0,"key":"SMITH"},{"floor":15.0,"key":"REST"},{"floor":24.0,"key":"REST"},{"floor":27.0,"key":"REST"},{"data":"Offering","floor":29,"key":"SMITH"},{"data":"Bash","floor":32,"key":"SMITH"},{"floor":40,"key":"REST"},{"floor":46,"key":"REST"},{"floor":49,"key":"REST"}],"neow_cost":"NONE","seed_source_timestamp":0,"circlet_count":0,"master_deck":["Strike_R","Strike_R","Strike_R","Defend_R","Defend_R","Defend_R","Bash+1","Anger","Inflame","Headbutt","Pommel Strike","Carnage+1","Clash","Anger","Cleave","Fiend Fire","Offering+1","Headbutt+1","Rage+1","Body Slam+1","Twin Strike+1","Rampage","Battle Trance","Flash of Steel","Shrug It Off","Seeing Red+1","Armaments+1","Thunderclap+1","Ghostly Armor","True Grit","Inflame","Juggernaut","Warcry+1","True Grit+1","Shrug It Off+1","Twin Strike+1","Burning Pact","Madness","Madness","Warcry","Feed+1","Iron Wave+1","Whirlwind+1","Dual Wield","Perfected Strike+1","Feel No Pain+1","Armaments"],"special_seed":0,"relics":["Black Star","Torii","Thread and Needle","Incense Burner","Charon\u0027s Ashes","Astrolabe","Pocketwatch","Letter Opener","FossilizedHelix","Ginger","Pear","Bottled Tornado","Red Skull","Orichalcum","Oddly Smooth Stone","Happy Flower","Dream Catcher","Eternal Feather","Magic Flower","Molten Egg 2","PreservedInsect","Pen Nib","Blood Vial"],"potions_floor_usage":[48,50],"damage_taken":[{"damage":5.0,"enemies":"Cultist","floor":1.0,"turns":4.0},{"damage":6.0,"enemies":"Jaw Worm","floor":2.0,"turns":3.0},{"damage":0.0,"enemies":"2 Louse","floor":4.0,"turns":2.0},{"damage":1.0,"enemies":"Exordium Thugs","floor":5.0,"turns":4.0},{"damage":18.0,"enemies":"Large Slime","floor":6.0,"turns":5.0},{"damage":0.0,"enemies":"2 Fungi Beasts","floor":10.0,"turns":3.0},{"damage":0.0,"enemies":"Looter","floor":11.0,"turns":2.0},{"damage":9.0,"enemies":"3 Sentries","floor":14.0,"turns":4.0},{"damage":53.0,"enemies":"The Guardian","floor":16.0,"turns":9.0},{"damage":20.0,"enemies":"Shell Parasite","floor":18.0,"turns":3.0},{"damage":12.0,"enemies":"Colosseum Slavers","floor":19.0,"turns":4.0},{"damage":0.0,"enemies":"Colosseum Nobs","floor":19.0,"turns":4.0},{"damage":0.0,"enemies":"3 Byrds","floor":20.0,"turns":4.0},{"damage":15.0,"enemies":"Snake Plant","floor":22.0,"turns":2.0},{"damage":14.0,"enemies":"Slavers","floor":23.0,"turns":4.0},{"damage":0.0,"enemies":"Book of Stabbing","floor":25.0,"turns":4.0},{"damage":9.0,"enemies":"Gremlin Leader","floor":28.0,"turns":4.0},{"damage":1,"enemies":"Book of Stabbing","floor":30,"turns":4},{"damage":0,"enemies":"Cultist and Chosen","floor":31,"turns":4},{"damage":6,"enemies":"Automaton","floor":33,"turns":6},{"damage":9,"enemies":"3 Shapes","floor":35,"turns":2},{"damage":16,"enemies":"Mind Bloom Boss Battle","floor":36,"turns":6},{"damage":0,"enemies":"3 Darklings","floor":37,"turns":2},{"damage":45,"enemies":"2 Orb Walkers","floor":42,"turns":5},{"damage":12,"enemies":"4 Shapes","floor":44,"turns":4},{"damage":16,"enemies":"Spire Growth","floor":45,"turns":4},{"damage":10,"enemies":"Reptomancer","floor":47,"turns":5},{"damage":15,"enemies":"3 Darklings","floor":48,"turns":3},{"damage":37,"enemies":"Donu and Deca","floor":50,"turns":9}],"seed_played":"-3089548903372795605","potions_obtained":[{"floor":6.0,"key":"Regen Potion"},{"floor":10.0,"key":"Strength Potion"},{"floor":11.0,"key":"SkillPotion"},{"floor":18.0,"key":"Explosive Potion"},{"floor":20.0,"key":"Weak Potion"},{"floor":23.0,"key":"Block Potion"},{"floor":28.0,"key":"Swift Potion"},{"floor":30,"key":"Weak Potion"},{"floor":37,"key":"Energy Potion"}],"is_trial":false,"path_per_floor":["M","M","?","M","M","M","?","R","T","M","M","R","$","E","R","B",null,"M","?","M","$","M","E","R","E","T","R","E","R","E","M","R","B",null,"M","?","M","$","?","R","?","E","T","M","M","R","M","M","R","B"],"character_chosen":"IRONCLAD","items_purchased":["Cleave","The Bomb","Flash of Steel","Shrug It Off","Molten Egg 2","Twin Strike+1","Burning Pact"],"campfire_rested":7,"item_purchase_floors":[13,13,21,21,38,38,38],"current_hp_per_floor":[75,69,58,58,57,39,27,51,51,51,51,51,51,42,66,28,80,60,48,48,48,33,19,43,53,53,80,71,71,70,70,70,64,90,81,65,65,65,54,90,90,45,45,42,29,81,74,62,94,63],"gold":186,"neow_bonus":"BOSS_RELIC","is_prod":false,"is_daily":false,"chose_seed":false,"campfire_upgraded":3,"win_rate":0.0,"timestamp":1537062472,"path_taken":["M","?","?","M","M","M","?","R","T","M","M","R","$","E","R","BOSS","M","?","M","$","?","E","R","E","T","R","E","R","E","M","R","BOSS","M","?","M","$","?","R","?","E","T","M","M","R","?","M","R","BOSS"],"build_version":"2018-09-06","purchased_purges":0,"victory":true,"max_hp_per_floor":[80,80,80,80,80,80,80,80,80,80,80,80,80,80,80,80,80,80,80,80,80,80,80,80,90,90,90,90,90,90,90,90,90,90,90,90,90,90,90,90,90,90,90,94,94,94,94,94,94,98],"card_choices":[{"not_picked":["Sword Boomerang","Disarm"],"picked":"Anger","floor":1.0},{"not_picked":["Fire Breathing","Clash"],"picked":"Inflame","floor":2.0},{"not_picked":["Flame Barrier","Perfected Strike"],"picked":"Headbutt","floor":4.0},{"not_picked":["Clothesline","Twin Strike"],"picked":"Pommel Strike","floor":5.0},{"not_picked":["Reckless Charge","Headbutt"],"picked":"Carnage","floor":6.0},{"not_picked":["Sword Boomerang","Metallicize"],"picked":"Clash","floor":10.0},{"not_picked":["Power Through","Armaments"],"picked":"Anger","floor":11.0},{"not_picked":["Shrug It Off","Warcry"],"picked":"Fiend Fire","floor":14.0},{"not_picked":["Demon Form","Fiend Fire"],"picked":"Offering","floor":16.0},{"not_picked":["Flex","Shrug It Off"],"picked":"Twin Strike+1","floor":18.0},{"not_picked":["True Grit","Carnage"],"picked":"Rampage","floor":19.0},{"not_picked":["Thunderclap","Iron Wave"],"picked":"Battle Trance","floor":20.0},{"not_picked":["Hemokinesis","Sword Boomerang"],"picked":"Seeing Red+1","floor":22.0},{"not_picked":["Bloodletting","Shrug It Off"],"picked":"Armaments+1","floor":23.0},{"not_picked":["Bludgeon","Rage"],"picked":"Thunderclap+1","floor":25.0},{"not_picked":["Sword Boomerang","Shockwave"],"picked":"Ghostly Armor","floor":28.0},{"not_picked":["Brutality","Metallicize"],"picked":"True Grit","floor":30},{"not_picked":["Sword Boomerang","Body Slam"],"picked":"Inflame","floor":31},{"not_picked":["Brutality","Berserk"],"picked":"Juggernaut","floor":33},{"not_picked":["Dual Wield+1","Pommel Strike"],"picked":"Warcry+1","floor":35},{"not_picked":["Sword Boomerang","Twin Strike"],"picked":"True Grit+1","floor":36},{"not_picked":["Rupture+1","Fiend Fire"],"picked":"Shrug It Off+1","floor":37},{"not_picked":["Sever Soul+1","Fire Breathing"],"picked":"Warcry","floor":40},{"not_picked":["Thunderclap+1","Blood for Blood+1"],"picked":"Feed+1","floor":42},{"not_picked":["Battle Trance","Shrug It Off+1"],"picked":"Iron Wave+1","floor":44},{"not_picked":["Feel No Pain+1","Rupture"],"picked":"Whirlwind+1","floor":45},{"not_picked":["Inflame+1","Armaments"],"picked":"Dual Wield","floor":46},{"not_picked":["True Grit+1","Dual Wield"],"picked":"Perfected Strike+1","floor":47},{"not_picked":["Clothesline+1","Entrench"],"picked":"Feel No Pain+1","floor":48},{"not_picked":["Power Through","Anger+1"],"picked":"Armaments","floor":49}],"player_experience":17118,"relics_obtained":[{"floor":9.0,"key":"Thread and Needle"},{"floor":14.0,"key":"Incense Burner"},{"floor":14.0,"key":"Charon\u0027s Ashes"},{"floor":19.0,"key":"Pocketwatch"},{"floor":19.0,"key":"Letter Opener"},{"floor":23.0,"key":"FossilizedHelix"},{"floor":23.0,"key":"Ginger"},{"floor":25.0,"key":"Pear"},{"floor":25.0,"key":"Bottled Tornado"},{"floor":26.0,"key":"Red Skull"},{"floor":28.0,"key":"Orichalcum"},{"floor":28.0,"key":"Oddly Smooth Stone"},{"floor":30,"key":"Happy Flower"},{"floor":30,"key":"Dream Catcher"},{"floor":36,"key":"Magic Flower"},{"floor":42,"key":"PreservedInsect"},{"floor":42,"key":"Pen Nib"},{"floor":43,"key":"Blood Vial"}],"event_choices":[{"event_name":"World of Goop","player_choice":"Gather Gold","floor":3.0,"damage_taken":0.0},{"event_name":"Scrap Ooze","player_choice":"success","floor":7.0,"damage_taken":12.0},{"event_name":"Colosseum","player_choice":"Fight","floor":19.0,"damage_taken":0.0},{"event_name":"Colosseum","player_choice":"Fought Nobs","floor":19.0,"damage_taken":0.0},{"event_name":"MindBloom","player_choice":"Fight","floor":36,"damage_taken":0},{"event_name":"Winding Halls","player_choice":"Embrace Madness","floor":39,"damage_taken":0},{"event_name":"Falling","player_choice":"Removed Skill","floor":41,"damage_taken":0}],"is_beta":false,"boss_relics":[{"not_picked":["Coffee Dripper","Calling Bell"],"picked":"Astrolabe"},{"not_picked":["Empty Cage","Mark of Pain"],"picked":"Eternal Feather"}],"items_purged_floors":[],"is_endless":false,"potions_floor_spawned":[6,10,11,18,20,23,28,30,33,36,37,45,47],"ascension_level":0}