{"gold_per_floor":[115,135,135,152,152,152,176,176,202,215,238,238,251,276,276,404,404,422,422,437,457,508,508,508],"floor_reached":24,"playtime":1088,"items_purged":[],"score":192,"play_id":"d45b0c90-94f0-4cb0-a208-22cc639d2207","local_time":"20180728211350","is_ascension_mode":false,"campfire_choices":[{"floor":6,"key":"REST"},{"data":"Skewer","floor":8,"key":"SMITH"},{"data":"Dagger Spray","floor":12,"key":"SMITH"},{"data":"Flying Knee","floor":15,"key":"SMITH"},{"data":"Dagger Spray","floor":23,"key":"SMITH"}],"neow_cost":"NONE","seed_source_timestamp":266754918094912,"circlet_count":0,"master_deck":["Defend_G","Defend_G","Defend_G","Strike_G","Strike_G","Strike_G","Survivor","Neutralize","Skewer+1","Prepared","Flying Knee+1","Dagger Spray+1","Heel Hook","Die Die Die","Dagger Spray","Crippling Poison","Dagger Spray+1","Dash+1"],"relics":["Ring of the Snake","Bag of Preparation","Golden Idol","Centennial Puzzle","Empty Cage","Orichalcum"],"potions_floor_usage":[16,16,24,24],"damage_taken":[{"damage":2,"enemies":"Small Slimes","floor":1,"turns":4},{"damage":1,"enemies":"Cultist","floor":2,"turns":4},{"damage":5,"enemies":"2 Louse","floor":4,"turns":3},{"damage":6,"enemies":"Blue Slaver","floor":7,"turns":5},{"damage":0,"enemies":"Looter","floor":10,"turns":3},{"damage":6,"enemies":"3 Louse","floor":11,"turns":3},{"damage":21,"enemies":"Gremlin Gang","floor":13,"turns":4},{"damage":2,"enemies":"Looter","floor":14,"turns":3},{"damage":7,"enemies":"Slime Boss","floor":16,"turns":7},{"damage":3,"enemies":"Chosen","floor":18,"turns":5},{"damage":16,"enemies":"Shell Parasite","floor":20,"turns":8},{"damage":26,"enemies":"Cultist and Chosen","floor":21,"turns":5},{"damage":30,"enemies":"Gremlin Leader","floor":24,"turns":5}],"seed_played":"-9155890233697911991","potions_obtained":[{"floor":2,"key":"SkillPotion"},{"floor":4,"key":"Dexterity Potion"},{"floor":7,"key":"SteroidPotion"},{"floor":14,"key":"GhostInAJar"},{"floor":20,"key":"LiquidBronze"}],"is_trial":false,"path_per_floor":["M","M","?","M","?","R","M","R","T","M","M","R","M","M","R","B",null,"M","?","M","M","T","R"],"character_chosen":"THE_SILENT","items_purchased":[],"campfire_rested":1,"item_purchase_floors":[],"current_hp_per_floor":[68,67,60,55,38,59,53,53,53,53,47,47,26,24,24,17,70,67,67,51,25,25,25,0],"gold":508,"neow_bonus":"RANDOM_COMMON_RELIC","is_prod":false,"is_daily":false,"chose_seed":false,"campfire_upgraded":4,"win_rate":0.0,"timestamp":1532826830,"path_taken":["M","M","?","M","?","R","?","R","T","M","M","R","M","M","R","BOSS","M","?","M","M","?","R","E"],"build_version":"2018-07-26","purchased_purges":0,"victory":false,"max_hp_per_floor":[70,70,70,70,70,70,70,70,70,70,70,70,70,70,70,70,70,70,70,70,70,70,70,70],"card_choices":[{"not_picked":["Acrobatics","Flying Knee"],"picked":"Skewer","floor":1},{"not_picked":["Deflect","Catalyst"],"picked":"Prepared","floor":2},{"not_picked":["Expertise","All Out Attack","Deflect"],"picked":"SKIP","floor":4},{"not_picked":["Poisoned Stab","Backflip"],"picked":"Flying Knee","floor":7},{"not_picked":["Sucker Punch","Noxious Fumes","Predator"],"picked":"SKIP","floor":10},{"not_picked":["Dash","Deflect"],"picked":"Dagger Spray","floor":11},{"not_picked":["Deflect","Underhanded Strike","Bouncing Flask"],"picked":"SKIP","floor":13},{"not_picked":["Sucker Punch","Unload"],"picked":"Heel Hook","floor":14},{"not_picked":["Doppelganger","Phantasmal Killer"],"picked":"Die Die Die","floor":16},{"not_picked":["Bane+1","Quick Slash"],"picked":"Dagger Spray","floor":18},{"not_picked":["Poisoned Stab","Slice"],"picked":"Dagger Spray","floor":20},{"not_picked":["Deadly Poison","Infinite Blades"],"picked":"Dash+1","floor":21}],"player_experience":59511,"relics_obtained":[{"floor":9,"key":"Centennial Puzzle"},{"floor":22,"key":"Orichalcum"}],"event_choices":[{"event_name":"Golden Wing","player_choice":"Card Removal","floor":3,"damage_taken":0},{"event_name":"Golden Idol","player_choice":"Take Damage","floor":5,"damage_taken":0},{"event_name":"Transmorgrifier","player_choice":"Transform","floor":19,"damage_taken":0}],"is_beta":false,"boss_relics":[{"not_picked":["Cursed Key","Runic Pyramid"],"picked":"Empty Cage"}],"items_purged_floors":[],"is_endless":false,"potions_floor_spawned":[2,4,7,14,20],"killed_by":"Gremlin Leader","ascension_level":0}