{"gold_per_floor":[111,125,125,125,143,172,172,272,272,272,58,93,109,109,109,109],"floor_reached":16,"playtime":981,"items_purged":["Regret"],"score":108,"play_id":"2cc7d683-f616-4fe4-a305-51e562ca617c","local_time":"20190812165951","is_ascension_mode":false,"campfire_choices":[{"data":"Anger","floor":7,"key":"SMITH"},{"data":"Warcry","floor":10,"key":"SMITH"},{"data":"Limit Break","floor":15,"key":"SMITH"}],"neow_cost":"NONE","seed_source_timestamp":261369223668100,"circlet_count":0,"master_deck":["Strike_R","Strike_R","Strike_R","Strike_R","Strike_R","Defend_R","Defend_R","Defend_R","Defend_R","Bash","Offering","Iron Wave","Anger+1","Pummel","Warcry+1","Reaper","Whirlwind","Cleave","Limit Break+1"],"relics":["Burning Blood","Potion Belt","Red Skull","WingedGreaves","Prayer Wheel","Peace Pipe","Toxic Egg 2"],"potions_floor_usage":[6,6],"damage_taken":[{"damage":6,"enemies":"Cultist","floor":1,"turns":2},{"damage":7,"enemies":"Jaw Worm","floor":2,"turns":2},{"damage":6,"enemies":"Small Slimes","floor":5,"turns":2},{"damage":20,"enemies":"Lagavulin","floor":6,"turns":5},{"damage":22,"enemies":"Gremlin Nob","floor":12,"turns":5},{"damage":11,"enemies":"Gremlin Gang","floor":13,"turns":2},{"damage":66,"enemies":"The Guardian","floor":16,"turns":8}],"seed_played":"-4558295281381557763","potions_obtained":[{"floor":5,"key":"PowerPotion"},{"floor":6,"key":"Fruit Juice"}],"is_trial":false,"path_per_floor":["M","M","T","?","M","E","R","?","T","R","$","E","M","T","R","B"],"character_chosen":"IRONCLAD","items_purchased":["Reaper"],"campfire_rested":0,"item_purchase_floors":[11],"current_hp_per_floor":[80,79,79,79,79,70,70,70,70,70,70,60,55,55,55,0],"gold":109,"neow_bonus":"ONE_RANDOM_RARE_CARD","is_prod":false,"is_daily":false,"chose_seed":false,"campfire_upgraded":3,"win_rate":0.0,"timestamp":1565621991,"path_taken":["M","M","?","?","M","E","R","?","T","R","$","E","?","?","R","BOSS"],"build_version":"2019-07-17","purchased_purges":1,"victory":false,"max_hp_per_floor":[80,80,80,80,80,85,85,85,85,85,85,85,85,85,85,85],"card_choices":[{"not_picked":["Searing Blow","Warcry"],"picked":"Iron Wave","floor":1},{"not_picked":["Flex","Burning Pact"],"picked":"Anger","floor":2},{"not_picked":["Sever Soul","Corruption"],"picked":"Pummel","floor":5},{"not_picked":["Clothesline","Pommel Strike"],"picked":"Warcry","floor":6},{"not_picked":["Thunderclap","Clash"],"picked":"Whirlwind","floor":12},{"not_picked":["Feel No Pain","Second Wind"],"picked":"Cleave","floor":13},{"not_picked":["Headbutt","Perfected Strike"],"picked":"Limit Break","floor":13}],"player_experience":11143,"relics_obtained":[{"floor":3,"key":"Potion Belt"},{"floor":6,"key":"WingedGreaves"},{"floor":9,"key":"Prayer Wheel"},{"floor":12,"key":"Peace Pipe"},{"floor":14,"key":"Toxic Egg 2"}],"event_choices":[{"damage_healed":0,"gold_gain":0,"player_choice":"Box","damage_taken":0,"relics_obtained":["Red Skull"],"max_hp_gain":0,"max_hp_loss":0,"event_name":"Big Fish","floor":4,"gold_loss":0,"cards_obtained":["Regret"]},{"damage_healed":0,"gold_gain":100,"player_choice":"Pray","damage_taken":0,"max_hp_gain":0,"max_hp_loss":0,"event_name":"Golden Shrine","floor":8,"gold_loss":0}],"is_beta":false,"boss_relics":[],"items_purged_floors":[11],"is_endless":false,"potions_floor_spawned":[5,6],"killed_by":"The Guardian","ascension_level":0}