{"gold_per_floor":[112,126,137,151,151,210,210,245,294,313,340,340,360,376,376,477,477,487,487,564,564,342,342,342],"floor_reached":24,"playtime":2530,"items_purged":[],"score":252,"play_id":"88e2a7e5-0b88-422c-86f8-8d062c0623ef","local_time":"20180703225449","is_ascension_mode":true,"campfire_choices":[{"floor":7,"key":"REST"},{"floor":12,"key":"REST"},{"floor":15,"key":"REST"},{"data":"Defragment","floor":23,"key":"SMITH"}],"neow_cost":"NONE","seed_source_timestamp":186866878490764,"circlet_count":0,"master_deck":["Zap","Dualcast","FTL","Sweeping Beam+1","Turbo","Cold Snap","Gash+1","Steam","Compile Driver","Rebound","Capacitor","Sunder","BootSequence","Melter","White Noise","Stack+1","Doom and Gloom","Redo+1","Amplify+1","Machine Learning","Bite","Bite","Bite","Bite","Bite","Defragment+1"],"relics":["Pandora\u0027s Box","Tiny Chest","Toxic Egg 2","Potion Belt","Omamori","White Beast Statue","Dodecahedron","Bag of Preparation"],"potions_floor_usage":[6,16,16,16,16,18,18,24,24],"damage_taken":[{"damage":0,"enemies":"Cultist","floor":1,"turns":2},{"damage":0,"enemies":"Small Slimes","floor":2,"turns":2},{"damage":5,"enemies":"2 Louse","floor":3,"turns":2},{"damage":23,"enemies":"Exordium Thugs","floor":4,"turns":5},{"damage":6,"enemies":"Gremlin Nob","floor":6,"turns":3},{"damage":3,"enemies":"3 Sentries","floor":8,"turns":5},{"damage":1,"enemies":"3 Louse","floor":10,"turns":2},{"damage":11,"enemies":"Gremlin Nob","floor":11,"turns":4},{"damage":0,"enemies":"2 Fungi Beasts","floor":13,"turns":2},{"damage":2,"enemies":"Blue Slaver","floor":14,"turns":3},{"damage":32,"enemies":"Hexaghost","floor":16,"turns":8},{"damage":0,"enemies":"3 Byrds","floor":18,"turns":3},{"damage":64,"enemies":"Slavers","floor":24,"turns":3}],"seed_played":"2281898452850371043","potions_obtained":[{"floor":4,"key":"Strength Potion"},{"floor":8,"key":"Strength Potion"},{"floor":10,"key":"Weak Potion"},{"floor":11,"key":"EntropicBrew"},{"floor":16,"key":"LiquidBronze"},{"floor":18,"key":"GamblersBrew"}],"is_trial":false,"path_per_floor":["M","M","M","M","?","E","R","E","T","M","E","R","M","M","R","B",null,"M","?","T","?","$","R"],"character_chosen":"DEFECT","items_purchased":["Bag of Preparation","Defragment"],"campfire_rested":3,"item_purchase_floors":[22,22],"current_hp_per_floor":[75,75,70,47,32,26,48,45,45,44,33,55,55,53,75,43,75,75,61,61,56,56,56,0],"gold":342,"neow_bonus":"BOSS_RELIC","is_prod":false,"is_daily":false,"chose_seed":false,"campfire_upgraded":1,"win_rate":0,"timestamp":1530629689,"path_taken":["M","M","M","?","?","E","R","E","T","M","E","R","?","M","R","BOSS","M","?","?","?","$","R","E"],"build_version":"2018-06-28","purchased_purges":0,"victory":false,"max_hp_per_floor":[75,75,75,75,75,75,75,75,75,75,75,75,75,75,75,75,75,75,80,80,56,56,56,56],"card_choices":[{"not_picked":["Cold Snap","Stack"],"picked":"Capacitor","floor":1},{"not_picked":["Rebound","Compile Driver","Lockon"],"picked":"SKIP","floor":2},{"not_picked":["Doom and Gloom","Barrage"],"picked":"Sunder","floor":3},{"not_picked":["Conserve Battery","Rebound"],"picked":"BootSequence","floor":4},{"not_picked":["Streamline","Cold Snap"],"picked":"Melter","floor":6},{"not_picked":["Thunder Strike","Beam Cell"],"picked":"White Noise","floor":8},{"not_picked":["Aggregate+1","Ball Lightning"],"picked":"Stack+1","floor":10},{"not_picked":["Compile Driver","Rebound"],"picked":"Doom and Gloom","floor":11},{"not_picked":["Go for the Eyes","Stack+1"],"picked":"Redo+1","floor":13},{"not_picked":["Stack+1","Turbo+1"],"picked":"Amplify+1","floor":14},{"not_picked":["Amplify+1","Electrodynamics"],"picked":"Machine Learning","floor":16},{"not_picked":["Redo+1","Go for the Eyes","Barrage+1"],"picked":"SKIP","floor":18}],"player_experience":583090,"relics_obtained":[{"floor":6,"key":"Tiny Chest"},{"floor":8,"key":"Toxic Egg 2"},{"floor":9,"key":"Potion Belt"},{"floor":11,"key":"Omamori"},{"floor":20,"key":"Dodecahedron"}],"event_choices":[{"event_name":"Shining Light","player_choice":"Entered Light","floor":5,"damage_taken":0},{"event_name":"Forgotten Altar","player_choice":"Shed Blood","floor":19,"damage_taken":0},{"event_name":"Vampires","player_choice":"Became a vampire","floor":21,"damage_taken":0}],"boss_relics":[{"not_picked":["Sozu","Calling Bell"],"picked":"White Beast Statue"}],"items_purged_floors":[],"is_endless":false,"potions_floor_spawned":[4,8,10,11,16,18],"killed_by":"Slavers","ascension_level":1}