{"gold_per_floor":[118,48,223,173,184,214,226,257,269,281,320,332,363,375,387,495,507,533,470,43,43,58,58,58],"floor_reached":24,"playtime":1327,"items_purged":[],"score":263,"play_id":"52573138-2c11-4b67-8356-c67fb2defe85","local_time":"20190513203752","is_ascension_mode":true,"campfire_choices":[{"floor":7.0,"key":"REST"},{"floor":10.0,"key":"REST"},{"floor":15.0,"key":"REST"},{"data":"Apotheosis","floor":23,"key":"SMITH"}],"neow_cost":"NONE","seed_source_timestamp":89472782391796,"circlet_count":0,"master_deck":["Strike_R","Strike_R","Defend_R","Defend_R","Defend_R","Bash","Metallicize","Inflame","Limit Break","Flex+1","Barricade+1","Metallicize","Feed","Sever Soul+1","Dark Embrace+1","Intimidate+1","Apotheosis+1","Armaments","Double Tap","Body Slam"],"special_seed":0,"relics":["Burning Blood","MawBank","Dodecahedron","Centennial Puzzle","Astrolabe","Shuriken"],"potions_floor_usage":[],"damage_taken":[{"damage":7.0,"enemies":"Jaw Worm","floor":1.0,"turns":3.0},{"damage":3.0,"enemies":"2 Louse","floor":5.0,"turns":4.0},{"damage":76.0,"enemies":"Lagavulin","floor":6.0,"turns":10.0},{"damage":11.0,"enemies":"Small Slimes","floor":8.0,"turns":3.0},{"damage":43.0,"enemies":"Gremlin Nob","floor":11.0,"turns":6.0},{"damage":3.0,"enemies":"Exordium Thugs","floor":13.0,"turns":4.0},{"damage":46.0,"enemies":"Hexaghost","floor":16.0,"turns":10.0},{"damage":5.0,"enemies":"Chosen","floor":18.0,"turns":10.0},{"damage":19,"enemies":"Shell Parasite","floor":22,"turns":7},{"damage":63,"enemies":"Book of Stabbing","floor":24,"turns":5}],"seed_played":"-8818462762267606397","potions_obtained":[{"floor":6.0,"key":"Energy Potion"},{"floor":22,"key":"Explosive Potion"}],"is_trial":false,"path_per_floor":["M","$","?","?","M","E","R","M","T","R","E","?","M","?","R","B",null,"M","?","$","?","M","R","E"],"character_chosen":"IRONCLAD","items_purchased":["Metallicize","Apotheosis","Shuriken"],"campfire_rested":3,"item_purchase_floors":[2,20,20],"current_hp_per_floor":[79,79,79,79,82,12,38,33,33,59,22,22,25,25,51,11,69,73,73,73,73,60,60,0],"gold":58,"neow_bonus":"TEN_PERCENT_HP_BONUS","is_prod":false,"is_daily":false,"chose_seed":false,"campfire_upgraded":1,"win_rate":0,"timestamp":1557794272,"path_taken":["M","$","?","?","M","E","R","M","T","R","E","?","M","?","R","BOSS","M","?","$","?","M","R","E"],"build_version":"2019-01-23","purchased_purges":0,"victory":false,"max_hp_per_floor":[88,88,88,88,88,88,88,88,88,88,88,88,88,88,88,88,88,91,91,91,91,91,91,91],"card_choices":[{"not_picked":["Havoc","Heavy Blade","Body Slam"],"picked":"SKIP","floor":1.0},{"not_picked":["Shrug It Off","Seeing Red"],"picked":"Inflame","floor":5.0},{"not_picked":["Wild Strike","Spot Weakness"],"picked":"Limit Break","floor":6.0},{"not_picked":["Searing Blow","Armaments"],"picked":"Flex","floor":8.0},{"not_picked":["Iron Wave","Dark Embrace"],"picked":"Barricade","floor":11.0},{"not_picked":["Sword Boomerang","Searing Blow"],"picked":"Metallicize","floor":13.0},{"not_picked":["Berserk","Juggernaut"],"picked":"Feed","floor":16.0},{"not_picked":["Corruption+1","Cleave","Body Slam"],"picked":"SKIP","floor":18.0},{"not_picked":["Havoc","Anger+1"],"picked":"Body Slam","floor":22}],"player_experience":241192,"relics_obtained":[{"floor":6.0,"key":"MawBank"},{"floor":9.0,"key":"Dodecahedron"},{"floor":11.0,"key":"Centennial Puzzle"}],"event_choices":[{"damage_healed":0.0,"max_hp_gain":0.0,"max_hp_loss":0.0,"gold_gain":175.0,"event_name":"Liars Game","player_choice":"AGREE","floor":3.0,"gold_loss":0.0,"damage_taken":0.0,"cards_obtained":["Doubt"]},{"cards_removed":["Strike_R"],"damage_healed":0.0,"max_hp_gain":0.0,"max_hp_loss":0.0,"gold_gain":0.0,"event_name":"The Cleric","player_choice":"Card Removal","floor":4.0,"gold_loss":50.0,"damage_taken":0.0},{"damage_healed":0.0,"max_hp_gain":0.0,"max_hp_loss":0.0,"gold_gain":0.0,"event_name":"Living Wall","player_choice":"Grow","floor":12.0,"gold_loss":0.0,"damage_taken":0.0,"cards_upgraded":["Barricade"]},{"damage_healed":0.0,"max_hp_gain":0.0,"max_hp_loss":0.0,"gold_gain":0.0,"event_name":"Upgrade Shrine","player_choice":"Upgraded","floor":14.0,"gold_loss":0.0,"damage_taken":0.0,"cards_upgraded":["Flex"]},{"cards_removed":["Doubt"],"damage_healed":0.0,"max_hp_gain":0.0,"max_hp_loss":0.0,"gold_gain":0.0,"event_name":"Beggar","player_choice":"Gave Gold","floor":19.0,"gold_loss":75.0,"damage_taken":0.0},{"damage_healed":0.0,"max_hp_gain":0.0,"max_hp_loss":0.0,"gold_gain":0.0,"event_name":"Match and Keep!","player_choice":"2 cards matched","floor":21.0,"gold_loss":0.0,"damage_taken":0.0,"cards_obtained":["Armaments","Double Tap"]}],"is_beta":false,"boss_relics":[{"not_picked":["Ectoplasm","Tiny House"],"picked":"Astrolabe"}],"items_purged_floors":[],"is_endless":false,"potions_floor_spawned":[6,22],"killed_by":"Book of Stabbing","ascension_level":6}