{"gold_per_floor":[109,120,120,140,156,156,173,173,199,218,233,264,264,264,264,264],"floor_reached":16,"playtime":531,"items_purged":[],"score":104,"play_id":"755b6635-5034-47a5-90ca-e3a8817a6a80","local_time":"20180728134100","is_ascension_mode":false,"campfire_choices":[{"data":"Skewer","floor":6,"key":"SMITH"},{"data":"Dagger Spray","floor":8,"key":"SMITH"},{"floor":13,"key":"REST"},{"data":"Dagger Spray","floor":15,"key":"SMITH"}],"neow_cost":"NONE","seed_source_timestamp":240142532361863,"circlet_count":0,"master_deck":["Defend_G","Defend_G","Defend_G","Defend_G","Defend_G","Strike_G","Strike_G","Strike_G","Strike_G","Strike_G","Survivor","Neutralize","Flying Knee","Dagger Spray+1","Skewer+1","Flying Knee","Dagger Spray+1"],"relics":["Ring of the Snake","NeowsBlessing","Strawberry","Vajra","Oddly Smooth Stone"],"potions_floor_usage":[12,16],"damage_taken":[{"damage":0,"enemies":"2 Louse","floor":1,"turns":1},{"damage":0,"enemies":"Jaw Worm","floor":2,"turns":1},{"damage":0,"enemies":"Small Slimes","floor":4,"turns":1},{"damage":11,"enemies":"Red Slaver","floor":5,"turns":3},{"damage":8,"enemies":"2 Fungi Beasts","floor":7,"turns":3},{"damage":0,"enemies":"3 Louse","floor":10,"turns":2},{"damage":11,"enemies":"Exordium Wildlife","floor":11,"turns":2},{"damage":6,"enemies":"3 Sentries","floor":12,"turns":5},{"damage":67,"enemies":"The Guardian","floor":16,"turns":6}],"seed_played":"6879075224340280745","potions_obtained":[{"floor":1,"key":"Strength Potion"},{"floor":2,"key":"Fire Potion"},{"floor":4,"key":"Energy Potion"}],"is_trial":false,"path_per_floor":["M","M","?","M","M","R","M","R","T","M","M","E","R","?","R"],"character_chosen":"THE_SILENT","items_purchased":[],"campfire_rested":1,"item_purchase_floors":[],"current_hp_per_floor":[70,70,70,70,59,59,51,51,58,58,47,41,64,64,64,0],"gold":264,"neow_bonus":"THREE_ENEMY_KILL","is_prod":false,"is_daily":false,"chose_seed":false,"campfire_upgraded":3,"win_rate":0.0,"timestamp":1532799660,"path_taken":["M","M","?","M","M","R","M","R","T","M","M","E","R","?","R","BOSS"],"build_version":"2018-07-26","purchased_purges":0,"victory":false,"max_hp_per_floor":[70,70,70,70,70,70,70,70,77,77,77,77,77,77,77,77],"card_choices":[{"not_picked":["Tactician","Outmaneuver"],"picked":"Flying Knee","floor":1},{"not_picked":["Poisoned Stab","Prepared"],"picked":"Dagger Spray","floor":2},{"not_picked":["Sucker Punch","Reflex"],"picked":"Skewer","floor":4},{"not_picked":["Noxious Fumes","Underhanded Strike"],"picked":"Flying Knee","floor":5},{"not_picked":["Predator","Footwork","Poisoned Stab"],"picked":"SKIP","floor":7},{"not_picked":["Quick Slash","Venomology"],"picked":"Dagger Spray","floor":10},{"not_picked":["Bane","Caltrops","Underhanded Strike"],"picked":"SKIP","floor":11},{"not_picked":["Backflip","Noxious Fumes","Quick Slash"],"picked":"SKIP","floor":12}],"player_experience":46051,"relics_obtained":[{"floor":9,"key":"Strawberry"},{"floor":12,"key":"Vajra"}],"event_choices":[{"event_name":"Liars Game","player_choice":"disagreed","floor":3,"damage_taken":0},{"event_name":"WeMeetAgain","player_choice":"Potion","floor":14,"damage_taken":0}],"is_beta":false,"boss_relics":[],"items_purged_floors":[],"is_endless":false,"potions_floor_spawned":[1,2,4,7],"killed_by":"The Guardian","ascension_level":0}