{"gold_per_floor":[114,114,39,53,53,97,97,177,215,227,314,326,373,405,417,527,539,574,604,616,543,555],"floor_reached":22,"playtime":868,"items_purged":["Injury"],"score":366,"play_id":"7a2c8240-6bde-4bf2-9105-8b1cc9d03394","local_time":"20190130232422","is_ascension_mode":true,"campfire_choices":[{"data":"Perfected Strike","floor":10.0,"key":"SMITH"},{"floor":12.0,"key":"REST"},{"data":"Bash","floor":15.0,"key":"SMITH"}],"neow_cost":"NONE","seed_source_timestamp":33619544102499,"circlet_count":0,"master_deck":["AscendersBane","Strike_R","Strike_R","Strike_R","Strike_R","Strike_R","Defend_R","Defend_R","Defend_R","Defend_R","Bash+1","Thunderclap","Intimidate","Perfected Strike+1","Pommel Strike","Cleave","Immolate","Twin Strike","Twin Strike","Battle Trance","Feed","Wild Strike"],"special_seed":0,"relics":["Burning Blood","NeowsBlessing","Golden Idol","Centennial Puzzle","MawBank","Kunai","Ancient Tea Set","Potion Belt","Orrery","Enchiridion","Anchor"],"potions_floor_usage":[22,22],"damage_taken":[{"damage":0.0,"enemies":"Small Slimes","floor":1.0,"turns":1.0},{"damage":0.0,"enemies":"Jaw Worm","floor":4.0,"turns":1.0},{"damage":0.0,"enemies":"Lagavulin","floor":6.0,"turns":1.0},{"damage":22.0,"enemies":"Gremlin Nob","floor":8.0,"turns":4.0},{"damage":22.0,"enemies":"3 Sentries","floor":13.0,"turns":7.0},{"damage":7.0,"enemies":"2 Louse","floor":14.0,"turns":2.0},{"damage":38.0,"enemies":"Slime Boss","floor":16.0,"turns":9.0},{"damage":33.0,"enemies":"Shell Parasite","floor":18.0,"turns":5.0},{"damage":18,"enemies":"Spheric Guardian","floor":19,"turns":4},{"damage":4,"enemies":"Centurion and Healer","floor":22,"turns":1}],"seed_played":"-6130205977082160358","potions_obtained":[{"floor":1.0,"key":"Poison Potion"},{"floor":6.0,"key":"Strength Potion"},{"floor":8.0,"key":"Energy Potion"},{"floor":13.0,"key":"SpeedPotion"},{"floor":18.0,"key":"Dexterity Potion"}],"is_trial":false,"path_per_floor":["?","?","?","?","?","?"],"character_chosen":"IRONCLAD","items_purchased":[],"campfire_rested":1,"item_purchase_floors":[],"current_hp_per_floor":[74,74,74,75,75,75,63,47,47,47,36,58,42,41,41,9,59,32,20,4,4,0],"gold":555,"neow_bonus":"THREE_ENEMY_KILL","is_prod":false,"is_daily":false,"chose_seed":false,"campfire_upgraded":2,"win_rate":0,"timestamp":1548861862,"path_taken":["M","?","$","M","$","E","?","?","T","R","?","R","E","M","R","BOSS","M","M","?","?","M"],"build_version":"2019-01-23","purchased_purges":1,"victory":false,"max_hp_per_floor":[75,75,75,75,75,75,75,75,75,75,75,75,75,75,75,75,75,75,75,75,75,75],"card_choices":[{"not_picked":["Clash","Entrench"],"picked":"Thunderclap","floor":1.0},{"not_picked":["Bloodletting","Burning Pact"],"picked":"Intimidate","floor":4.0},{"not_picked":["Juggernaut","Seeing Red"],"picked":"Perfected Strike","floor":6.0},{"not_picked":["True Grit","Inflame"],"picked":"Pommel Strike","floor":13.0},{"not_picked":["Iron Wave","Body Slam"],"picked":"Cleave","floor":14.0},{"not_picked":["Exhume","Fiend Fire"],"picked":"Immolate","floor":16.0},{"not_picked":["Rupture","Cleave"],"picked":"Twin Strike","floor":17.0},{"not_picked":["Infernal Blade","Burning Pact"],"picked":"Twin Strike","floor":17.0},{"not_picked":["Sword Boomerang","Cleave"],"picked":"Battle Trance","floor":17.0},{"not_picked":["Body Slam","Clothesline"],"picked":"Feed","floor":18.0},{"not_picked":["Power Through","Havoc"],"picked":"Wild Strike","floor":19}],"player_experience":166472,"relics_obtained":[{"floor":6.0,"key":"Centennial Puzzle"},{"floor":8.0,"key":"Kunai"},{"floor":9.0,"key":"Ancient Tea Set"},{"floor":13.0,"key":"Potion Belt"},{"floor":20,"key":"Enchiridion"}],"event_choices":[{"damage_healed":0.0,"max_hp_gain":0.0,"max_hp_loss":0.0,"gold_gain":0.0,"event_name":"Golden Idol","player_choice":"Take Wound","floor":2.0,"gold_loss":0.0,"damage_taken":0.0,"relics_obtained":["Golden Idol"],"cards_obtained":["Injury"]},{"damage_healed":0.0,"max_hp_gain":0.0,"max_hp_loss":0.0,"gold_gain":0.0,"event_name":"Scrap Ooze","player_choice":"Success","floor":7.0,"gold_loss":0.0,"damage_taken":12.0,"relics_obtained":["MawBank"]},{"damage_healed":0.0,"max_hp_gain":0.0,"max_hp_loss":0.0,"gold_gain":30.0,"event_name":"Dead Adventurer","player_choice":"Searched \u00272\u0027 times","floor":8.0,"gold_loss":0.0,"damage_taken":0.0},{"damage_healed":0.0,"max_hp_gain":0.0,"max_hp_loss":0.0,"gold_gain":75.0,"event_name":"World of Goop","player_choice":"Gather Gold","floor":11.0,"gold_loss":0.0,"damage_taken":11.0},{"damage_healed":0,"gold_gain":0,"player_choice":"Obtained Book","damage_taken":16,"max_hp_gain":0,"max_hp_loss":0,"event_name":"Cursed Tome","floor":20,"gold_loss":0},{"damage_healed":0,"gold_gain":0,"player_choice":"Obtained Relic","damage_taken":0,"relics_obtained":["Anchor"],"max_hp_gain":0,"max_hp_loss":0,"event_name":"Addict","floor":21,"gold_loss":85}],"is_beta":false,"boss_relics":[{"not_picked":["Astrolabe","Calling Bell"],"picked":"Orrery"}],"items_purged_floors":[3],"is_endless":false,"potions_floor_spawned":[1,6,8,13,18],"killed_by":"Centurion and Healer","ascension_level":14}