{"gold_per_floor":[112,123,73,97,112,112,112,131,131,131,150,175,175,192,192,297,297,262,262,275,295,295,295,295],"floor_reached":24,"playtime":949,"items_purged":[],"score":198,"play_id":"eec185ca-cfaa-4ce6-8613-174668f20f1c","local_time":"20181130111411","is_ascension_mode":false,"campfire_choices":[{"data":"Sucker Punch","floor":6,"key":"SMITH"},{"data":"Neutralize","floor":10,"key":"SMITH"},{"data":"Leg Sweep","floor":13,"key":"SMITH"},{"data":"1","floor":15,"key":"LIFT"},{"data":"2","floor":23,"key":"LIFT"}],"neow_cost":"NONE","seed_source_timestamp":665916092563130,"circlet_count":0,"master_deck":["Defend_G","Defend_G","Defend_G","Defend_G","Strike_G","Strike_G","Strike_G","Strike_G","Survivor","Neutralize+1","Leg Sweep+1","Endless Agony","Sucker Punch+1","Infinite Blades","Backflip+1","RitualDagger","Decay"],"relics":["Busted Crown","Pantograph","Girya","Philosopher\u0027s Stone"],"potions_floor_usage":[12,18,20,24,24],"damage_taken":[{"damage":0,"enemies":"Small Slimes","floor":1,"turns":3},{"damage":0,"enemies":"Jaw Worm","floor":2,"turns":6},{"damage":0,"enemies":"Cultist","floor":5,"turns":4},{"damage":0,"enemies":"Exordium Wildlife","floor":8,"turns":5},{"damage":2,"enemies":"Large Slime","floor":11,"turns":9},{"damage":26,"enemies":"Gremlin Nob","floor":12,"turns":6},{"damage":0,"enemies":"Looter","floor":14,"turns":3},{"damage":29,"enemies":"Slime Boss","floor":16,"turns":12},{"damage":0,"enemies":"2 Thieves","floor":18,"turns":5},{"damage":5,"enemies":"Shell Parasite","floor":20,"turns":9},{"damage":42,"enemies":"Cultist and Chosen","floor":21,"turns":14},{"damage":32,"enemies":"Masked Bandits","floor":24,"turns":3}],"seed_played":"-1248187933944147347","potions_obtained":[{"floor":1,"key":"Regen Potion"},{"floor":8,"key":"LiquidBronze"},{"floor":11,"key":"GamblersBrew"},{"floor":12,"key":"GhostInAJar"},{"floor":16,"key":"GhostInAJar"},{"floor":18,"key":"Weak Potion"}],"is_trial":false,"path_per_floor":["M","M","?","T","M","R","?","M","T","R","M","E","R","M","R","B",null,"M","?","M","M","?","R","?"],"character_chosen":"THE_SILENT","items_purchased":[],"campfire_rested":0,"item_purchase_floors":[],"current_hp_per_floor":[70,70,70,70,70,70,70,70,70,70,68,42,42,42,42,38,70,70,64,59,17,17,17,0],"gold":295,"neow_bonus":"BOSS_RELIC","is_prod":false,"is_daily":false,"chose_seed":false,"campfire_upgraded":3,"win_rate":0,"timestamp":1543572851,"path_taken":["M","M","?","?","M","R","?","M","T","R","M","E","R","?","R","BOSS","M","?","M","M","?","R","?"],"build_version":"2018-11-15","purchased_purges":0,"victory":false,"max_hp_per_floor":[70,70,70,70,70,70,70,70,70,70,70,70,70,70,70,70,70,70,70,70,70,70,70,70],"card_choices":[{"not_picked":[],"picked":"Leg Sweep","floor":1},{"not_picked":[],"picked":"Endless Agony","floor":2},{"not_picked":[],"picked":"Sucker Punch","floor":5},{"not_picked":["Crippling Poison"],"picked":"SKIP","floor":8},{"not_picked":["Tactician"],"picked":"SKIP","floor":11},{"not_picked":["Storm of Steel"],"picked":"SKIP","floor":12},{"not_picked":[],"picked":"Infinite Blades","floor":14},{"not_picked":[],"picked":"Backflip+1","floor":18},{"not_picked":["Underhanded Strike"],"picked":"SKIP","floor":20},{"not_picked":["Flying Knee"],"picked":"SKIP","floor":21}],"player_experience":692195,"relics_obtained":[{"floor":9,"key":"Pantograph"},{"floor":12,"key":"Girya"}],"event_choices":[{"cards_removed":["Defend_G"],"damage_healed":0,"gold_gain":0,"player_choice":"Card Removal","damage_taken":0,"max_hp_gain":0,"max_hp_loss":0,"event_name":"The Cleric","floor":3,"gold_loss":50},{"cards_removed":["Strike_G"],"damage_healed":0,"gold_gain":0,"player_choice":"Purged","damage_taken":0,"max_hp_gain":0,"max_hp_loss":0,"event_name":"Purifier","floor":7,"gold_loss":0},{"damage_healed":0,"gold_gain":0,"player_choice":"Joined the Cult","damage_taken":6,"max_hp_gain":0,"max_hp_loss":0,"event_name":"Nest","floor":19,"gold_loss":0,"cards_obtained":["RitualDagger"]},{"damage_healed":0,"gold_gain":0,"player_choice":"Smashed Altar","damage_taken":0,"max_hp_gain":0,"max_hp_loss":0,"event_name":"Forgotten Altar","floor":22,"gold_loss":0,"cards_obtained":["Decay"]},{"damage_healed":0,"gold_gain":0,"player_choice":"Fought Bandits","damage_taken":0,"max_hp_gain":0,"max_hp_loss":0,"event_name":"Masked Bandits","floor":24,"gold_loss":0}],"is_beta":false,"boss_relics":[{"not_picked":["Lizard Tail","Eternal Feather"],"picked":"Philosopher\u0027s Stone"}],"items_purged_floors":[],"is_endless":false,"potions_floor_spawned":[1,8,11,12,16,18],"killed_by":"Masked Bandits","ascension_level":0}