{"gold_per_floor":[112,128,142,156,176,211,276,288,300,312,341,368,394,17,17,122,122,137,137,41,41,6,6,26,26,51,51,51,68,68,68],"floor_reached":31,"playtime":2142,"items_purged":[],"score":379,"play_id":"e9a11492-1cdf-46dd-83e8-0c27396eead5","local_time":"20181111200528","is_ascension_mode":true,"campfire_choices":[{"floor":8,"key":"REST"},{"floor":10,"key":"REST"},{"floor":15,"key":"REST"},{"data":"Armaments","floor":23,"key":"SMITH"},{"floor":25,"key":"REST"},{"data":"Havoc","floor":28,"key":"SMITH"},{"floor":30,"key":"REST"}],"neow_cost":"NONE","seed_source_timestamp":153607948738783,"circlet_count":0,"master_deck":["AscendersBane","Strike_R","Strike_R","Strike_R","Strike_R","Strike_R","Defend_R","Defend_R","Defend_R","Defend_R","Bash","Heavy Blade","Iron Wave","Thunderclap","Clothesline","Rupture","Sever Soul","Flame Barrier","Feed","Shrug It Off","Havoc+1","Bludgeon","Armaments+1","Writhe","Pommel Strike","Uppercut","Shrug It Off+1","True Grit"],"relics":["Burning Blood","MawBank","StoneCalendar","Unceasing Top","Lizard Tail","Pantograph","Art of War"],"potions_floor_usage":[4,16,16,24,31,31],"damage_taken":[{"damage":9,"enemies":"2 Louse","floor":1,"turns":2},{"damage":0,"enemies":"Small Slimes","floor":2,"turns":3},{"damage":6,"enemies":"Cultist","floor":3,"turns":3},{"damage":21,"enemies":"Exordium Thugs","floor":4,"turns":5},{"damage":12,"enemies":"Lots of Slimes","floor":5,"turns":4},{"damage":57,"enemies":"Lagavulin","floor":6,"turns":9},{"damage":12,"enemies":"2 Fungi Beasts","floor":11,"turns":3},{"damage":13,"enemies":"3 Louse","floor":12,"turns":3},{"damage":21,"enemies":"Large Slime","floor":13,"turns":7},{"damage":28,"enemies":"Slime Boss","floor":16,"turns":9},{"damage":35,"enemies":"Shell Parasite","floor":18,"turns":9},{"damage":51,"enemies":"Spheric Guardian","floor":24,"turns":7},{"damage":81,"enemies":"Cultist and Chosen","floor":29,"turns":9},{"damage":60,"enemies":"Gremlin Leader","floor":31,"turns":5}],"seed_played":"804930567922684832","potions_obtained":[{"floor":3,"key":"Block Potion"},{"floor":12,"key":"LiquidBronze"},{"floor":27,"key":"Energy Potion"},{"floor":27,"key":"LiquidBronze"}],"is_trial":false,"path_per_floor":["M","M","M","M","M","E","?","R","T","R","M","M","M","$","R","B",null,"M","?","$","?","$","R","M","R","T","?","R","M","R","E"],"character_chosen":"IRONCLAD","items_purchased":["Unceasing Top","Havoc","Explosive Potion","Pommel Strike","Fire Potion","Uppercut"],"campfire_rested":5,"item_purchase_floors":[14,14,14,20,20,22],"current_hp_per_floor":[77,83,83,68,62,11,11,37,37,63,57,50,35,35,61,39,76,47,47,47,76,76,76,31,57,57,57,57,30,56,0],"gold":68,"neow_bonus":"TEN_PERCENT_HP_BONUS","is_prod":false,"is_daily":false,"chose_seed":false,"campfire_upgraded":2,"win_rate":0,"timestamp":1541995528,"path_taken":["M","M","M","M","M","E","?","R","T","R","M","M","M","$","R","BOSS","M","?","$","?","$","R","M","R","T","?","R","?","R","E"],"build_version":"2018-11-08","purchased_purges":0,"victory":false,"max_hp_per_floor":[88,88,88,88,88,88,88,88,88,88,88,88,88,88,88,88,88,88,88,88,88,88,88,88,88,88,88,88,88,88,88],"card_choices":[{"not_picked":["Havoc","Battle Trance"],"picked":"Heavy Blade","floor":1},{"not_picked":["Combust","Carnage"],"picked":"Iron Wave","floor":2},{"not_picked":["Entrench","Flex"],"picked":"Thunderclap","floor":3},{"not_picked":["Clash","Havoc"],"picked":"Clothesline","floor":4},{"not_picked":["Second Wind","Warcry"],"picked":"Rupture","floor":5},{"not_picked":["Body Slam","Warcry"],"picked":"Sever Soul","floor":6},{"not_picked":["Thunderclap","Armaments"],"picked":"Flame Barrier","floor":11},{"not_picked":["Body Slam","Havoc"],"picked":"Feed","floor":12},{"not_picked":["Shockwave","Blood for Blood"],"picked":"Shrug It Off","floor":13},{"not_picked":["Berserk","Exhume"],"picked":"Bludgeon","floor":16},{"not_picked":["Iron Wave","Headbutt"],"picked":"Armaments","floor":18},{"not_picked":["Armaments","Sword Boomerang"],"picked":"Shrug It Off+1","floor":24},{"not_picked":["Heavy Blade","Pommel Strike"],"picked":"True Grit","floor":29}],"player_experience":392057,"relics_obtained":[{"floor":6,"key":"MawBank"},{"floor":9,"key":"StoneCalendar"},{"floor":26,"key":"Art of War"}],"event_choices":[{"damage_healed":0,"gold_gain":53,"player_choice":"Gained Gold","damage_taken":0,"max_hp_gain":0,"max_hp_loss":0,"event_name":"Golden Wing","floor":7,"gold_loss":0},{"damage_healed":0,"gold_gain":0,"player_choice":"Opened","damage_taken":0,"relics_obtained":["Pantograph"],"max_hp_gain":0,"max_hp_loss":0,"event_name":"The Mausoleum","floor":19,"gold_loss":0,"cards_obtained":["Writhe"]},{"damage_healed":29,"gold_gain":0,"player_choice":"Heal","damage_taken":0,"max_hp_gain":0,"max_hp_loss":0,"event_name":"The Library","floor":21,"gold_loss":0},{"damage_healed":0,"gold_gain":0,"player_choice":"Got Potions","damage_taken":0,"max_hp_gain":0,"max_hp_loss":0,"event_name":"Lab","floor":27,"gold_loss":0}],"is_beta":false,"boss_relics":[{"not_picked":["Sozu","Ectoplasm"],"picked":"Lizard Tail"}],"items_purged_floors":[],"is_endless":false,"potions_floor_spawned":[3,12],"killed_by":"Gremlin Leader","ascension_level":12}