{"gold_per_floor":[110,11,22,34,109,135,135,135,135,135,162,172,172,172,172,270,270,284,294,294,394,413,413,413,470,520,520,531,561,574,586,586,684,684,702,752,752,770,784,809,827,862,885,898,898,915,944,61,61,61,61,61,61,86,86],"floor_reached":56,"playtime":6416,"items_purged":["Strike_B"],"score":1977,"play_id":"18dc7d47-25cb-4def-bb98-04c22642d0f4","local_time":"20190213223911","is_ascension_mode":true,"campfire_choices":[{"data":"Zap","floor":8,"key":"SMITH"},{"data":"Dualcast","floor":10,"key":"SMITH"},{"data":"Defragment","floor":13,"key":"SMITH"},{"data":"Glacier","floor":15,"key":"SMITH"},{"floor":23,"key":"RECALL"},{"data":"Fission","floor":27,"key":"SMITH"},{"data":"Chaos","floor":32,"key":"SMITH"},{"data":"Blizzard","floor":45,"key":"SMITH"},{"data":"Loop","floor":49,"key":"SMITH"},{"data":"Echo Form","floor":52,"key":"SMITH"}],"neow_cost":"TEN_PERCENT_HP_LOSS","seed_source_timestamp":74382992676296,"circlet_count":0,"master_deck":["Strike_B+1","Strike_B","Strike_B+1","Defend_B","Defend_B","Defend_B","Defend_B","Zap+1","Dualcast+1","Ball Lightning","Ball Lightning+1","Glacier+1","Capacitor","Cold Snap","Steam","Defragment+1","Defragment+1","Seek","Redo+1","Coolheaded","Electrodynamics","Turbo","Coolheaded+1","Fission+1","Fusion+1","Chaos+1","Loop+1","Stack+1","Echo Form+1","Blizzard+1","Defragment+1","Leap+1","Cold Snap+1","Loop+1","Loop","Rip and Tear+1"],"relics":["Cracked Core","FossilizedHelix","Thread and Needle","Bird Faced Urn","Ornamental Fan","Black Star","Turnip","Sundial","Tiny Chest","Omamori","Whetstone","Art of War","Ancient Tea Set","Inserter","Calipers","DataDisk","Pantograph","Orichalcum","Emotion Chip","Happy Flower","Strawberry","Letter Opener","TheAbacus","Pocketwatch","Mummified Hand","Anchor"],"potions_floor_usage":[16,19,21,25,25,36,36,40,50,50,55,55],"damage_taken":[{"damage":0,"enemies":"Jaw Worm","floor":1,"turns":3},{"damage":0,"enemies":"2 Louse","floor":3,"turns":2},{"damage":0,"enemies":"Cultist","floor":4,"turns":4},{"damage":2,"enemies":"Lagavulin","floor":6,"turns":7},{"damage":4,"enemies":"Gremlin Nob","floor":11,"turns":4},{"damage":0,"enemies":"Large Slime","floor":12,"turns":5},{"damage":0,"enemies":"Hexaghost","floor":16,"turns":9},{"damage":0,"enemies":"Chosen","floor":18,"turns":4},{"damage":0,"enemies":"2 Thieves","floor":19,"turns":5},{"damage":5,"enemies":"Colosseum Slavers","floor":21,"turns":4},{"damage":0,"enemies":"Colosseum Nobs","floor":21,"turns":3},{"damage":0,"enemies":"Snake Plant","floor":22,"turns":4},{"damage":0,"enemies":"Slavers","floor":25,"turns":4},{"damage":0,"enemies":"3 Cultists","floor":28,"turns":2},{"damage":0,"enemies":"Gremlin Leader","floor":29,"turns":6},{"damage":4,"enemies":"Chosen and Byrds","floor":30,"turns":5},{"damage":5,"enemies":"Sentry and Sphere","floor":31,"turns":4},{"damage":18,"enemies":"Collector","floor":33,"turns":8},{"damage":0,"enemies":"3 Darklings","floor":35,"turns":5},{"damage":9,"enemies":"2 Orb Walkers","floor":36,"turns":7},{"damage":13,"enemies":"3 Shapes","floor":38,"turns":5},{"damage":0,"enemies":"Jaw Worm Horde","floor":39,"turns":3},{"damage":0,"enemies":"Nemesis","floor":40,"turns":9},{"damage":0,"enemies":"4 Shapes","floor":41,"turns":2},{"damage":25,"enemies":"Reptomancer","floor":42,"turns":7},{"damage":0,"enemies":"Sphere and 2 Shapes","floor":44,"turns":9},{"damage":0,"enemies":"3 Darklings","floor":46,"turns":3},{"damage":0,"enemies":"Nemesis","floor":47,"turns":7},{"damage":0,"enemies":"Time Eater","floor":50,"turns":9},{"damage":20,"enemies":"Shield and Spear","floor":54,"turns":8},{"damage":5,"enemies":"The Heart","floor":55,"turns":9}],"seed_played":"-4415149447698559382","potions_obtained":[{"floor":3,"key":"AttackPotion"},{"floor":4,"key":"EssenceOfSteel"},{"floor":11,"key":"Block Potion"},{"floor":16,"key":"SkillPotion"},{"floor":21,"key":"FocusPotion"},{"floor":22,"key":"SteroidPotion"},{"floor":33,"key":"AttackPotion"},{"floor":35,"key":"Block Potion"},{"floor":38,"key":"GamblersBrew"},{"floor":39,"key":"Dexterity Potion"},{"floor":42,"key":"FocusPotion"},{"floor":54,"key":"AttackPotion"}],"is_trial":false,"path_per_floor":["M","$","M","M","?","E","?","R","T","R","E","M","R","?","R","B",null,"M","M","?","?","M","R","?","E","T","R","M","E","M","M","R","B",null,"M","?","?","M","M","E","M","E","T","M","R","M","E","$","R","B",null,"R","$","E","B",null],"character_chosen":"DEFECT","items_purchased":["Ball Lightning","Glacier","Letter Opener","TheAbacus","Pocketwatch","Loop"],"campfire_rested":0,"item_purchase_floors":[2,2,48,48,48,48],"current_hp_per_floor":[68,68,68,68,57,55,55,55,55,55,53,57,57,43,43,49,63,67,68,68,68,68,68,62,66,66,66,68,68,66,68,68,50,64,68,61,61,62,68,68,68,51,51,65,65,68,75,75,75,75,75,75,75,63,75],"gold":86,"neow_bonus":"ONE_RARE_RELIC","is_prod":false,"is_daily":false,"chose_seed":false,"campfire_upgraded":9,"win_rate":0,"timestamp":1550093951,"path_taken":["M","$","M","M","?","E","?","R","T","R","E","M","R","?","R","BOSS","M","M","?","?","M","R","?","E","T","R","M","E","?","M","R","BOSS","M","?","?","M","?","E","M","E","T","M","R","M","E","?","R","BOSS","R","$","E","BOSS"],"build_version":"2019-01-23","purchased_purges":1,"victory":true,"max_hp_per_floor":[68,68,68,68,68,68,68,68,68,68,68,68,68,68,68,68,68,68,68,68,68,68,68,68,68,68,68,68,68,68,68,68,68,68,68,68,68,68,68,68,68,68,68,68,68,68,75,75,75,75,75,75,75,75,75],"card_choices":[{"not_picked":["Streamline","Skim"],"picked":"Ball Lightning","floor":1},{"not_picked":["Scrape","Reprogram"],"picked":"Capacitor","floor":3},{"not_picked":["Sweeping Beam","Darkness"],"picked":"Cold Snap","floor":4},{"not_picked":["Streamline","Leap"],"picked":"Steam","floor":6},{"not_picked":["Stack","Loop"],"picked":"Defragment","floor":11},{"not_picked":["Core Surge","Turbo"],"picked":"Defragment","floor":12},{"not_picked":["Thunder Strike","Hyperbeam"],"picked":"Seek","floor":16},{"not_picked":["Gash+1","Barrage"],"picked":"Redo+1","floor":18},{"not_picked":["Storm","Redo"],"picked":"Coolheaded","floor":19},{"not_picked":["Reprogram","Go for the Eyes"],"picked":"Turbo","floor":21},{"not_picked":["Hologram","Heatsinks"],"picked":"Coolheaded+1","floor":22},{"not_picked":["Redo","Go for the Eyes"],"picked":"Fission","floor":25},{"not_picked":["Leap","Static Discharge"],"picked":"Fusion+1","floor":28},{"not_picked":["Steam+1","Rebound"],"picked":"Chaos","floor":29},{"not_picked":["Reinforced Body","Redo"],"picked":"Loop","floor":30},{"not_picked":["Beam Cell","Leap"],"picked":"Stack+1","floor":31},{"not_picked":["All For One","Buffer"],"picked":"Echo Form","floor":33},{"not_picked":["Lockon","Reinforced Body"],"picked":"Blizzard","floor":35},{"not_picked":["Leap+1","Cold Snap+1"],"picked":"Defragment+1","floor":36},{"not_picked":["Gash","Undo"],"picked":"Leap+1","floor":38},{"not_picked":["Turbo+1","Stack+1","Lockon"],"picked":"SKIP","floor":39},{"not_picked":["Turbo","Conserve Battery+1"],"picked":"Cold Snap+1","floor":40},{"not_picked":["Ball Lightning","Sunder+1","Heatsinks"],"picked":"SKIP","floor":41},{"not_picked":["Go for the Eyes","Darkness","Recycle+1"],"picked":"SKIP","floor":42},{"not_picked":["Sunder","Steam Power+1","Streamline+1"],"picked":"SKIP","floor":44},{"not_picked":["Ball Lightning+1","Compile Driver+1","Rebound"],"picked":"SKIP","floor":46},{"not_picked":["Seek","Melter"],"picked":"Loop+1","floor":47},{"not_picked":["Rebound+1","Go for the Eyes+1"],"picked":"Rip and Tear+1","floor":54}],"player_experience":390879,"relics_obtained":[{"floor":6,"key":"Thread and Needle"},{"floor":9,"key":"Bird Faced Urn"},{"floor":11,"key":"Ornamental Fan"},{"floor":21,"key":"Turnip"},{"floor":21,"key":"Sundial"},{"floor":25,"key":"Tiny Chest"},{"floor":25,"key":"Omamori"},{"floor":26,"key":"Whetstone"},{"floor":29,"key":"Art of War"},{"floor":29,"key":"Ancient Tea Set"},{"floor":36,"key":"Calipers"},{"floor":40,"key":"DataDisk"},{"floor":40,"key":"Pantograph"},{"floor":42,"key":"Orichalcum"},{"floor":42,"key":"Emotion Chip"},{"floor":47,"key":"Happy Flower"},{"floor":47,"key":"Strawberry"},{"floor":54,"key":"Mummified Hand"},{"floor":54,"key":"Anchor"}],"event_choices":[{"damage_healed":0,"gold_gain":75,"player_choice":"Gather Gold","damage_taken":11,"max_hp_gain":0,"max_hp_loss":0,"event_name":"World of Goop","floor":5,"gold_loss":0},{"damage_healed":0,"gold_gain":0,"player_choice":"Ignored","damage_taken":0,"max_hp_gain":0,"max_hp_loss":0,"event_name":"Liars Game","floor":7,"gold_loss":0},{"damage_healed":0,"gold_gain":0,"player_choice":"Entered Light","damage_taken":14,"max_hp_gain":0,"max_hp_loss":0,"event_name":"Shining Light","floor":14,"gold_loss":0,"cards_upgraded":["Strike_B","Defragment"]},{"damage_healed":0,"gold_gain":0,"player_choice":"Read","damage_taken":0,"max_hp_gain":0,"max_hp_loss":0,"event_name":"The Library","floor":20,"gold_loss":0,"cards_obtained":["Electrodynamics"]},{"damage_healed":0,"gold_gain":0,"player_choice":"Fight","damage_taken":0,"max_hp_gain":0,"max_hp_loss":0,"event_name":"Colosseum","floor":21,"gold_loss":0},{"damage_healed":0,"gold_gain":0,"player_choice":"Fought Nobs","damage_taken":0,"max_hp_gain":0,"max_hp_loss":0,"event_name":"Colosseum","floor":21,"gold_loss":0},{"damage_healed":0,"gold_gain":0,"player_choice":"","damage_taken":6,"max_hp_gain":0,"max_hp_loss":0,"event_name":"Knowing Skull","floor":24,"potions_obtained":[],"gold_loss":0,"cards_obtained":[]},{"damage_healed":0,"gold_gain":0,"player_choice":"Fight","damage_taken":0,"max_hp_gain":0,"max_hp_loss":0,"event_name":"Mysterious Sphere","floor":36,"gold_loss":0},{"damage_healed":0,"gold_gain":0,"player_choice":"Ignored","damage_taken":0,"max_hp_gain":0,"max_hp_loss":0,"event_name":"SecretPortal","floor":37,"gold_loss":0}],"is_beta":false,"boss_relics":[{"not_picked":["Astrolabe","Fusion Hammer"],"picked":"Black Star"},{"not_picked":["Lizard Tail","Velvet Choker"],"picked":"Inserter"}],"items_purged_floors":[48],"is_endless":false,"potions_floor_spawned":[3,4,11,16,21,21,22,33,35,38,39,42,46,47,54],"ascension_level":8}