{"gold_per_floor":[112,112,62,73,2,34,34,34,60,60,85,85,73,98,98,229,229,245,245,269,269,151,151],"floor_reached":23,"playtime":1449,"items_purged":["Defend_R"],"score":243,"play_id":"44719100-e2f4-4a43-9058-f79c7c9612ac","local_time":"20190128171210","is_ascension_mode":true,"campfire_choices":[{"data":"Shockwave","floor":7,"key":"SMITH"},{"data":"Flex","floor":10,"key":"SMITH"},{"floor":12,"key":"REST"},{"floor":15,"key":"REST"}],"neow_cost":"NONE","seed_source_timestamp":2056481916586,"circlet_count":0,"master_deck":["Strike_R","Strike_R","Defend_R","Defend_R","Defend_R","Bash","Body Slam","Flex+1","Combust","Shockwave+1","Intimidate","Flex","Pommel Strike","Limit Break","Inflame","RitualDagger","Pummel"],"relics":["Burning Blood","Letter Opener","Bloody Idol","Smiling Mask","Black Star","Happy Flower"],"potions_floor_usage":[14,16,16,23],"damage_taken":[{"damage":4,"enemies":"2 Louse","floor":1,"turns":4},{"damage":12,"enemies":"Small Slimes","floor":4,"turns":5},{"damage":36,"enemies":"Gremlin Nob","floor":6,"turns":5},{"damage":14,"enemies":"Jaw Worm","floor":11,"turns":4},{"damage":31,"enemies":"Exordium Thugs","floor":13,"turns":4},{"damage":10,"enemies":"3 Louse","floor":14,"turns":3},{"damage":29,"enemies":"Hexaghost","floor":16,"turns":9},{"damage":31,"enemies":"3 Byrds","floor":18,"turns":4},{"damage":42,"enemies":"Book of Stabbing","floor":23,"turns":3}],"seed_played":"9050816473425357507","potions_obtained":[{"floor":6,"key":"SkillPotion"},{"floor":11,"key":"Swift Potion"},{"floor":13,"key":"AttackPotion"},{"floor":16,"key":"GamblersBrew"}],"is_trial":false,"path_per_floor":["?","?","?","?","T","?"],"character_chosen":"IRONCLAD","items_purchased":["Combust","Pummel"],"campfire_rested":2,"item_purchase_floors":[5,22],"current_hp_per_floor":[74,74,74,68,68,38,38,38,38,38,30,52,27,23,45,22,61,36,36,41,35,35,0],"gold":151,"neow_bonus":"TRANSFORM_CARD","is_prod":false,"is_daily":false,"chose_seed":false,"campfire_upgraded":2,"win_rate":0,"timestamp":1548666730,"path_taken":["M","?","?","M","$","E","R","?","T","R","M","R","M","M","R","BOSS","M","?","?","?","$","E"],"build_version":"2019-01-23","purchased_purges":1,"victory":false,"max_hp_per_floor":[80,80,80,80,80,80,80,74,74,74,74,74,74,74,74,74,74,74,74,74,74,74,74],"card_choices":[{"not_picked":["Havoc","Flame Barrier","Reckless Charge"],"picked":"SKIP","floor":1},{"not_picked":["Bloodletting","Battle Trance"],"picked":"Flex","floor":4},{"not_picked":["Reckless Charge","Bloodletting"],"picked":"Shockwave","floor":6},{"not_picked":["Rampage","Perfected Strike"],"picked":"Intimidate","floor":11},{"not_picked":["Thunderclap","Combust"],"picked":"Flex","floor":13},{"not_picked":["Warcry","Armaments"],"picked":"Pommel Strike","floor":14},{"not_picked":["Berserk","Dark Embrace"],"picked":"Limit Break","floor":16},{"not_picked":["Thunderclap","Shrug It Off+1"],"picked":"Inflame","floor":18}],"player_experience":87683,"relics_obtained":[{"floor":6,"key":"Letter Opener"},{"floor":9,"key":"Smiling Mask"},{"floor":20,"key":"Happy Flower"}],"event_choices":[{"cards_removed":["Strike_R"],"damage_healed":0,"gold_gain":0,"player_choice":"Forget","damage_taken":0,"max_hp_gain":0,"max_hp_loss":0,"event_name":"Living Wall","floor":2,"gold_loss":0},{"cards_removed":["Strike_R"],"damage_healed":0,"gold_gain":0,"player_choice":"Card Removal","damage_taken":0,"max_hp_gain":0,"max_hp_loss":0,"event_name":"The Cleric","floor":3,"gold_loss":50},{"damage_healed":0,"gold_gain":0,"player_choice":"Lose Max HP","damage_taken":0,"relics_obtained":["Golden Idol"],"max_hp_gain":0,"max_hp_loss":6,"event_name":"Golden Idol","floor":8,"gold_loss":0},{"damage_healed":0,"gold_gain":0,"player_choice":"Gave Idol","damage_taken":0,"relics_obtained":["Bloody Idol"],"max_hp_gain":0,"max_hp_loss":0,"event_name":"Forgotten Altar","floor":19,"relics_lost":["Golden Idol"],"gold_loss":0},{"damage_healed":0,"gold_gain":0,"player_choice":"Joined the Cult","damage_taken":6,"max_hp_gain":0,"max_hp_loss":0,"event_name":"Nest","floor":21,"gold_loss":0,"cards_obtained":["RitualDagger"]}],"is_beta":false,"boss_relics":[{"not_picked":["Runic Dome","Philosopher\u0027s Stone"],"picked":"Black Star"}],"items_purged_floors":[22],"is_endless":false,"potions_floor_spawned":[6,11,13,16],"killed_by":"Book of Stabbing","ascension_level":6}