{"gold_per_floor":[114,133,32,32,32,51,51,51,77,105,105,139,151,168,168,271,271,284,295,220,233,233,233,249,84,108,119,145,60,60,91,91,192,192,204,259,7,20,20,47,47,64,64,79,92,108,108,29,29,29],"floor_reached":51,"playtime":2155,"items_purged":[],"score":939,"play_id":"8e555094-08c6-45a9-ac39-eb2f25ff4fef","local_time":"20180907012007","is_ascension_mode":true,"campfire_choices":[{"data":"Defragment","floor":8,"key":"SMITH"},{"data":"Zap","floor":11,"key":"SMITH"},{"floor":15,"key":"REST"},{"data":"Panacea","floor":23,"key":"SMITH"},{"floor":30,"key":"REST"},{"floor":32,"key":"REST"},{"floor":41,"key":"REST"},{"floor":49,"key":"REST"}],"neow_cost":"","seed_source_timestamp":1928955812411232,"circlet_count":0,"master_deck":["Strike_B","Strike_B","Defend_B","Defend_B","Defend_B","Zap+1","Dualcast","Defragment+1","Coolheaded","Panacea+1","Sweeping Beam","Steam","Capacitor","Reinforced Body","Biased Cognition","Redo+1","Leap","Glacier","Defragment","Blind","Leap","Biased Cognition","White Noise","Loop"],"relics":["Cracked Core","DataDisk","Art of War","Cables","Blue Candle","Empty Cage","MutagenicStrength","Bag of Preparation","Red Mask","Girya","Blood Vial","Busted Crown","Turnip","Symbiotic Virus","Centennial Puzzle","Oddly Smooth Stone"],"potions_floor_usage":[6,6,10,14,16,31,31,33,36,46,47],"damage_taken":[{"damage":6,"enemies":"2 Louse","floor":1,"turns":2},{"damage":1,"enemies":"Cultist","floor":2,"turns":3},{"damage":0,"enemies":"Jaw Worm","floor":6,"turns":1},{"damage":11,"enemies":"3 Sentries","floor":10,"turns":6},{"damage":11,"enemies":"Gremlin Nob","floor":12,"turns":5},{"damage":15,"enemies":"Large Slime","floor":13,"turns":4},{"damage":0,"enemies":"Red Slaver","floor":14,"turns":3},{"damage":31,"enemies":"Slime Boss","floor":16,"turns":9},{"damage":0,"enemies":"Spheric Guardian","floor":18,"turns":3},{"damage":13,"enemies":"Chosen","floor":19,"turns":5},{"damage":3,"enemies":"Snecko","floor":21,"turns":5},{"damage":3,"enemies":"Centurion and Healer","floor":24,"turns":6},{"damage":6,"enemies":"3 Cultists","floor":27,"turns":4},{"damage":0,"enemies":"Masked Bandits","floor":28,"turns":4},{"damage":2,"enemies":"Gremlin Leader","floor":31,"turns":8},{"damage":39,"enemies":"Automaton","floor":33,"turns":17},{"damage":0,"enemies":"Orb Walker","floor":35,"turns":4},{"damage":2,"enemies":"Mysterious Sphere","floor":36,"turns":5},{"damage":2,"enemies":"3 Shapes","floor":38,"turns":4},{"damage":38,"enemies":"Giant Head","floor":40,"turns":10},{"damage":21,"enemies":"Reptomancer","floor":42,"turns":10},{"damage":0,"enemies":"Maw","floor":44,"turns":7},{"damage":2,"enemies":"Transient","floor":45,"turns":5},{"damage":2,"enemies":"Sphere and 2 Shapes","floor":46,"turns":3},{"damage":5,"enemies":"4 Shapes","floor":47,"turns":3},{"damage":53,"enemies":"Donu and Deca","floor":50,"turns":8}],"seed_played":"8373939315259369607","potions_obtained":[{"floor":4,"key":"Fire Potion"},{"floor":4,"key":"Swift Potion"},{"floor":4,"key":"Dexterity Potion"},{"floor":6,"key":"SpeedPotion"},{"floor":10,"key":"Weak Potion"},{"floor":12,"key":"FocusPotion"},{"floor":19,"key":"LiquidBronze"},{"floor":21,"key":"EssenceOfSteel"},{"floor":28,"key":"Ancient Potion"},{"floor":31,"key":"Energy Potion"},{"floor":35,"key":"SkillPotion"},{"floor":42,"key":"Fire Potion"},{"floor":45,"key":"SmokeBomb"}],"is_trial":false,"path_per_floor":["M","M","$","?","?","M","$","R","T","E","R","E","M","M","R","B",null,"M","M","?","M","?","R","M","$","T","M","?","?","R","E","R","B",null,"M","?","$","M","$","E","R","M","T","M","M","M","M","$","R","B"],"character_chosen":"DEFECT","items_purchased":["Panacea","Defragment","Blind","Symbiotic Virus","Loop"],"campfire_rested":5,"item_purchase_floors":[3,25,25,37,48],"current_hp_per_floor":[62,61,61,61,54,54,54,54,54,43,43,32,17,17,39,8,58,58,45,45,42,42,42,39,39,39,33,33,33,55,53,75,36,65,67,67,67,67,67,31,53,41,41,43,43,43,40,40,62,11],"gold":29,"neow_bonus":"","is_prod":false,"is_daily":false,"chose_seed":false,"campfire_upgraded":3,"win_rate":0,"timestamp":1536276007,"path_taken":["M","M","$","?","?","?","$","R","T","E","R","E","M","M","R","BOSS","M","M","?","?","?","R","M","$","T","M","?","?","R","E","R","BOSS","M","?","$","M","$","E","R","M","T","M","M","M","M","$","R","BOSS"],"build_version":"2018-09-06","purchased_purges":0,"victory":true,"max_hp_per_floor":[75,75,75,75,75,75,75,75,75,75,75,75,75,75,75,75,75,75,75,75,75,75,75,75,75,75,75,75,75,75,75,75,75,75,75,75,75,75,75,75,75,75,75,75,75,75,75,75,75,75],"card_choices":[{"not_picked":["Redo","Heatsinks"],"picked":"Defragment","floor":1},{"not_picked":["Heatsinks","Melter"],"picked":"Coolheaded","floor":2},{"not_picked":["Beam Cell","Go for the Eyes"],"picked":"Sweeping Beam","floor":6},{"not_picked":["Chaos","Consume"],"picked":"Steam","floor":10},{"not_picked":["Ball Lightning","Rebound"],"picked":"Capacitor","floor":12},{"not_picked":["Fusion","Hello World","Force Field"],"picked":"SKIP","floor":13},{"not_picked":["Defragment","Steam Power"],"picked":"Reinforced Body","floor":14},{"not_picked":["Seek","Hyperbeam"],"picked":"Biased Cognition","floor":16},{"not_picked":["Turbo","Gash","BootSequence+1"],"picked":"SKIP","floor":18},{"not_picked":["Beam Cell+1","Gash"],"picked":"Redo+1","floor":19},{"not_picked":["Beam Cell","Skim"],"picked":"Leap","floor":21},{"not_picked":["Rebound+1","Chaos"],"picked":"Glacier","floor":24},{"not_picked":["Hologram","Barrage"],"picked":"Leap","floor":27},{"not_picked":["Compile Driver","Cold Snap","Coolheaded"],"picked":"SKIP","floor":31},{"not_picked":["Thunder Strike","Amplify"],"picked":"Biased Cognition","floor":33},{"not_picked":["Aggregate"],"picked":"SKIP","floor":35},{"not_picked":["Steam"],"picked":"SKIP","floor":38},{"not_picked":[],"picked":"White Noise","floor":40},{"not_picked":["Leap"],"picked":"SKIP","floor":42},{"not_picked":["Coolheaded"],"picked":"SKIP","floor":44},{"not_picked":["Cold Snap+1"],"picked":"SKIP","floor":45},{"not_picked":["Leap"],"picked":"SKIP","floor":46}],"player_experience":390503,"relics_obtained":[{"floor":9,"key":"Art of War"},{"floor":10,"key":"Cables"},{"floor":12,"key":"Blue Candle"},{"floor":26,"key":"Bag of Preparation"},{"floor":28,"key":"Red Mask"},{"floor":31,"key":"Blood Vial"},{"floor":36,"key":"Turnip"},{"floor":40,"key":"Centennial Puzzle"},{"floor":43,"key":"Oddly Smooth Stone"}],"event_choices":[{"event_name":"The Lab","player_choice":"Got Potions","floor":4,"damage_taken":0},{"event_name":"Scrap Ooze","player_choice":"success","floor":5,"damage_taken":7},{"event_name":"Beggar","player_choice":"Gave Gold","floor":20,"damage_taken":0},{"event_name":"Drug Dealer","player_choice":"Inject Mutagens","floor":22,"damage_taken":0},{"event_name":"Masked Bandits","player_choice":"Fought Bandits","floor":28,"damage_taken":0},{"event_name":"Addict","player_choice":"Obtained Relic","floor":29,"damage_taken":0},{"event_name":"Mysterious Sphere","player_choice":"Fight","floor":36,"damage_taken":0}],"is_beta":false,"boss_relics":[{"not_picked":["Cursed Key","White Beast Statue"],"picked":"Empty Cage"},{"not_picked":["Velvet Choker","Lizard Tail"],"picked":"Busted Crown"}],"items_purged_floors":[],"is_endless":false,"potions_floor_spawned":[6,10,12,19,21,28,31,35,42,45,47],"ascension_level":6}