{"gold_per_floor":[114,39,14,31,47,75,85,95,95,95,116,116,116,154,154,154],"floor_reached":16,"playtime":601,"items_purged":["Strike_R"],"score":202,"play_id":"516c6590-1184-4595-8fc1-5023b3e8d753","local_time":"20190224002341","is_ascension_mode":true,"campfire_choices":[{"data":"Seeing Red","floor":13,"key":"SMITH"},{"floor":15,"key":"REST"}],"neow_cost":"NONE","seed_source_timestamp":571530637587592,"circlet_count":0,"master_deck":["AscendersBane","Strike_R","Strike_R","Strike_R","Defend_R","Defend_R","Defend_R","Defend_R","Bash","Seeing Red+1","Body Slam","Whirlwind","Shrug It Off","Pummel","Iron Wave","Disarm","Injury","Flex","Parasite","Disarm"],"relics":["Burning Blood","Anchor","Frozen Egg 2","Golden Idol","Gremlin Horn"],"potions_floor_usage":[6,6,16],"damage_taken":[{"damage":6,"enemies":"Cultist","floor":1,"turns":4},{"damage":8,"enemies":"2 Louse","floor":4,"turns":3},{"damage":2,"enemies":"Jaw Worm","floor":5,"turns":3},{"damage":46,"enemies":"Lagavulin","floor":6,"turns":9},{"damage":10,"enemies":"Lots of Slimes","floor":7,"turns":3},{"damage":0,"enemies":"Gremlin Gang","floor":8,"turns":3},{"damage":2,"enemies":"3 Louse","floor":11,"turns":2},{"damage":23,"enemies":"Gremlin Nob","floor":14,"turns":4},{"damage":62,"enemies":"Hexaghost","floor":16,"turns":15}],"seed_played":"5589188387380119081","potions_obtained":[{"floor":4,"key":"FearPotion"},{"floor":5,"key":"Weak Potion"},{"floor":11,"key":"SteroidPotion"}],"is_trial":false,"path_per_floor":["M","$","$","M","M","E","M","M","T","?","M","?","R","E","R","B"],"character_chosen":"IRONCLAD","items_purchased":["Body Slam"],"campfire_rested":1,"item_purchase_floors":[3],"current_hp_per_floor":[68,68,68,66,70,30,26,32,32,32,36,54,54,37,59,0],"gold":154,"neow_bonus":"REMOVE_CARD","is_prod":false,"is_daily":false,"chose_seed":false,"campfire_upgraded":1,"win_rate":0,"timestamp":1550996621,"path_taken":["M","?","$","M","M","E","M","M","T","?","M","?","R","E","R","BOSS"],"build_version":"2019-01-23","purchased_purges":1,"victory":false,"max_hp_per_floor":[75,75,75,75,75,75,75,75,75,75,75,75,75,75,75,75],"card_choices":[{"not_picked":["Clothesline","Warcry"],"picked":"Seeing Red","floor":1},{"not_picked":["Combust","Pommel Strike"],"picked":"Whirlwind","floor":4},{"not_picked":["Carnage","Twin Strike"],"picked":"Shrug It Off","floor":5},{"not_picked":["Iron Wave","Havoc"],"picked":"Pummel","floor":6},{"not_picked":["Searing Blow","Clash"],"picked":"Iron Wave","floor":7},{"not_picked":["Cleave","Shrug It Off"],"picked":"Disarm","floor":8},{"not_picked":["Berserk+1","Anger"],"picked":"Flex","floor":11},{"not_picked":["Cleave","Sever Soul"],"picked":"Disarm","floor":14}],"player_experience":550411,"relics_obtained":[{"floor":6,"key":"Anchor"},{"floor":9,"key":"Frozen Egg 2"},{"floor":14,"key":"Gremlin Horn"}],"event_choices":[{"damage_healed":0,"gold_gain":0,"player_choice":"Take Wound","damage_taken":0,"relics_obtained":["Golden Idol"],"max_hp_gain":0,"max_hp_loss":0,"event_name":"Golden Idol","floor":10,"gold_loss":0,"cards_obtained":["Injury"]},{"damage_healed":18,"gold_gain":0,"player_choice":"Healed and dodged fight","damage_taken":0,"max_hp_gain":0,"max_hp_loss":0,"event_name":"Mushrooms","floor":12,"gold_loss":0,"cards_obtained":["Parasite"]}],"is_beta":false,"boss_relics":[],"items_purged_floors":[2],"is_endless":false,"potions_floor_spawned":[4,5,11],"killed_by":"Hexaghost","ascension_level":16}