{"gold_per_floor":[361,331,343,361,361,361,391,391,391,403,403,403,74,4,4,79,79,79,79,79,40,40,40,40,40,40,40,40,40,14,14,14,14,14,14,14,14,14,14,14,14],"floor_reached":41,"playtime":8274,"items_purged":["Parasite"],"score":853,"play_id":"dba30968-b77c-49e2-9d86-ea0478c8f825","local_time":"20190225101836","is_ascension_mode":true,"campfire_choices":[{"data":"Bouncing Flask","floor":6.0,"key":"SMITH"},{"data":"1","floor":8.0,"key":"LIFT"},{"data":"2","floor":11.0,"key":"LIFT"},{"data":"3","floor":15.0,"key":"LIFT"},{"floor":24.0,"key":"REST"},{"data":"Well Laid Plans","floor":28.0,"key":"SMITH"},{"floor":32.0,"key":"REST"}],"neow_cost":"PERCENT_DAMAGE","seed_source_timestamp":0,"circlet_count":0,"master_deck":["AscendersBane","Defend_G","Defend_G","Defend_G+1","Defend_G+1","Strike_G","Strike_G","Strike_G","Survivor","Neutralize","Bouncing Flask+1","Cloak And Dagger","Backflip","Flechettes","Deadly Poison","Poisoned Stab","A Thousand Cuts","Crippling Poison","Bouncing Flask+1","Quick Slash","Noxious Fumes","Outmaneuver","Catalyst","Caltrops+1","Well Laid Plans+1","Cloak And Dagger","Quick Slash","Setup","Flechettes","Corpse Explosion","Dagger Throw+1","Noxious Fumes","Leg Sweep+1","Writhe","Thinking Ahead","Terror"],"special_seed":0,"relics":["Ring of the Snake","Girya","FossilizedHelix","Gremlin Horn","Ectoplasm","Ninja Scroll","War Paint","Runic Dome","Shovel","Pocketwatch"],"potions_floor_usage":[37,37],"damage_taken":[{"damage":4.0,"enemies":"Small Slimes","floor":1.0,"turns":4.0},{"damage":0.0,"enemies":"Cultist","floor":3.0,"turns":3.0},{"damage":6.0,"enemies":"Jaw Worm","floor":4.0,"turns":4.0},{"damage":12.0,"enemies":"3 Sentries","floor":7.0,"turns":9.0},{"damage":7.0,"enemies":"Large Slime","floor":10.0,"turns":5.0},{"damage":0.0,"enemies":"Slime Boss","floor":16.0,"turns":7.0},{"damage":0.0,"enemies":"Spheric Guardian","floor":18.0,"turns":3.0},{"damage":4.0,"enemies":"3 Byrds","floor":20.0,"turns":5.0},{"damage":47.0,"enemies":"Gremlin Leader","floor":23.0,"turns":5.0},{"damage":0.0,"enemies":"Snecko","floor":25.0,"turns":4.0},{"damage":0.0,"enemies":"Snake Plant","floor":27.0,"turns":2.0},{"damage":10.0,"enemies":"3 Cultists","floor":29.0,"turns":5.0},{"damage":27.0,"enemies":"Collector","floor":33.0,"turns":7.0},{"damage":0.0,"enemies":"3 Shapes","floor":35.0,"turns":3.0},{"damage":0.0,"enemies":"Orb Walker","floor":36.0,"turns":2.0},{"damage":13,"enemies":"2 Orb Walkers","floor":37,"turns":4},{"damage":38,"enemies":"Giant Head","floor":40,"turns":7},{"damage":12,"enemies":"3 Darklings","floor":41,"turns":3}],"seed_played":"-3004700701903429620","potions_obtained":[{"floor":1.0,"key":"Block Potion"},{"floor":2.0,"key":"Fire Potion"},{"floor":10.0,"key":"SteroidPotion"},{"floor":16.0,"key":"Regen Potion"},{"floor":18.0,"key":"EssenceOfSteel"},{"floor":27.0,"key":"Fire Potion"},{"floor":36.0,"key":"AttackPotion"},{"floor":37,"key":"GamblersBrew"},{"floor":40,"key":"GhostInAJar"}],"is_trial":false,"path_per_floor":["M","?","M","M","?","R","E","R","T","M","R","?","$","$","R","B",null,"M","?","M","$","?","E","R","M","T","M","R","M","$","?","R","B",null,"M","M","?","?","?","E","M"],"character_chosen":"THE_SILENT","items_purchased":["Gremlin Horn","Poisoned Stab","Poison Potion","Noxious Fumes","Quick Slash"],"campfire_rested":2,"item_purchase_floors":[13,14,14,21,30],"current_hp_per_floor":[40,40,40,34,56,56,44,44,44,37,37,53,53,53,53,53,61,61,61,57,57,57,10,28,42,42,42,42,32,32,32,50,23,53,53,53,40,56,56,18,6],"gold":14,"neow_bonus":"TWO_FIFTY_GOLD","is_prod":false,"is_daily":false,"chose_seed":false,"campfire_upgraded":2,"win_rate":0,"timestamp":1551086316,"path_taken":["M","?","M","?","?","R","E","R","T","M","R","?","?","$","R","BOSS","M","?","M","?","?","E","R","M","T","?","R","M","$","?","R","BOSS","M","M","?","?","?","E","M"],"build_version":"2019-01-23","purchased_purges":1,"victory":false,"max_hp_per_floor":[66,66,66,66,66,66,66,66,66,66,66,66,63,63,63,63,63,63,63,63,63,63,63,63,63,63,63,63,63,63,63,63,63,63,63,63,63,63,63,63,63],"card_choices":[{"not_picked":["Sucker Punch","Dagger Spray"],"picked":"Bouncing Flask","floor":1.0},{"not_picked":["Blade Dance","Reflex"],"picked":"Cloak And Dagger","floor":3.0},{"not_picked":["Bane","Poisoned Stab"],"picked":"Backflip","floor":4.0},{"not_picked":["Phantasmal Killer","Prepared"],"picked":"Flechettes","floor":7.0},{"not_picked":["Slice","All Out Attack"],"picked":"Deadly Poison","floor":10.0},{"not_picked":["Bullet Time","Wraith Form v2"],"picked":"A Thousand Cuts","floor":16.0},{"not_picked":["Cloak And Dagger","Prepared"],"picked":"Crippling Poison","floor":18.0},{"not_picked":["Tactician","Prepared"],"picked":"Quick Slash","floor":20.0},{"not_picked":["Deadly Poison","Bane"],"picked":"Catalyst","floor":23.0},{"not_picked":["Cloak And Dagger","Dagger Spray+1"],"picked":"Caltrops+1","floor":25.0},{"not_picked":["Infinite Blades","Slice"],"picked":"Well Laid Plans","floor":27.0},{"not_picked":["Blade Dance","Poisoned Stab"],"picked":"Cloak And Dagger","floor":29.0},{"not_picked":["Grand Finale","Die Die Die"],"picked":"Corpse Explosion","floor":33.0},{"not_picked":["Blade Dance","Well Laid Plans"],"picked":"Dagger Throw+1","floor":35.0},{"not_picked":["Poisoned Stab","Blade Dance"],"picked":"Noxious Fumes","floor":36.0},{"not_picked":["Heel Hook","Quick Slash"],"picked":"Leg Sweep+1","floor":37},{"not_picked":["Dramatic Entrance","Enlightenment"],"picked":"Thinking Ahead","floor":39},{"not_picked":["Choke+1","Underhanded Strike"],"picked":"Terror","floor":40}],"player_experience":2312083,"relics_obtained":[{"floor":7.0,"key":"Girya"},{"floor":9.0,"key":"FossilizedHelix"},{"floor":23.0,"key":"Ninja Scroll"},{"floor":26.0,"key":"War Paint"},{"floor":37,"key":"Shovel"},{"floor":40,"key":"Pocketwatch"}],"event_choices":[{"damage_healed":0.0,"max_hp_gain":0.0,"max_hp_loss":0.0,"gold_gain":0.0,"event_name":"The Woman in Blue","player_choice":"Bought 2 Potions","floor":2.0,"gold_loss":0.0,"damage_taken":0.0},{"damage_healed":22.0,"max_hp_gain":0.0,"max_hp_loss":0.0,"gold_gain":0.0,"event_name":"Big Fish","player_choice":"Banana","floor":5.0,"gold_loss":0.0,"damage_taken":0.0},{"damage_healed":16.0,"max_hp_gain":0.0,"max_hp_loss":0.0,"gold_gain":0.0,"event_name":"Mushrooms","player_choice":"Healed and dodged fight","floor":12.0,"gold_loss":0.0,"damage_taken":0.0,"cards_obtained":["Parasite"]},{"damage_healed":0.0,"max_hp_gain":0.0,"max_hp_loss":0.0,"gold_gain":0.0,"event_name":"Duplicator","player_choice":"Copied","floor":19.0,"gold_loss":0.0,"damage_taken":0.0,"cards_obtained":["Bouncing Flask"]},{"damage_healed":0.0,"max_hp_gain":0.0,"max_hp_loss":0.0,"gold_gain":0.0,"cards_transformed":["Strike_G"],"event_name":"Transmorgrifier","player_choice":"Transformed","floor":22.0,"gold_loss":0.0,"damage_taken":0.0,"cards_obtained":["Outmaneuver"]},{"damage_healed":0.0,"max_hp_gain":0.0,"max_hp_loss":0.0,"gold_gain":0.0,"cards_transformed":["Defend_G","Strike_G"],"event_name":"Drug Dealer","player_choice":"Became Test Subject","floor":31.0,"gold_loss":0.0,"damage_taken":0.0,"cards_obtained":["Setup","Flechettes"]},{"damage_healed":0,"gold_gain":0,"player_choice":"Fight","damage_taken":0,"max_hp_gain":0,"max_hp_loss":0,"event_name":"Mysterious Sphere","floor":37,"gold_loss":0},{"damage_healed":16,"gold_gain":0,"player_choice":"Writhe","damage_taken":0,"max_hp_gain":0,"max_hp_loss":0,"event_name":"Winding Halls","floor":38,"gold_loss":0,"cards_obtained":["Writhe"]},{"damage_healed":0,"gold_gain":0,"player_choice":"Memory 1","damage_taken":0,"max_hp_gain":0,"max_hp_loss":0,"event_name":"SensoryStone","floor":39,"gold_loss":0}],"is_beta":false,"boss_relics":[{"not_picked":["Eternal Feather","Black Star"],"picked":"Ectoplasm"},{"not_picked":["Orrery","Lizard Tail"],"picked":"Runic Dome"}],"items_purged_floors":[13],"is_endless":false,"potions_floor_spawned":[1,10,16,18,27,29,36,37,40],"killed_by":"3 Darklings","ascension_level":14}