{"gold_per_floor":[115,53,67,17,37,37,69,69,143,68,123,23,23,49,49,49],"floor_reached":16,"playtime":419,"items_purged":["Defend_B","Parasite"],"score":170,"play_id":"43d39b18-d36a-4f54-a55c-62bdf4990a17","local_time":"20180925181309","is_ascension_mode":true,"campfire_choices":[{"data":"Auto Shields","floor":6,"key":"SMITH"},{"floor":8,"key":"REST"},{"data":"Zap","floor":13,"key":"SMITH"},{"data":"Strike_B","floor":15,"key":"SMITH"}],"neow_cost":"CURSE","seed_source_timestamp":872102549642198,"circlet_count":0,"master_deck":["Strike_B","Strike_B","Strike_B+1","Defend_B","Defend_B+1","Defend_B","Zap+1","Dualcast","AscendersBane","Auto Shields+1","White Noise","Conserve Battery+1","Sweeping Beam"],"relics":["Cracked Core","Pocketwatch","Ancient Tea Set","Anchor","Question Card","Gremlin Horn","War Paint"],"potions_floor_usage":[7],"damage_taken":[{"damage":3,"enemies":"Small Slimes","floor":1,"turns":3},{"damage":1,"enemies":"Cultist","floor":3,"turns":3},{"damage":0,"enemies":"2 Louse","floor":5,"turns":3},{"damage":10,"enemies":"Lagavulin","floor":7,"turns":6},{"damage":18,"enemies":"Lagavulin Event","floor":11,"turns":8},{"damage":39,"enemies":"Gremlin Nob","floor":14,"turns":5},{"damage":0,"enemies":"Hexaghost","floor":16,"turns":1}],"seed_played":"1654931456892046213","potions_obtained":[{"floor":5,"key":"Energy Potion"},{"floor":7,"key":"Explosive Potion"},{"floor":14,"key":"Swift Potion"}],"is_trial":false,"path_per_floor":["M","?","M","?","M","R","E","R","T","$","?","$","R","E","R"],"character_chosen":"DEFECT","items_purchased":[],"campfire_rested":1,"item_purchase_floors":[],"current_hp_per_floor":[65,65,64,64,64,64,54,75,75,75,57,57,57,18,18,18],"gold":49,"neow_bonus":"ONE_RARE_RELIC","is_prod":false,"is_daily":false,"chose_seed":false,"campfire_upgraded":3,"win_rate":0,"timestamp":1537891989,"path_taken":["M","?","M","?","M","R","E","R","T","?","?","$","R","E","R","BOSS"],"build_version":"2018-09-20","purchased_purges":2,"victory":false,"max_hp_per_floor":[75,75,75,75,75,75,75,75,75,75,75,72,72,72,72,72],"card_choices":[{"not_picked":["Static Discharge","Turbo"],"picked":"Auto Shields","floor":1},{"not_picked":["Cold Snap","Static Discharge","Gash"],"picked":"SKIP","floor":3},{"not_picked":["FTL","Chill"],"picked":"White Noise","floor":5},{"not_picked":["Doom and Gloom","White Noise"],"picked":"Conserve Battery","floor":7},{"not_picked":["Amplify","Hologram","Static Discharge"],"picked":"Sweeping Beam","floor":14}],"player_experience":442244,"relics_obtained":[{"floor":7,"key":"Anchor"},{"floor":9,"key":"Question Card"},{"floor":14,"key":"War Paint"}],"event_choices":[{"event_name":"WeMeetAgain","player_choice":"Gold","floor":2,"damage_taken":0},{"event_name":"The Cleric","player_choice":"Card Removal","floor":4,"damage_taken":0},{"event_name":"Dead Adventurer","player_choice":"Searched \u00273\u0027 times","floor":11,"damage_taken":0}],"is_beta":false,"boss_relics":[],"items_purged_floors":[10,12],"is_endless":false,"potions_floor_spawned":[5,7,14],"killed_by":"Hexaghost","ascension_level":12}