{"gold_per_floor":[116,10,26,26,42,42,75,75,75,75,75,88,118,131,131,229,229,246,246,257,257],"floor_reached":21,"playtime":631,"items_purged":[],"score":255,"play_id":"bc9677b9-6456-45e7-81bc-321c5a273aa4","local_time":"20180908200020","is_ascension_mode":true,"campfire_choices":[{"data":"Steam","floor":6,"key":"SMITH"},{"data":"Hologram","floor":8,"key":"SMITH"},{"data":"Capacitor","floor":10,"key":"SMITH"},{"floor":15,"key":"REST"}],"neow_cost":"CURSE","seed_source_timestamp":116181135651646,"circlet_count":0,"master_deck":["Strike_B","Strike_B","Strike_B","Strike_B","Defend_B","Defend_B","Defend_B","Defend_B","Zap+1","Dualcast","Doubt","Thunder Strike","Hologram+1","Ball Lightning","Storm","Steam+1","Ball Lightning","Capacitor+1","Darkness","Leap","Multi-Cast","Echo Form","Capacitor+1"],"relics":["Cracked Core","Bottled Lightning","Cables","Potion Belt","Smiling Mask","Sozu","FaceOfCleric"],"potions_floor_usage":[5,16],"damage_taken":[{"damage":4,"enemies":"Jaw Worm","floor":1,"turns":5},{"damage":3,"enemies":"Cultist","floor":3,"turns":3},{"damage":5,"enemies":"2 Louse","floor":5,"turns":2},{"damage":4,"enemies":"Gremlin Nob","floor":7,"turns":3},{"damage":0,"enemies":"2 Fungi Beasts","floor":12,"turns":2},{"damage":30,"enemies":"Lagavulin","floor":13,"turns":7},{"damage":0,"enemies":"Blue Slaver","floor":14,"turns":3},{"damage":38,"enemies":"Slime Boss","floor":16,"turns":8},{"damage":0,"enemies":"Chosen","floor":18,"turns":3},{"damage":23,"enemies":"Shell Parasite","floor":20,"turns":6},{"damage":30,"enemies":"3 Cultists","floor":21,"turns":4}],"seed_played":"-5519952044733214144","potions_obtained":[{"floor":3,"key":"EssenceOfSteel"},{"floor":14,"key":"PowerPotion"}],"is_trial":false,"path_per_floor":["M","$","M","?","M","R","E","R","T","R","?","M","E","M","R","B",null,"M","?","M"],"character_chosen":"DEFECT","items_purchased":["Ball Lightning","Storm"],"campfire_rested":1,"item_purchase_floors":[2,2],"current_hp_per_floor":[64,64,61,61,56,56,52,52,52,52,49,49,19,19,41,3,57,57,57,35,5],"gold":257,"neow_bonus":"THREE_RARE_CARDS","is_prod":false,"is_daily":false,"chose_seed":false,"campfire_upgraded":3,"win_rate":0,"timestamp":1536429620,"path_taken":["M","$","M","?","M","R","E","R","T","R","?","?","E","?","R","BOSS","M","?","M","M"],"build_version":"2018-09-06","purchased_purges":0,"victory":false,"max_hp_per_floor":[75,75,75,75,75,75,75,75,75,75,75,75,75,75,75,75,75,75,75,76,76],"card_choices":[{"not_picked":["Fission","Rainbow"],"picked":"Thunder Strike","floor":0},{"not_picked":["Stack","Cold Snap"],"picked":"Hologram","floor":1},{"not_picked":["Force Field","Barrage"],"picked":"Steam","floor":3},{"not_picked":["Streamline","Steam"],"picked":"Ball Lightning","floor":5},{"not_picked":["Coolheaded","Darkness"],"picked":"Capacitor","floor":7},{"not_picked":["Hologram","Undo"],"picked":"Darkness","floor":12},{"not_picked":["Streamline","Ball Lightning"],"picked":"Leap","floor":13},{"not_picked":["Static Discharge","Streamline"],"picked":"Multi-Cast","floor":14},{"not_picked":["Meteor Strike","Thunder Strike"],"picked":"Echo Form","floor":16},{"not_picked":["Rebound","Storm","Ball Lightning"],"picked":"SKIP","floor":18},{"not_picked":["Leap","Barrage"],"picked":"Capacitor+1","floor":20}],"player_experience":395330,"relics_obtained":[{"floor":7,"key":"Bottled Lightning"},{"floor":9,"key":"Cables"},{"floor":13,"key":"Smiling Mask"}],"event_choices":[{"event_name":"Accursed Blacksmith","player_choice":"Forge","floor":4,"damage_taken":0},{"event_name":"Scrap Ooze","player_choice":"success","floor":11,"damage_taken":3},{"event_name":"FaceTrader","player_choice":"Trade","floor":19,"damage_taken":0}],"is_beta":false,"boss_relics":[{"not_picked":["Astrolabe","Fusion Hammer"],"picked":"Sozu"}],"items_purged_floors":[],"is_endless":false,"potions_floor_spawned":[3,14,20],"killed_by":"3 Cultists","ascension_level":7}