{"gold_per_floor":[109,124,84,103,103,103,134,134,134,134,153,182,182,214,214,315,315,335,63,162,178,78,78],"floor_reached":23,"playtime":1927,"items_purged":["Strike_R","Strike_R"],"score":279,"play_id":"1965de6e-a9da-440e-b4ac-6fac65539d37","local_time":"20181008202400","is_ascension_mode":true,"campfire_choices":[{"data":"Anger","floor":6,"key":"SMITH"},{"data":"True Grit","floor":8,"key":"SMITH"},{"data":"Shrug It Off","floor":13,"key":"SMITH"},{"floor":15,"key":"REST"}],"neow_cost":"NONE","seed_source_timestamp":915773949368690,"circlet_count":0,"master_deck":["Strike_R","Defend_R","Defend_R+1","Defend_R","Defend_R","Bash","Fire Breathing+1","Flex+1","Anger+1","Flex","True Grit+1","Shrug It Off+1","Rage"],"relics":["Burning Blood","Ginger","Bottled Lightning","Centennial Puzzle","War Paint","Strawberry"],"potions_floor_usage":[7,11,12,16,18,21,23,23],"damage_taken":[{"damage":4,"enemies":"Jaw Worm","floor":1,"turns":6},{"damage":1,"enemies":"Cultist","floor":2,"turns":4},{"damage":7,"enemies":"Small Slimes","floor":4,"turns":3},{"damage":15,"enemies":"Lagavulin","floor":7,"turns":6},{"damage":0,"enemies":"Looter","floor":11,"turns":2},{"damage":30,"enemies":"Gremlin Nob","floor":12,"turns":4},{"damage":32,"enemies":"Lagavulin","floor":14,"turns":8},{"damage":14,"enemies":"Slime Boss","floor":16,"turns":11},{"damage":24,"enemies":"Spheric Guardian","floor":18,"turns":6},{"damage":19,"enemies":"Chosen","floor":21,"turns":7},{"damage":66,"enemies":"Book of Stabbing","floor":23,"turns":7}],"seed_played":"6845458045896736968","potions_obtained":[{"floor":3,"key":"FairyPotion"},{"floor":3,"key":"Energy Potion"},{"floor":3,"key":"Weak Potion"},{"floor":7,"key":"Fire Potion"},{"floor":11,"key":"BloodPotion"},{"floor":12,"key":"Explosive Potion"},{"floor":16,"key":"SkillPotion"},{"floor":21,"key":"Swift Potion"}],"is_trial":false,"path_per_floor":["M","M","?","M","?","R","E","R","T","?","M","E","R","E","R","B",null,"M","$","?","M","$"],"character_chosen":"IRONCLAD","items_purchased":["Strawberry","PowerPotion"],"campfire_rested":1,"item_purchase_floors":[19,19],"current_hp_per_floor":[74,79,79,78,78,78,69,69,69,62,68,52,52,26,50,42,71,53,60,60,47,47,0],"gold":78,"neow_bonus":"TRANSFORM_CARD","is_prod":false,"is_daily":false,"chose_seed":false,"campfire_upgraded":3,"win_rate":0,"timestamp":1539044640,"path_taken":["M","M","?","M","?","R","E","R","T","?","M","E","R","E","R","BOSS","M","$","?","M","$","E"],"build_version":"2018-10-04v2","purchased_purges":2,"victory":false,"max_hp_per_floor":[80,80,80,80,80,80,80,80,80,80,80,80,80,80,80,80,80,80,87,87,87,87,87],"card_choices":[{"not_picked":["Twin Strike","Sentinel"],"picked":"Flex","floor":1},{"not_picked":["Wild Strike","Clothesline"],"picked":"Anger","floor":2},{"not_picked":["Juggernaut","Twin Strike"],"picked":"Flex","floor":4},{"not_picked":["Combust","Wild Strike"],"picked":"True Grit","floor":7},{"not_picked":["Burning Pact","Thunderclap"],"picked":"Shrug It Off","floor":11},{"not_picked":["Uppercut","Impervious","Metallicize"],"picked":"SKIP","floor":12},{"not_picked":["Clothesline","Dark Embrace"],"picked":"Rage","floor":14},{"not_picked":["Pummel","Blood for Blood","Shockwave"],"picked":"SKIP","floor":18},{"not_picked":["Ghostly Armor","Havoc","Corruption+1"],"picked":"SKIP","floor":21}],"player_experience":311393,"relics_obtained":[{"floor":7,"key":"Ginger"},{"floor":9,"key":"Bottled Lightning"},{"floor":12,"key":"Centennial Puzzle"},{"floor":14,"key":"War Paint"}],"event_choices":[{"event_name":"The Woman in Blue","player_choice":"Bought 3 Potions","floor":3,"damage_taken":0},{"event_name":"Living Wall","player_choice":"Grow","floor":5,"damage_taken":0},{"event_name":"Golden Wing","player_choice":"Card Removal","floor":10,"damage_taken":0},{"event_name":"Nest","player_choice":"Stole From Cult","floor":20,"damage_taken":0}],"is_beta":false,"boss_relics":[{"not_picked":["Philosopher\u0027s Stone","Sozu","Calling Bell"]}],"items_purged_floors":[19,22],"is_endless":false,"potions_floor_spawned":[7,11,12,16,21],"killed_by":"Book of Stabbing","ascension_level":7}