{"gold_per_floor":[113,126,126,18,31,66,66,104,104,104,140,140,163,182,182,182],"floor_reached":16,"playtime":909,"items_purged":[],"score":189,"play_id":"8901fcc4-0c06-4bb0-9160-913ea970097b","local_time":"20181220084558","is_ascension_mode":true,"campfire_choices":[{"floor":7,"key":"REST"},{"floor":10,"key":"REST"},{"data":"Corruption","floor":15,"key":"SMITH"}],"neow_cost":"NONE","seed_source_timestamp":1803981240782,"circlet_count":0,"master_deck":["AscendersBane","Strike_R","Strike_R","Strike_R","Strike_R","Strike_R","Defend_R","Defend_R","Defend_R","Defend_R","Bash","Finesse","Headbutt","Clothesline","Corruption+1","Whirlwind","Flex","Sentinel","Shockwave","Intimidate","Flame Barrier"],"relics":["Burning Blood","Golden Idol","Incense Burner","Magic Flower","Ginger","Darkstone Periapt","Centennial Puzzle"],"potions_floor_usage":[6,16,16],"damage_taken":[{"damage":11,"enemies":"Jaw Worm","floor":1,"turns":5},{"damage":8,"enemies":"2 Louse","floor":2,"turns":3},{"damage":2,"enemies":"Cultist","floor":5,"turns":4},{"damage":25,"enemies":"3 Sentries","floor":6,"turns":4},{"damage":31,"enemies":"Lagavulin","floor":8,"turns":8},{"damage":37,"enemies":"Gremlin Nob","floor":11,"turns":6},{"damage":17,"enemies":"Exordium Thugs","floor":14,"turns":4},{"damage":43,"enemies":"The Guardian","floor":16,"turns":11}],"seed_played":"6981350032986393954","potions_obtained":[{"floor":1,"key":"Energy Potion"},{"floor":2,"key":"LiquidBronze"},{"floor":14,"key":"EssenceOfSteel"}],"is_trial":false,"path_per_floor":["M","M","?","$","M","E","R","E","T","R","E","?","T","M","R","B"],"character_chosen":"IRONCLAD","items_purchased":["Corruption","Whirlwind"],"campfire_rested":2,"item_purchase_floors":[4,4],"current_hp_per_floor":[67,65,45,45,49,30,54,29,29,53,25,51,51,43,43,0],"gold":182,"neow_bonus":"RANDOM_COLORLESS","is_prod":false,"is_daily":false,"chose_seed":false,"campfire_upgraded":1,"win_rate":0,"timestamp":1545324358,"path_taken":["M","M","?","$","M","E","R","E","T","R","E","?","?","M","R","BOSS"],"build_version":"2018-12-13","purchased_purges":0,"victory":false,"max_hp_per_floor":[80,80,80,80,80,80,80,80,80,80,80,80,80,80,80,80],"card_choices":[{"not_picked":["Dual Wield","Iron Wave"],"picked":"Headbutt","floor":1},{"not_picked":["True Grit","Anger"],"picked":"Clothesline","floor":2},{"not_picked":["Thunderclap","Corruption"],"picked":"Flex","floor":5},{"not_picked":["Rage","Clothesline"],"picked":"Sentinel","floor":6},{"not_picked":["Feed","Warcry"],"picked":"Shockwave","floor":8},{"not_picked":["Cleave","Whirlwind"],"picked":"Intimidate","floor":11},{"not_picked":["True Grit","Inflame"],"picked":"Flame Barrier","floor":14}],"player_experience":423271,"relics_obtained":[{"floor":6,"key":"Incense Burner"},{"floor":8,"key":"Magic Flower"},{"floor":9,"key":"Ginger"},{"floor":11,"key":"Darkstone Periapt"},{"floor":13,"key":"Centennial Puzzle"}],"event_choices":[{"damage_healed":0,"gold_gain":0,"player_choice":"Take Damage","damage_taken":20,"relics_obtained":["Golden Idol"],"max_hp_gain":0,"max_hp_loss":0,"event_name":"Golden Idol","floor":3,"gold_loss":0},{"damage_healed":26,"gold_gain":0,"player_choice":"Banana","damage_taken":0,"max_hp_gain":0,"max_hp_loss":0,"event_name":"Big Fish","floor":12,"gold_loss":0}],"is_beta":false,"boss_relics":[],"items_purged_floors":[],"is_endless":false,"potions_floor_spawned":[1,2,14],"killed_by":"The Guardian","ascension_level":12}