{"gold_per_floor":[116,116,135,135,66,106,131,131,131,169,169,183,283,301,301,301],"floor_reached":16,"playtime":662,"items_purged":[],"score":110,"play_id":"62d88c08-48d6-4bc0-878f-071c4284646a","local_time":"20181114200049","is_ascension_mode":false,"campfire_choices":[{"data":"Armaments","floor":8,"key":"SMITH"},{"data":"True Grit","floor":11,"key":"SMITH"},{"data":"Searing Blow","floor":15,"key":"SMITH"}],"neow_cost":"NONE","seed_source_timestamp":369783929982011,"circlet_count":0,"master_deck":["Strike_R","Strike_R","Strike_R","Strike_R","Strike_R","Defend_R+1","Defend_R","Defend_R+1","Defend_R","Bash","Purity","True Grit+1","Shrug It Off","Immolate","Armaments+1","Dual Wield","Searing Blow+1"],"relics":["Burning Blood","Golden Idol","Matryoshka","Regal Pillow","Paper Frog","Boot"],"potions_floor_usage":[10],"damage_taken":[{"damage":6,"enemies":"Cultist","floor":1,"turns":3},{"damage":1,"enemies":"Small Slimes","floor":3,"turns":3},{"damage":28,"enemies":"Gremlin Nob","floor":6,"turns":5},{"damage":3,"enemies":"Jaw Worm","floor":7,"turns":4},{"damage":10,"enemies":"Lagavulin","floor":10,"turns":9},{"damage":0,"enemies":"3 Louse","floor":12,"turns":3},{"damage":3,"enemies":"Looter","floor":14,"turns":3},{"damage":36,"enemies":"Hexaghost","floor":16,"turns":12}],"seed_played":"6018147152952740915","potions_obtained":[{"floor":6,"key":"Weak Potion"},{"floor":12,"key":"PowerPotion"}],"is_trial":false,"path_per_floor":["M","?","M","?","$","E","M","R","T","E","R","M","?","M","R","B"],"character_chosen":"IRONCLAD","items_purchased":["Immolate"],"campfire_rested":0,"item_purchase_floors":[5],"current_hp_per_floor":[80,60,65,49,49,27,30,30,30,26,26,32,32,35,35,0],"gold":301,"neow_bonus":"RANDOM_COLORLESS","is_prod":false,"is_daily":false,"chose_seed":false,"campfire_upgraded":3,"win_rate":0,"timestamp":1542222049,"path_taken":["M","?","M","?","$","E","M","R","T","E","R","M","?","M","R","BOSS"],"build_version":"2018-11-08","purchased_purges":0,"victory":false,"max_hp_per_floor":[80,80,80,80,80,80,80,80,80,80,80,80,80,80,80,80],"card_choices":[{"not_picked":["Heavy Blade","Headbutt"],"picked":"True Grit","floor":1},{"not_picked":["Heavy Blade","Body Slam"],"picked":"Shrug It Off","floor":3},{"not_picked":["Heavy Blade","Seeing Red","Intimidate"],"picked":"SKIP","floor":6},{"not_picked":["Pommel Strike","Iron Wave"],"picked":"Armaments","floor":7},{"not_picked":["Intimidate","Twin Strike"],"picked":"Dual Wield","floor":10},{"not_picked":["Pommel Strike","Shrug It Off"],"picked":"Searing Blow","floor":12},{"not_picked":["Rage","Ghostly Armor","Seeing Red"],"picked":"SKIP","floor":14}],"player_experience":661691,"relics_obtained":[{"floor":6,"key":"Matryoshka"},{"floor":9,"key":"Regal Pillow"},{"floor":9,"key":"Paper Frog"},{"floor":10,"key":"Boot"}],"event_choices":[{"damage_healed":0,"gold_gain":0,"player_choice":"Take Damage","damage_taken":20,"relics_obtained":["Golden Idol"],"max_hp_gain":0,"max_hp_loss":0,"event_name":"Golden Idol","floor":2,"gold_loss":0},{"damage_healed":0,"gold_gain":0,"player_choice":"Entered Light","damage_taken":16,"max_hp_gain":0,"max_hp_loss":0,"event_name":"Shining Light","floor":4,"gold_loss":0,"cards_upgraded":["Defend_R","Defend_R"]},{"damage_healed":0,"gold_gain":100,"player_choice":"Gold","damage_taken":0,"max_hp_gain":0,"max_hp_loss":0,"event_name":"Wheel of Change","floor":13,"gold_loss":0}],"is_beta":false,"boss_relics":[],"items_purged_floors":[],"is_endless":false,"potions_floor_spawned":[6,12],"killed_by":"Hexaghost","ascension_level":0}