{"gold_per_floor":[117,129,146,157,157,157,184,184,184,195,195,64,95,95,95,172,172,160,174,174,174,190,190,219,219,219,219,134,134,145,169,169,240,240,254,354,354],"floor_reached":37,"playtime":2740,"items_purged":[],"score":756,"play_id":"0c54b2dd-02d7-44c0-a65e-750cbdcd721b","local_time":"20190224211921","is_ascension_mode":true,"campfire_choices":[{"data":"True Grit","floor":6,"key":"SMITH"},{"floor":8,"key":"REST"},{"data":"Anger","floor":11,"key":"SMITH"},{"floor":15,"key":"REST"},{"floor":23,"key":"REST"},{"floor":25,"key":"REST"},{"data":"Limit Break","floor":27,"key":"SMITH"},{"data":"Heavy Blade","floor":29,"key":"SMITH"},{"floor":32,"key":"REST"}],"neow_cost":"NONE","seed_source_timestamp":644731324412707,"circlet_count":0,"master_deck":["AscendersBane","Strike_R+1","Strike_R+1","Strike_R+1","Strike_R+1","Strike_R+1","Defend_R+1","Defend_R+1","Defend_R+1","Defend_R+1","Bash","Metallicize+1","Metallicize","Cleave+1","Dual Wield","True Grit+1","Anger+1","Clothesline","Finesse","Inflame","Limit Break+1","Heavy Blade+1","Shrug It Off","Battle Trance","Limit Break"],"relics":["Burning Blood","Question Card","Strawberry","Ornamental Fan","Pantograph","Eternal Feather","Bottled Lightning","Singing Bowl","Ice Cream","Pen Nib","Lizard Tail","Shovel"],"potions_floor_usage":[22,37],"damage_taken":[{"damage":7,"enemies":"2 Louse","floor":1,"turns":3},{"damage":0,"enemies":"Small Slimes","floor":2,"turns":5},{"damage":12,"enemies":"Jaw Worm","floor":3,"turns":5},{"damage":24,"enemies":"Exordium Thugs","floor":4,"turns":6},{"damage":33,"enemies":"3 Sentries","floor":7,"turns":12},{"damage":3,"enemies":"3 Louse","floor":10,"turns":2},{"damage":14,"enemies":"Lagavulin","floor":13,"turns":8},{"damage":25,"enemies":"Hexaghost","floor":16,"turns":14},{"damage":27,"enemies":"2 Thieves","floor":18,"turns":4},{"damage":30,"enemies":"Shell Parasite","floor":19,"turns":10},{"damage":39,"enemies":"Sentry and Sphere","floor":22,"turns":8},{"damage":37,"enemies":"Gremlin Leader","floor":24,"turns":7},{"damage":39,"enemies":"Snecko","floor":30,"turns":8},{"damage":34,"enemies":"Champ","floor":33,"turns":12},{"damage":28,"enemies":"Orb Walker","floor":35,"turns":5},{"damage":19,"enemies":"Mind Bloom Boss Battle","floor":36,"turns":9},{"damage":139,"enemies":"2 Orb Walkers","floor":37,"turns":5}],"seed_played":"-8304105745442313721","potions_obtained":[{"floor":1,"key":"Regen Potion"},{"floor":3,"key":"Ancient Potion"},{"floor":24,"key":"BloodPotion"}],"is_trial":false,"path_per_floor":["M","M","M","M","?","R","E","R","T","M","R","$","E","?","R","B",null,"M","M","?","$","M","R","E","R","T","R","?","R","M","T","R","B",null,"M","?","?"],"character_chosen":"IRONCLAD","items_purchased":["Finesse","Inflame"],"campfire_rested":5,"item_purchase_floors":[12,12],"current_hp_per_floor":[67,73,67,49,44,44,24,48,48,51,51,51,43,18,42,48,74,53,29,29,29,11,47,16,52,52,64,64,76,43,43,79,54,75,55,69,0],"gold":354,"neow_bonus":"THREE_CARDS","is_prod":false,"is_daily":false,"chose_seed":false,"campfire_upgraded":4,"win_rate":0,"timestamp":1551071961,"path_taken":["M","M","M","M","?","R","E","R","T","M","R","$","E","?","R","BOSS","M","M","?","$","M","R","E","R","T","R","?","R","?","?","R","BOSS","M","?","?"],"build_version":"2019-01-23","purchased_purges":0,"victory":false,"max_hp_per_floor":[75,75,75,75,75,75,82,82,82,82,82,82,82,82,82,82,82,82,82,82,82,82,82,82,82,82,82,82,82,82,82,82,82,82,84,86,86],"card_choices":[{"not_picked":["Headbutt","Cleave"],"picked":"Metallicize","floor":0},{"not_picked":["Infernal Blade","Thunderclap"],"picked":"Metallicize","floor":1},{"not_picked":["Twin Strike","Body Slam"],"picked":"Cleave","floor":2},{"not_picked":["Cleave","Carnage"],"picked":"Dual Wield","floor":3},{"not_picked":["Whirlwind","Carnage"],"picked":"True Grit","floor":4},{"not_picked":["Twin Strike","Headbutt","Rage"],"picked":"Anger","floor":7},{"not_picked":["Cleave","Body Slam","Shrug It Off"],"picked":"Clothesline","floor":10},{"not_picked":["Heavy Blade","Armaments","Seeing Red","Cleave"],"picked":"SKIP","floor":13},{"not_picked":["Feed","Impervious","Bludgeon"],"picked":"Limit Break","floor":16},{"not_picked":["Dropkick","True Grit","Reckless Charge+1"],"picked":"Heavy Blade","floor":18},{"not_picked":["Cleave","Twin Strike","Thunderclap","Searing Blow+1"],"picked":"SKIP","floor":19},{"not_picked":["Second Wind","Entrench","Headbutt","Sword Boomerang"],"picked":"SKIP","floor":22},{"not_picked":["Rupture","Armaments","Cleave"],"picked":"Shrug It Off","floor":24},{"not_picked":["Armaments","Flex","Carnage"],"picked":"Battle Trance","floor":30},{"not_picked":["Brutality","Feed","Reaper"],"picked":"Limit Break","floor":33},{"not_picked":["Wild Strike","Clash+1","True Grit","Rage"],"picked":"Singing Bowl","floor":35},{"not_picked":["Evolve","Cleave","Pommel Strike+1","Flex"],"picked":"Singing Bowl","floor":36}],"player_experience":551012,"relics_obtained":[{"floor":7,"key":"Strawberry"},{"floor":9,"key":"Ornamental Fan"},{"floor":13,"key":"Pantograph"},{"floor":24,"key":"Bottled Lightning"},{"floor":26,"key":"Singing Bowl"},{"floor":31,"key":"Pen Nib"},{"floor":36,"key":"Shovel"}],"event_choices":[{"damage_healed":0,"gold_gain":0,"player_choice":"Success","damage_taken":5,"relics_obtained":["Question Card"],"max_hp_gain":0,"max_hp_loss":0,"event_name":"Scrap Ooze","floor":5,"gold_loss":0},{"damage_healed":0,"gold_gain":0,"player_choice":"Entered Light","damage_taken":25,"max_hp_gain":0,"max_hp_loss":0,"event_name":"Shining Light","floor":14,"gold_loss":0,"cards_upgraded":["Cleave","Metallicize"]},{"damage_healed":0,"gold_gain":0,"player_choice":"Simplicity","damage_taken":0,"max_hp_gain":0,"max_hp_loss":0,"event_name":"Back to Basics","floor":20,"gold_loss":0,"cards_upgraded":["Strike_R","Strike_R","Strike_R","Strike_R","Strike_R","Defend_R","Defend_R","Defend_R","Defend_R"]},{"damage_healed":0,"gold_gain":0,"player_choice":"Obtained Relic","damage_taken":0,"relics_obtained":["Ice Cream"],"max_hp_gain":0,"max_hp_loss":0,"event_name":"Addict","floor":28,"gold_loss":85},{"damage_healed":0,"gold_gain":0,"player_choice":"Fight","damage_taken":0,"max_hp_gain":0,"max_hp_loss":0,"event_name":"MindBloom","floor":36,"gold_loss":0},{"damage_healed":0,"gold_gain":0,"player_choice":"Fight","damage_taken":0,"max_hp_gain":0,"max_hp_loss":0,"event_name":"Mysterious Sphere","floor":37,"gold_loss":0}],"is_beta":false,"boss_relics":[{"not_picked":["Pandora\u0027s Box","Orrery"],"picked":"Eternal Feather"},{"not_picked":["Astrolabe","Calling Bell"],"picked":"Lizard Tail"}],"items_purged_floors":[],"is_endless":false,"potions_floor_spawned":[1,3,16,24,33],"killed_by":"2 Orb Walkers","ascension_level":16}