{"gold_per_floor":[209,54,73,73,23,23,56,56,56,56,6,17,48,68,68,170,170,182,251,264,264,281,608,608,623,623,623,639,639,639],"floor_reached":30,"playtime":2233,"items_purged":[],"score":413,"play_id":"b5e62fbf-3c34-4aee-85df-11e09a947244","local_time":"20190130002126","is_ascension_mode":true,"campfire_choices":[{"data":"Flex","floor":6.0,"key":"SMITH"},{"data":"Bash","floor":8.0,"key":"SMITH"},{"data":"Iron Wave","floor":10.0,"key":"SMITH"},{"data":"Corruption","floor":15.0,"key":"SMITH"},{"floor":24.0,"key":"REST"},{"data":"Bloodletting","floor":27.0,"key":"SMITH"},{"data":"Whirlwind","floor":29.0,"key":"SMITH"}],"neow_cost":"NONE","seed_source_timestamp":20930831400609,"circlet_count":0,"master_deck":["AscendersBane","Strike_R","Strike_R","Defend_R","Defend_R","Defend_R","Defend_R","Bash+1","Iron Wave+1","Flex+1","Metallicize","Headbutt","Corruption+1","True Grit","Dark Embrace","Feel No Pain","Inflame","Whirlwind+1","Feed","Bloodletting+1","Corruption+1"],"special_seed":0,"relics":["Burning Blood","Bag of Marbles","Potion Belt","Self Forming Clay","Bird Faced Urn","Dead Branch","Eternal Feather","Question Card","Old Coin","Frozen Egg 2"],"potions_floor_usage":[],"damage_taken":[{"damage":9.0,"enemies":"Jaw Worm","floor":1.0,"turns":6.0},{"damage":10.0,"enemies":"Small Slimes","floor":3.0,"turns":3.0},{"damage":30.0,"enemies":"3 Sentries","floor":7.0,"turns":11.0},{"damage":0.0,"enemies":"Cultist","floor":12.0,"turns":3.0},{"damage":18.0,"enemies":"Lagavulin","floor":13.0,"turns":6.0},{"damage":0.0,"enemies":"3 Louse","floor":14.0,"turns":1.0},{"damage":35.0,"enemies":"The Guardian","floor":16.0,"turns":10.0},{"damage":6.0,"enemies":"Spheric Guardian","floor":18.0,"turns":4.0},{"damage":0.0,"enemies":"Chosen","floor":20.0,"turns":5.0},{"damage":11.0,"enemies":"Shelled Parasite and Fungi","floor":22.0,"turns":4.0},{"damage":77.0,"enemies":"Book of Stabbing","floor":23.0,"turns":8.0},{"damage":28.0,"enemies":"Centurion and Healer","floor":25.0,"turns":11.0},{"damage":17.0,"enemies":"Sentry and Sphere","floor":28.0,"turns":4.0},{"damage":76,"enemies":"Slavers","floor":30,"turns":4}],"seed_played":"3885133966473471240","potions_obtained":[{"floor":12.0,"key":"Energy Potion"},{"floor":13.0,"key":"LiquidBronze"},{"floor":16.0,"key":"Explosive Potion"},{"floor":23.0,"key":"GamblersBrew"},{"floor":25.0,"key":"PowerPotion"}],"is_trial":false,"path_per_floor":["?","?","?","T","?"],"character_chosen":"IRONCLAD","items_purchased":["Bag of Marbles"],"campfire_rested":1,"item_purchase_floors":[2],"current_hp_per_floor":[69,69,65,70,70,70,46,46,46,46,46,52,42,48,48,29,71,75,75,85,85,85,24,58,51,51,63,56,68,0],"gold":639,"neow_bonus":"HUNDRED_GOLD","is_prod":false,"is_daily":false,"chose_seed":false,"campfire_upgraded":6,"win_rate":0,"timestamp":1548778886,"path_taken":["M","$","M","?","?","R","E","R","T","R","?","M","E","M","R","BOSS","M","?","M","?","M","E","R","M","T","R","M","R","E"],"build_version":"2019-01-23","purchased_purges":0,"victory":false,"max_hp_per_floor":[80,80,80,85,85,85,85,85,85,85,85,85,85,85,85,85,85,85,85,85,85,85,85,85,88,88,88,88,88,88],"card_choices":[{"not_picked":["Blood for Blood","True Grit"],"picked":"Iron Wave","floor":1.0},{"not_picked":["Iron Wave","Clash"],"picked":"Flex","floor":3.0},{"not_picked":["Sentinel","Clothesline"],"picked":"Metallicize","floor":7.0},{"not_picked":["Anger","Burning Pact"],"picked":"Headbutt","floor":12.0},{"not_picked":["Perfected Strike","Wild Strike"],"picked":"Corruption","floor":13.0},{"not_picked":["Spot Weakness","Armaments"],"picked":"True Grit","floor":14.0},{"not_picked":["Barricade","Fiend Fire"],"picked":"Dark Embrace","floor":16.0},{"not_picked":["Twin Strike","Sword Boomerang"],"picked":"Feel No Pain","floor":18.0},{"not_picked":["Twin Strike","Body Slam","Searing Blow","Feed"],"picked":"SKIP","floor":20.0},{"not_picked":["Pommel Strike","Headbutt","Wild Strike","Clothesline"],"picked":"SKIP","floor":22.0},{"not_picked":["Shrug It Off","Warcry","Iron Wave"],"picked":"Feed","floor":23.0},{"not_picked":["Heavy Blade","Perfected Strike","Clothesline"],"picked":"Bloodletting","floor":25.0},{"not_picked":["Havoc","Rupture+1","Anger"],"picked":"Corruption+1","floor":28.0}],"player_experience":139813,"relics_obtained":[{"floor":7.0,"key":"Potion Belt"},{"floor":9.0,"key":"Self Forming Clay"},{"floor":13.0,"key":"Dead Branch"},{"floor":19.0,"key":"Question Card"},{"floor":23.0,"key":"Old Coin"},{"floor":26.0,"key":"Frozen Egg 2"}],"event_choices":[{"damage_healed":0.0,"max_hp_gain":5.0,"max_hp_loss":0.0,"gold_gain":0.0,"event_name":"Big Fish","player_choice":"Donut","floor":4.0,"gold_loss":0.0,"damage_taken":0.0},{"cards_removed":["Strike_R"],"damage_healed":0.0,"max_hp_gain":0.0,"max_hp_loss":0.0,"gold_gain":0.0,"event_name":"The Cleric","player_choice":"Card Removal","floor":5.0,"gold_loss":50.0,"damage_taken":0.0},{"damage_healed":0.0,"max_hp_gain":0.0,"max_hp_loss":0.0,"gold_gain":0.0,"event_name":"WeMeetAgain","player_choice":"Paid Gold","floor":11.0,"gold_loss":50.0,"damage_taken":0.0,"relics_obtained":["Bird Faced Urn"]},{"damage_healed":0.0,"max_hp_gain":0.0,"max_hp_loss":0.0,"gold_gain":0.0,"cards_transformed":["Strike_R","Strike_R"],"event_name":"Drug Dealer","player_choice":"Became Test Subject","floor":21.0,"gold_loss":0.0,"damage_taken":0.0,"cards_obtained":["Inflame","Whirlwind"]}],"is_beta":false,"boss_relics":[{"not_picked":["Velvet Choker","Calling Bell"],"picked":"Eternal Feather"}],"items_purged_floors":[],"is_endless":false,"potions_floor_spawned":[12,13,16,23,25],"killed_by":"Slavers","ascension_level":12}