{"gold_per_floor":[368,388,402,422,422,422,455,455,455,471,471,471,490,523,523,523],"floor_reached":16,"playtime":1105,"items_purged":[],"score":146,"play_id":"5b791f71-77ad-4a74-a33c-4f7662d664d0","local_time":"20190213164513","is_ascension_mode":true,"campfire_choices":[{"floor":6,"key":"REST"},{"data":"Feed","floor":8,"key":"SMITH"},{"data":"Bash","floor":12,"key":"SMITH"},{"data":"Demon Form","floor":15,"key":"SMITH"}],"neow_cost":"CURSE","seed_source_timestamp":58480494596849,"circlet_count":0,"master_deck":["Strike_R","Strike_R","Strike_R","Strike_R","Strike_R","Defend_R","Defend_R","Defend_R+1","Defend_R+1","Bash+1","Clothesline","Pummel","Twin Strike","Demon Form+1","Feed+1","Feel No Pain","Shrug It Off","Body Slam+1"],"relics":["Burning Blood","Happy Flower","Ancient Tea Set","Molten Egg 2"],"potions_floor_usage":[4,10],"damage_taken":[{"damage":15,"enemies":"Jaw Worm","floor":1,"turns":5},{"damage":7,"enemies":"Small Slimes","floor":2,"turns":4},{"damage":0,"enemies":"2 Louse","floor":3,"turns":3},{"damage":10,"enemies":"Exordium Wildlife","floor":4,"turns":4},{"damage":32,"enemies":"Gremlin Nob","floor":7,"turns":4},{"damage":11,"enemies":"Large Slime","floor":10,"turns":5},{"damage":8,"enemies":"Blue Slaver","floor":13,"turns":2},{"damage":14,"enemies":"3 Sentries","floor":14,"turns":7},{"damage":35,"enemies":"Slime Boss","floor":16,"turns":5}],"seed_played":"8777558387272988043","potions_obtained":[{"floor":3,"key":"PowerPotion"},{"floor":7,"key":"AttackPotion"}],"is_trial":false,"path_per_floor":["M","M","M","M","?","R","E","R","T","M","?","R","M","E","R","B"],"character_chosen":"IRONCLAD","items_purchased":[],"campfire_rested":1,"item_purchase_floors":[],"current_hp_per_floor":[63,62,68,64,48,72,46,46,46,41,41,41,39,35,35,0],"gold":523,"neow_bonus":"TWO_FIFTY_GOLD","is_prod":false,"is_daily":false,"chose_seed":false,"campfire_upgraded":3,"win_rate":0,"timestamp":1550072713,"path_taken":["M","M","M","M","?","R","E","R","T","M","?","R","M","E","R","BOSS"],"build_version":"2019-01-23","purchased_purges":0,"victory":false,"max_hp_per_floor":[80,80,80,80,80,80,80,80,80,80,80,80,80,84,84,84],"card_choices":[{"not_picked":["Warcry","Reckless Charge"],"picked":"Clothesline","floor":1},{"not_picked":["Headbutt","Heavy Blade"],"picked":"Pummel","floor":2},{"not_picked":["Wild Strike","Headbutt"],"picked":"Twin Strike","floor":3},{"not_picked":["Heavy Blade","Pommel Strike"],"picked":"Demon Form","floor":4},{"not_picked":["Clash","Cleave"],"picked":"Feed","floor":7},{"not_picked":["Wild Strike","Seeing Red"],"picked":"Feel No Pain","floor":10},{"not_picked":["Battle Trance","Infernal Blade"],"picked":"Shrug It Off","floor":13},{"not_picked":["Rampage","Headbutt"],"picked":"Body Slam","floor":14}],"player_experience":385167,"relics_obtained":[{"floor":7,"key":"Happy Flower"},{"floor":9,"key":"Ancient Tea Set"},{"floor":14,"key":"Molten Egg 2"}],"event_choices":[{"damage_healed":0,"gold_gain":0,"player_choice":"Entered Light","damage_taken":16,"max_hp_gain":0,"max_hp_loss":0,"event_name":"Shining Light","floor":5,"gold_loss":0,"cards_upgraded":["Defend_R","Defend_R"]},{"cards_removed":["Decay"],"damage_healed":0,"gold_gain":0,"player_choice":"Forget","damage_taken":0,"max_hp_gain":0,"max_hp_loss":0,"event_name":"Living Wall","floor":11,"gold_loss":0}],"is_beta":false,"boss_relics":[],"items_purged_floors":[],"is_endless":false,"potions_floor_spawned":[3,7],"killed_by":"Slime Boss","ascension_level":6}