{"gold_per_floor":[118,131,131,145,72,99,99,132,132,158,172,172,182,43,43,118,118,136,147,147,159,8,8,8,8,8,8,8,34,34,34],"floor_reached":31,"playtime":1229,"items_purged":["Strike_R","Strike_R"],"score":488,"play_id":"4db2173c-8e45-4d3b-9873-be5682d70e31","local_time":"20190201132655","is_ascension_mode":true,"campfire_choices":[{"data":"Body Slam","floor":7,"key":"SMITH"},{"floor":12,"key":"REST"},{"data":"Trip","floor":15,"key":"SMITH"},{"floor":23,"key":"REST"},{"data":"Shrug It Off","floor":25,"key":"SMITH"},{"data":"Clothesline","floor":27,"key":"SMITH"}],"neow_cost":"NONE","seed_source_timestamp":308154197323414,"circlet_count":0,"master_deck":["AscendersBane","Strike_R","Defend_R+1","Defend_R","Defend_R","Defend_R","Bash","Metallicize","Whirlwind+1","Thunderclap","Body Slam+1","Warcry","Clothesline+1","Headbutt","Trip+1","Impervious","Shrug It Off+1","Spot Weakness","Inflame"],"relics":["Burning Blood","NeowsBlessing","Centennial Puzzle","The Courier","Dream Catcher","Omamori","Empty Cage","Ice Cream","Toxic Egg 2","Juzu Bracelet"],"potions_floor_usage":[6,6,16,16,29,31],"damage_taken":[{"damage":0,"enemies":"Cultist","floor":1,"turns":1},{"damage":0,"enemies":"Jaw Worm","floor":2,"turns":1},{"damage":0,"enemies":"2 Louse","floor":4,"turns":1},{"damage":19,"enemies":"Lagavulin","floor":6,"turns":7},{"damage":26,"enemies":"Gremlin Nob","floor":8,"turns":4},{"damage":11,"enemies":"3 Sentries","floor":10,"turns":6},{"damage":5,"enemies":"Looter","floor":11,"turns":4},{"damage":0,"enemies":"3 Louse","floor":13,"turns":1},{"damage":36,"enemies":"The Guardian","floor":16,"turns":15},{"damage":11,"enemies":"2 Thieves","floor":18,"turns":3},{"damage":20,"enemies":"Shell Parasite","floor":19,"turns":7},{"damage":17,"enemies":"Chosen and Byrds","floor":21,"turns":5},{"damage":55,"enemies":"Book of Stabbing","floor":29,"turns":7},{"damage":30,"enemies":"Slavers","floor":31,"turns":1}],"seed_played":"6352233102295884988","potions_obtained":[{"floor":1,"key":"Strength Potion"},{"floor":4,"key":"PowerPotion"},{"floor":10,"key":"GamblersBrew"},{"floor":13,"key":"Fire Potion"},{"floor":21,"key":"Ancient Potion"},{"floor":29,"key":"EssenceOfSteel"}],"is_trial":false,"path_per_floor":["M","M","?","M","?","E","R","E","T","E","M","R","M","$","R","B",null,"M","M","T","M","$","R","?","R","T","R","?","E","$","E"],"character_chosen":"IRONCLAD","items_purchased":["Trip","Spot Weakness"],"campfire_rested":2,"item_purchase_floors":[14,22],"current_hp_per_floor":[74,75,52,58,58,45,45,25,25,20,21,43,49,49,49,19,61,56,42,42,31,31,53,68,68,68,68,68,19,19,0],"gold":34,"neow_bonus":"THREE_ENEMY_KILL","is_prod":false,"is_daily":false,"chose_seed":false,"campfire_upgraded":4,"win_rate":0,"timestamp":1549056415,"path_taken":["M","M","?","M","?","E","R","E","T","E","?","R","M","$","R","BOSS","M","M","?","M","$","R","?","R","T","R","?","E","$","E"],"build_version":"2019-01-23","purchased_purges":2,"victory":false,"max_hp_per_floor":[75,75,75,75,75,75,75,75,75,75,75,75,75,75,75,75,75,75,75,75,75,75,75,75,75,75,75,75,75,75,75],"card_choices":[{"not_picked":["Ghostly Armor","Iron Wave"],"picked":"Metallicize","floor":1},{"not_picked":["Headbutt","Shrug It Off"],"picked":"Whirlwind","floor":2},{"not_picked":["Rupture","Ghostly Armor"],"picked":"Thunderclap","floor":4},{"not_picked":["Corruption","Berserk"],"picked":"Body Slam","floor":6},{"not_picked":["Berserk","Cleave"],"picked":"Warcry","floor":8},{"not_picked":["Evolve","Twin Strike"],"picked":"Clothesline","floor":10},{"not_picked":["Intimidate","Whirlwind","Clothesline"],"picked":"SKIP","floor":11},{"not_picked":["Havoc","Sword Boomerang"],"picked":"Headbutt","floor":12},{"not_picked":["Clash","Entrench","Body Slam"],"picked":"SKIP","floor":13},{"not_picked":["Exhume","Brutality"],"picked":"Impervious","floor":16},{"not_picked":["Anger","Heavy Blade","Clash"],"picked":"SKIP","floor":18},{"not_picked":["Iron Wave","Rampage"],"picked":"Shrug It Off","floor":19},{"not_picked":["Wild Strike","Warcry","Anger"],"picked":"SKIP","floor":21},{"not_picked":["Burning Pact+1","Feel No Pain"],"picked":"Inflame","floor":29}],"player_experience":523331,"relics_obtained":[{"floor":6,"key":"Centennial Puzzle"},{"floor":8,"key":"The Courier"},{"floor":9,"key":"Dream Catcher"},{"floor":10,"key":"Omamori"},{"floor":20,"key":"Ice Cream"},{"floor":26,"key":"Toxic Egg 2"},{"floor":29,"key":"Juzu Bracelet"}],"event_choices":[{"damage_healed":0,"gold_gain":0,"player_choice":"Entered Light","damage_taken":23,"max_hp_gain":0,"max_hp_loss":0,"event_name":"Shining Light","floor":3,"gold_loss":0,"cards_upgraded":["Whirlwind","Defend_R"]},{"damage_healed":0,"gold_gain":0,"player_choice":"Left Gold","damage_taken":0,"max_hp_gain":0,"max_hp_loss":0,"event_name":"World of Goop","floor":5,"gold_loss":73},{"damage_healed":15,"gold_gain":0,"player_choice":"Heal","damage_taken":0,"max_hp_gain":0,"max_hp_loss":0,"event_name":"The Library","floor":24,"gold_loss":0},{"damage_healed":0,"gold_gain":0,"player_choice":"Ignored","damage_taken":0,"max_hp_gain":0,"max_hp_loss":0,"event_name":"Vampires","floor":28,"gold_loss":0}],"is_beta":false,"boss_relics":[{"not_picked":["Fusion Hammer","Mark of Pain"],"picked":"Empty Cage"}],"items_purged_floors":[14,22],"is_endless":false,"potions_floor_spawned":[1,4,10,13,21,29],"killed_by":"Slavers","ascension_level":16}