{"gold_per_floor":[115,115,126,126,145,145,65,80,80,111,127,127,139,174,174,250,250,270,270,270,296,308,308,73,73,150,181,181,33,43,43,43,119,119,130,130,130,141,161,161,187,217,278,304,316,347,359,381,393,405],"floor_reached":51,"playtime":3531,"items_purged":[],"score":1234,"play_id":"7c081e39-8834-4013-9e54-d69a9e21e382","local_time":"20190224215626","is_ascension_mode":true,"campfire_choices":[{"data":"Barrage","floor":6.0,"key":"SMITH"},{"floor":12.0,"key":"REST"},{"floor":15.0,"key":"REST"},{"floor":23,"key":"REST"},{"data":"Fission","floor":25,"key":"SMITH"},{"floor":28,"key":"REST"},{"floor":32,"key":"REST"},{"floor":40,"key":"REST"},{"floor":45,"key":"REST"},{"floor":49,"key":"REST"}],"neow_cost":"TEN_PERCENT_HP_LOSS","seed_source_timestamp":15800541462462,"circlet_count":0,"master_deck":["AscendersBane","Strike_B","Strike_B","Defend_B","Defend_B","Defend_B","Zap+1","Dualcast","Hologram","Echo Form","Coolheaded","Ball Lightning","Barrage+1","Creative AI","Undo","Fission+1","Conserve Battery","Glacier","Sweeping Beam","Steam Power","Multi-Cast","White Noise","Thunder Strike","Core Surge","Double Energy+1","BootSequence"],"special_seed":0,"relics":["Cracked Core","Dead Branch","Pear","Thread and Needle","Singing Bowl","Inserter","Enchiridion","Red Mask","Vajra","Gremlin Horn","Bottled Flame","DataDisk","Busted Crown","MawBank","Happy Flower"],"potions_floor_usage":[21,27,48,50],"damage_taken":[{"damage":2.0,"enemies":"Jaw Worm","floor":1.0,"turns":3.0},{"damage":1.0,"enemies":"Cultist","floor":3.0,"turns":4.0},{"damage":2.0,"enemies":"Small Slimes","floor":5.0,"turns":2.0},{"damage":32.0,"enemies":"Exordium Thugs","floor":8.0,"turns":3.0},{"damage":24.0,"enemies":"Gremlin Nob","floor":10.0,"turns":4.0},{"damage":0.0,"enemies":"2 Fungi Beasts","floor":11.0,"turns":3.0},{"damage":4.0,"enemies":"Large Slime","floor":13.0,"turns":6.0},{"damage":10.0,"enemies":"3 Sentries","floor":14.0,"turns":8.0},{"damage":30.0,"enemies":"Hexaghost","floor":16.0,"turns":10.0},{"damage":22.0,"enemies":"2 Thieves","floor":18.0,"turns":5.0},{"damage":26,"enemies":"Masked Bandits","floor":21,"turns":2},{"damage":1,"enemies":"Shell Parasite","floor":22,"turns":5},{"damage":13,"enemies":"Slavers","floor":27,"turns":6},{"damage":2,"enemies":"Snake Plant","floor":30,"turns":5},{"damage":33,"enemies":"Champ","floor":33,"turns":11},{"damage":13,"enemies":"3 Shapes","floor":35,"turns":4},{"damage":31,"enemies":"3 Darklings","floor":38,"turns":3},{"damage":0,"enemies":"Sphere and 2 Shapes","floor":39,"turns":5},{"damage":7,"enemies":"Reptomancer","floor":41,"turns":6},{"damage":24,"enemies":"Jaw Worm Horde","floor":42,"turns":4},{"damage":13,"enemies":"3 Darklings","floor":44,"turns":6},{"damage":0,"enemies":"Spire Growth","floor":46,"turns":6},{"damage":0,"enemies":"Writhing Mass","floor":48,"turns":6},{"damage":62,"enemies":"Awakened One","floor":50,"turns":14}],"seed_played":"6917305908409781327","potions_obtained":[{"floor":3.0,"key":"Strength Potion"},{"floor":10.0,"key":"SkillPotion"},{"floor":14.0,"key":"Fire Potion"},{"floor":21,"key":"Explosive Potion"},{"floor":35,"key":"FearPotion"},{"floor":42,"key":"Swift Potion"},{"floor":48,"key":"FocusPotion"}],"is_trial":false,"path_per_floor":["M","?","M","?","M","R","$","M","T","E","M","R","M","E","R","B",null,"M","?","?","?","M","R","$","R","T","E","R","$","M","$","R","B",null,"M","?","?","M","M","R","E","M","T","M","R","M","?","M","R","B",null],"character_chosen":"DEFECT","items_purchased":["Creative AI","Vajra","White Noise","DataDisk"],"campfire_rested":8,"item_purchase_floors":[7,24,24,29],"current_hp_per_floor":[66,66,65,65,63,63,63,31,41,17,17,40,36,28,52,24,68,46,46,30,6,7,32,32,32,32,19,44,44,44,44,70,37,75,62,64,64,35,37,65,60,38,38,27,57,59,59,61,92,30],"gold":417,"neow_bonus":"ONE_RARE_RELIC","is_prod":false,"is_daily":false,"chose_seed":false,"campfire_upgraded":2,"win_rate":0,"timestamp":1551063386,"path_taken":["M","?","?","?","M","R","$","M","T","E","M","R","M","E","R","BOSS","M","?","?","?","?","R","$","R","T","E","R","$","M","?","R","BOSS","M","?","?","?","M","R","E","M","T","M","R","M","?","?","R","BOSS"],"build_version":"2019-02-06","purchased_purges":0,"victory":true,"max_hp_per_floor":[68,68,68,68,68,68,68,68,78,78,78,78,78,80,80,82,82,82,82,82,84,86,86,86,86,86,86,86,86,88,88,88,88,88,88,90,90,92,94,94,96,98,98,100,100,102,102,104,104,104],"card_choices":[{"not_picked":["Ball Lightning","Compile Driver"],"picked":"Hologram","floor":1.0},{"not_picked":["Redo","Sweeping Beam"],"picked":"Ball Lightning","floor":3.0},{"not_picked":["Hologram","Auto Shields"],"picked":"Barrage","floor":5.0},{"not_picked":["Rebound","Doom and Gloom"],"picked":"Undo","floor":8.0},{"not_picked":["Sunder","Streamline"],"picked":"Fission","floor":10.0},{"not_picked":["Darkness","Consume"],"picked":"Conserve Battery","floor":11.0},{"not_picked":["Chaos","Streamline"],"picked":"Glacier","floor":13.0},{"not_picked":["Stack","Skim","Tempest"],"picked":"Singing Bowl","floor":14.0},{"not_picked":["Reboot","Echo Form","Rainbow"],"picked":"Singing Bowl","floor":16.0},{"not_picked":["Lockon","Storm"],"picked":"Sweeping Beam","floor":18.0},{"not_picked":["FTL","Beam Cell+1","Turbo"],"picked":"Singing Bowl","floor":21},{"not_picked":["Turbo","Steam Power","Hologram"],"picked":"Singing Bowl","floor":22},{"not_picked":["Compile Driver","Gash"],"picked":"Thunder Strike","floor":27},{"not_picked":["Steam","Capacitor","Rebound"],"picked":"Singing Bowl","floor":30},{"not_picked":["All For One","Multi-Cast"],"picked":"Core Surge","floor":33},{"not_picked":[],"picked":"Double Energy","floor":35},{"not_picked":["Flash of Steel"],"picked":"Singing Bowl","floor":36},{"not_picked":["Undo"],"picked":"Singing Bowl","floor":38},{"not_picked":["Genetic Algorithm"],"picked":"Singing Bowl","floor":39},{"not_picked":["Hologram"],"picked":"Singing Bowl","floor":41},{"not_picked":["Doom and Gloom"],"picked":"Singing Bowl","floor":42},{"not_picked":["Ball Lightning"],"picked":"Singing Bowl","floor":44},{"not_picked":["Gash+1"],"picked":"Singing Bowl","floor":46},{"not_picked":["Beam Cell+1"],"picked":"Singing Bowl","floor":48}],"player_experience":603789,"relics_obtained":[{"floor":9.0,"key":"Pear"},{"floor":10.0,"key":"Thread and Needle"},{"floor":14.0,"key":"Singing Bowl"},{"floor":20.0,"key":"Enchiridion"},{"floor":21,"key":"Red Mask"},{"floor":26,"key":"Gremlin Horn"},{"floor":27,"key":"Bottled Flame"},{"floor":41,"key":"MawBank"},{"floor":43,"key":"Happy Flower"}],"event_choices":[{"damage_healed":0.0,"max_hp_gain":0.0,"max_hp_loss":0.0,"gold_gain":0.0,"event_name":"Match and Keep!","player_choice":"2 cards matched","floor":2.0,"gold_loss":0.0,"damage_taken":0.0,"cards_obtained":["Echo Form","Coolheaded"]},{"damage_healed":0.0,"max_hp_gain":0.0,"max_hp_loss":0.0,"gold_gain":0.0,"event_name":"Upgrade Shrine","player_choice":"Upgraded","floor":4.0,"gold_loss":0.0,"damage_taken":0.0,"cards_upgraded":["Zap"]},{"damage_healed":0.0,"max_hp_gain":0.0,"max_hp_loss":0.0,"gold_gain":0.0,"cards_transformed":["Strike_B","Defend_B"],"event_name":"Drug Dealer","player_choice":"Became Test Subject","floor":19.0,"gold_loss":0.0,"damage_taken":0.0,"cards_obtained":["Steam Power","Multi-Cast"]},{"damage_healed":0.0,"max_hp_gain":0.0,"max_hp_loss":0.0,"gold_gain":0.0,"event_name":"Cursed Tome","player_choice":"Obtained Book","floor":20.0,"gold_loss":0.0,"damage_taken":16.0},{"damage_healed":0,"gold_gain":0,"player_choice":"Fought Bandits","damage_taken":0,"max_hp_gain":0,"max_hp_loss":0,"event_name":"Masked Bandits","floor":21,"gold_loss":0},{"damage_healed":0,"gold_gain":0,"player_choice":"Memory 1","damage_taken":0,"max_hp_gain":0,"max_hp_loss":0,"event_name":"SensoryStone","floor":36,"gold_loss":0},{"damage_healed":0,"gold_gain":0,"cards_transformed":["Strike_B"],"player_choice":"Transformed","damage_taken":0,"max_hp_gain":0,"max_hp_loss":0,"event_name":"Transmorgrifier","floor":37,"gold_loss":0,"cards_obtained":["BootSequence"]},{"damage_healed":0,"gold_gain":0,"player_choice":"Forge","damage_taken":0,"max_hp_gain":0,"max_hp_loss":0,"event_name":"Accursed Blacksmith","floor":47,"gold_loss":0,"cards_upgraded":["Double Energy"]}],"is_beta":true,"boss_relics":[{"not_picked":["Ectoplasm","Black Star"],"picked":"Inserter"},{"not_picked":["Empty Cage","Calling Bell"],"picked":"Busted Crown"}],"items_purged_floors":[],"is_endless":false,"potions_floor_spawned":[3,10,14,21,35,42,44,46,48],"ascension_level":13}