{"gold_per_floor":[109,36,211,486,504,504,521,533,533,564,584,584,606,556,556,556],"floor_reached":16,"playtime":1000,"items_purged":[],"score":105,"play_id":"4a293e1f-1d4b-4b09-b1c0-54aa152bce58","local_time":"20190222231556","is_ascension_mode":true,"campfire_choices":[{"data":"Warcry","floor":6,"key":"SMITH"},{"floor":12,"key":"REST"},{"floor":15,"key":"REST"}],"neow_cost":"NONE","seed_source_timestamp":36788941965609,"circlet_count":0,"master_deck":["Strike_R","Strike_R","Strike_R","Strike_R","Strike_R","Defend_R","Defend_R","Defend_R","Defend_R","Bash","Shrug It Off","Perfected Strike","Warcry+1","Doubt","Cleave","Headbutt","Flame Barrier","Uppercut","Spot Weakness"],"relics":["Runic Cube","Singing Bowl","Bag of Preparation","Odd Mushroom"],"potions_floor_usage":[16,16],"damage_taken":[{"damage":2,"enemies":"2 Louse","floor":1,"turns":4},{"damage":3,"enemies":"Cultist","floor":5,"turns":3},{"damage":11,"enemies":"Jaw Worm","floor":7,"turns":4},{"damage":10,"enemies":"2 Fungi Beasts","floor":8,"turns":4},{"damage":43,"enemies":"Lagavulin","floor":10,"turns":9},{"damage":0,"enemies":"3 Louse","floor":11,"turns":3},{"damage":19,"enemies":"The Mushroom Lair","floor":13,"turns":5},{"damage":53,"enemies":"Slime Boss","floor":16,"turns":8}],"seed_played":"-1882202339537909310","potions_obtained":[{"floor":1,"key":"BloodPotion"},{"floor":5,"key":"Explosive Potion"},{"floor":10,"key":"EssenceOfSteel"}],"is_trial":false,"path_per_floor":["M","$","?","?","M","R","M","M","T","E","M","R","?","?","R","B"],"character_chosen":"IRONCLAD","items_purchased":["Perfected Strike","Warcry"],"campfire_rested":2,"item_purchase_floors":[2,2],"current_hp_per_floor":[78,78,78,78,75,75,64,54,54,13,13,37,18,18,42,0],"gold":556,"neow_bonus":"BOSS_RELIC","is_prod":false,"is_daily":false,"chose_seed":false,"campfire_upgraded":1,"win_rate":0,"timestamp":1550848556,"path_taken":["M","$","?","?","?","R","M","M","T","E","M","R","?","?","R","BOSS"],"build_version":"2019-01-23","purchased_purges":0,"victory":false,"max_hp_per_floor":[80,80,80,80,80,80,80,80,80,82,82,82,82,82,82,82],"card_choices":[{"not_picked":["Hemokinesis","Pummel"],"picked":"Shrug It Off","floor":1},{"not_picked":["Anger","Second Wind"],"picked":"Cleave","floor":5},{"not_picked":["Sword Boomerang","Warcry"],"picked":"Headbutt","floor":7},{"not_picked":["Disarm","Sword Boomerang"],"picked":"Flame Barrier","floor":8},{"not_picked":["Clash","Perfected Strike","Clothesline"],"picked":"Singing Bowl","floor":10},{"not_picked":["Shrug It Off","Heavy Blade"],"picked":"Uppercut","floor":11},{"not_picked":["Limit Break","Shockwave"],"picked":"Spot Weakness","floor":13}],"player_experience":40578,"relics_obtained":[{"floor":9,"key":"Singing Bowl"},{"floor":10,"key":"Bag of Preparation"},{"floor":13,"key":"Odd Mushroom"}],"event_choices":[{"damage_healed":0,"gold_gain":175,"player_choice":"AGREE","damage_taken":0,"max_hp_gain":0,"max_hp_loss":0,"event_name":"Liars Game","floor":3,"gold_loss":0,"cards_obtained":["Doubt"]},{"damage_healed":0,"gold_gain":275,"player_choice":"Desecrate","damage_taken":0,"max_hp_gain":0,"max_hp_loss":0,"event_name":"Golden Shrine","floor":4,"gold_loss":0,"cards_obtained":["Regret"]},{"damage_healed":0,"gold_gain":0,"player_choice":"Fought Mushrooms","damage_taken":0,"max_hp_gain":0,"max_hp_loss":0,"event_name":"Mushrooms","floor":13,"gold_loss":0},{"cards_removed":["Regret"],"damage_healed":0,"gold_gain":0,"player_choice":"Card Removal","damage_taken":0,"max_hp_gain":0,"max_hp_loss":0,"event_name":"The Cleric","floor":14,"gold_loss":50}],"is_beta":false,"boss_relics":[],"items_purged_floors":[],"is_endless":false,"potions_floor_spawned":[1,5,10],"killed_by":"Slime Boss","ascension_level":1}