{"gold_per_floor":[118,68,68,81,1,1,27,27,27,27,39,39,39,51,51,125,125,138,155,169,169,183,183,282,299,299,2,13,13,32,32],"floor_reached":31,"playtime":780,"items_purged":[],"score":391,"play_id":"6779df03-e52c-4476-97d1-4f1ba910c79c","local_time":"20181025144506","is_ascension_mode":true,"campfire_choices":[{"data":"Rip and Tear","floor":6,"key":"SMITH"},{"data":"Coolheaded","floor":10,"key":"SMITH"},{"data":"Dualcast","floor":13,"key":"SMITH"},{"data":"Leap","floor":15,"key":"SMITH"},{"data":"Defend_B","floor":23,"key":"SMITH"}],"neow_cost":"NONE","seed_source_timestamp":7583236560523,"circlet_count":0,"master_deck":["Strike_B+1","Strike_B+1","Strike_B","Defend_B","Defend_B","Defend_B","Defend_B+1","Zap","Dualcast+1","AscendersBane","Leap+1","Coolheaded+1","Rip and Tear+1","Beam Cell+1","Go for the Eyes+1","Hyperbeam+1","Leap","Shame","Gash+1","Rebound+1","Creative AI"],"relics":["Coffee Dripper","Molten Egg 2","Whetstone","Cursed Key","Pantograph","Kunai"],"potions_floor_usage":[7,22,22,30],"damage_taken":[{"damage":0,"enemies":"2 Louse","floor":1,"turns":3},{"damage":4,"enemies":"Small Slimes","floor":4,"turns":4},{"damage":38,"enemies":"Gremlin Nob","floor":7,"turns":5},{"damage":12,"enemies":"Jaw Worm","floor":11,"turns":2},{"damage":6,"enemies":"Looter","floor":14,"turns":2},{"damage":1,"enemies":"Hexaghost","floor":16,"turns":9},{"damage":9,"enemies":"3 Byrds","floor":18,"turns":3},{"damage":1,"enemies":"2 Thieves","floor":19,"turns":3},{"damage":11,"enemies":"Centurion and Healer","floor":20,"turns":3},{"damage":8,"enemies":"Snecko","floor":22,"turns":3},{"damage":24,"enemies":"Snake Plant","floor":25,"turns":3},{"damage":0,"enemies":"3 Cultists","floor":28,"turns":4},{"damage":0,"enemies":"Centurion and Healer","floor":30,"turns":4},{"damage":12,"enemies":"Snake Plant","floor":31,"turns":2}],"seed_played":"5378235637144261619","potions_obtained":[{"floor":4,"key":"Fruit Juice"},{"floor":16,"key":"Weak Potion"},{"floor":19,"key":"FearPotion"},{"floor":20,"key":"Poison Potion"},{"floor":28,"key":"Fire Potion"},{"floor":30,"key":"Energy Potion"}],"is_trial":false,"path_per_floor":["M","?","?","M","$","R","E","?","T","R","M","?","R","M","R","B",null,"M","M","M","?","M","R","?","M","T","$","M","$","M"],"character_chosen":"DEFECT","items_purchased":["Rip and Tear","Kunai","Gash+1"],"campfire_rested":0,"item_purchase_floors":[5,27,27],"current_hp_per_floor":[68,68,68,64,64,64,31,31,31,31,19,19,19,13,13,12,63,54,53,42,42,34,34,34,10,10,10,10,10,10,0],"gold":32,"neow_bonus":"BOSS_RELIC","is_prod":false,"is_daily":false,"chose_seed":false,"campfire_upgraded":5,"win_rate":0,"timestamp":1540471506,"path_taken":["M","?","?","M","$","R","E","?","T","R","?","?","R","M","R","BOSS","M","M","M","?","M","R","?","M","T","?","M","$","?","M"],"build_version":"2018-10-18","purchased_purges":0,"victory":false,"max_hp_per_floor":[75,75,75,75,75,75,80,80,80,80,80,80,80,80,80,80,80,80,80,80,80,80,80,80,80,80,80,80,80,80,80],"card_choices":[{"not_picked":["Redo","Cold Snap"],"picked":"Leap","floor":1},{"not_picked":["Static Discharge","Redo"],"picked":"Coolheaded","floor":4},{"not_picked":["Compile Driver","Cold Snap"],"picked":"Beam Cell","floor":7},{"not_picked":["Hello World","Heatsinks","Steam Power"],"picked":"SKIP","floor":11},{"not_picked":["Gash+1","Recycle"],"picked":"Go for the Eyes+1","floor":14},{"not_picked":["Meteor Strike+1","Electrodynamics"],"picked":"Hyperbeam+1","floor":16},{"not_picked":["Barrage+1","Stack","Darkness"],"picked":"SKIP","floor":18},{"not_picked":["Turbo+1","Double Energy+1","Go for the Eyes+1"],"picked":"SKIP","floor":19},{"not_picked":["Tempest","Turbo","Doom and Gloom+1"],"picked":"SKIP","floor":20},{"not_picked":["Cold Snap+1","Sweeping Beam+1","Go for the Eyes+1"],"picked":"SKIP","floor":22},{"not_picked":["Melter+1","Streamline+1"],"picked":"Leap","floor":25},{"not_picked":["Blizzard+1","Heatsinks"],"picked":"Rebound+1","floor":28},{"not_picked":["Compile Driver+1","Coolheaded"],"picked":"Creative AI","floor":30}],"player_experience":570986,"relics_obtained":[{"floor":7,"key":"Molten Egg 2"},{"floor":9,"key":"Whetstone"},{"floor":26,"key":"Pantograph"}],"event_choices":[{"cards_removed":["Strike_B"],"damage_healed":0,"gold_gain":0,"player_choice":"Card Removal","damage_taken":0,"max_hp_gain":0,"max_hp_loss":0,"event_name":"The Cleric","floor":2,"gold_loss":50},{"damage_healed":0,"gold_gain":0,"player_choice":"Fled","damage_taken":0,"max_hp_gain":0,"max_hp_loss":0,"event_name":"Scrap Ooze","floor":3,"gold_loss":0},{"damage_healed":0,"gold_gain":0,"player_choice":"Ignored","damage_taken":0,"max_hp_gain":0,"max_hp_loss":0,"event_name":"Shining Light","floor":8,"gold_loss":0},{"damage_healed":0,"gold_gain":0,"player_choice":"Ignored","damage_taken":0,"max_hp_gain":0,"max_hp_loss":0,"event_name":"Liars Game","floor":12,"gold_loss":0},{"damage_healed":0,"gold_gain":0,"player_choice":"Ignored","damage_taken":0,"max_hp_gain":0,"max_hp_loss":0,"event_name":"The Mausoleum","floor":21,"gold_loss":0},{"damage_healed":0,"gold_gain":99,"player_choice":"Stole From Cult","damage_taken":0,"max_hp_gain":0,"max_hp_loss":0,"event_name":"Nest","floor":24,"gold_loss":0}],"is_beta":false,"boss_relics":[{"not_picked":["Nuclear Battery","Astrolabe"],"picked":"Cursed Key"}],"items_purged_floors":[],"is_endless":false,"potions_floor_spawned":[4,16,19,20,28,30],"killed_by":"Snake Plant","ascension_level":13}