{"gold_per_floor":[125,125,125,125,125,125,125,125,202,234,234,234,234,270,270,360,360,394,458,505,552,693,693,744,744,817,817,863,863,920,977,1096,1235,1235,1269,1269,1331,1410,1410,1410,1461,1543,1543,1543,1640,1711,1799,1874,1937,2015,2035],"floor_reached":52,"playtime":3161,"items_purged":["BloodShelter","Strike_G","SuicideKing","Defend_G","CommonCold","Strike_G","strawberrySpire:HotShot","Languid","Normality","Parasite"],"score":3089,"play_id":"09eb32c2-5999-4617-a440-1a0f5503be82","local_time":"20190217202510","is_ascension_mode":true,"campfire_choices":[{"data":"Neutralize","floor":6.0,"key":"SMITH"}],"neow_cost":"NONE","seed_source_timestamp":73059589058700,"circlet_count":0,"master_deck":["AscendersBane","Defend_G","Defend_G","Defend_G","Defend_G+1","Strike_G","Strike_G","Survivor","Neutralize+1","strawberrySpire:Rummage+1","Impatience+1","Crow Ritual","strawberrySpire:SpinKick","Acrobatics+1","strawberrySpire:Urgency+1","ReplayTheSpireMod:Private Reserves+1","Reflect+1","Secret Weapon+1","Atom Bomb","ReplayTheSpireMod:The Works+1","Backflip+1","Calculated Gamble+1","Icecream+1","Adrenaline+1","Blade Dance+1","Quick Slash","Poisoned Strike+1","strawberrySpire:Rummage+1","hubris:Insight+1","After Image+1","jedi:forcepull+1","jedi:poisonivy+1","hubris:Sniper+1","strawberrySpire:Rummage+1","ReplayTheSpireMod:From All Sides","strawberrySpire:Momentum+1","Tools of the Trade+1","strawberrySpire:SideSwipe+1"],"special_seed":0,"relics":["Ring of the Snake","HushsDoor","halation:Prosthetics","Membership Card","Leech","InfectionSource","SteamSale","Toxic Egg 2","ChampionBelt","aspiration:SeaSaltIceCream","InfectionSource","conspire:TreasureMap","halation:TrafficLight","Lee\u0027s Waffle","Singing Bowl","hubris:Potato","Electric Blood","TheBible","halation:TrafficLight","Iron Hammer","GuppysPaw","Winged Necklace","MerchantsRug","NeowsBlessing","EqualTreatment","Letter Opener","Paper Crane","Simple Rune","RetroEgg","Vajra","Golden Idol","Counterbalance","hubris:GlazedTorus","halation:Jellyphish","ChampionBelt","GuppysTail","halation:IllGainedPizza","halation:AfternoonTea","hubris:DisguiseKit","ReplayFunnel","aspiration:Lifesprig","Bandana","halation:Trompette","MoneyPower","Art of War","strawberrySpire:DirtyLipstick","halation:Thesaurus","Chameleon Ring","Frozen Egg 2","Replay:Accelerometer","hubris:MysteriousPyramids","TheBible","Bag of Marbles","Matryoshka","hubris:64BitClover","halation:BottledLove","Mirror","OrangePellets","Cursed Key","SatanicBible","DeathBook","Orichalcum","Toolbox","strawberrySpire:TinySteamboat","strawberrySpire:ElefentMask","ReplayTheSpireMod:Bottled Flurry","Rawhide","ReplayTheSpireMod:PocketPolymizer","TheAbacus","hubris:DeckOfHolding","jedi:crownofsimplicity","Runesmith:AutoHammer","GuppysHead","conspire:GiftBox","Du-Vu Doll","conspire:DeflatedDodgeball","Alchemist","Bottled Tornado","OneHitWonder","ReplayTheSpireMod:Bottled Steam","jedi:fakemustache"],"potions_floor_usage":[51],"damage_taken":[{"damage":6.0,"enemies":"3 Sentries","floor":1.0,"turns":4.0},{"damage":0.0,"enemies":"Gremlin Nob","floor":10.0,"turns":1.0},{"damage":0.0,"enemies":"Lagavulin","floor":14.0,"turns":1.0},{"damage":0.0,"enemies":"Fading Forest","floor":16.0,"turns":1.0},{"damage":0.0,"enemies":"Gremlin Leader","floor":18.0,"turns":1.0},{"damage":0.0,"enemies":"Slavers","floor":20.0,"turns":1.0},{"damage":0.0,"enemies":"Gremlin Leader","floor":21.0,"turns":3.0},{"damage":0,"enemies":"Colosseum Slavers","floor":22,"turns":1},{"damage":0,"enemies":"Colosseum Nobs","floor":22,"turns":1},{"damage":0,"enemies":"Book of Stabbing","floor":24,"turns":1},{"damage":0,"enemies":"Slavers","floor":28,"turns":1},{"damage":0,"enemies":"Book of Stabbing","floor":30,"turns":1},{"damage":0,"enemies":"Gremlin Leader","floor":31,"turns":2},{"damage":0,"enemies":"Monstro","floor":33,"turns":2},{"damage":0,"enemies":"Orb Walker","floor":35,"turns":1},{"damage":0,"enemies":"R_Hoarder","floor":37,"turns":3},{"damage":0,"enemies":"Nemesis","floor":41,"turns":1},{"damage":0,"enemies":"strawberrySpire:EssenceStones","floor":42,"turns":3},{"damage":0,"enemies":"2 Orb Walkers","floor":45,"turns":2},{"damage":0,"enemies":"Giant Head","floor":47,"turns":2},{"damage":0,"enemies":"Reptomancer","floor":48,"turns":1},{"damage":0,"enemies":"Awakened One","floor":50,"turns":2},{"damage":0,"enemies":"conspire:OrnateMirror","floor":51,"turns":1}],"seed_played":"-3533506919304593749","potions_obtained":[{"floor":14.0,"key":"AttackPotion"},{"floor":20.0,"key":"Milkshake"},{"floor":47,"key":"Strength Potion"}],"is_trial":true,"path_per_floor":["M","?","WH","$","WH","R","WH","$","T","E","$","WH","?","M","R","B",null,"M","$","M","M","?","R","M","?","T","$","E","?","M","M","R","B",null,"M","$","M","T","?","R","M","M","T","R","?","T","M","E","R","B","B",null],"character_chosen":"THE_SILENT","items_purchased":["GuppysPaw","Winged Necklace","MerchantsRug","EqualTreatment","Letter Opener","Impatience+1","Crow Ritual","strawberrySpire:SpinKick","RetroEgg","Vajra","strawberrySpire:Urgency+1","ReplayTheSpireMod:Private Reserves+1","Reflect+1","hubris:GlazedTorus","conspire:Dentures","halation:Jellyphish","Secret Weapon+1","GuppysTail","Atom Bomb","halation:AfternoonTea","hubris:DisguiseKit","Art of War","strawberrySpire:DirtyLipstick","halation:Thesaurus","TheBible","halation:BottledLove","Mirror","OrangePellets","Poisoned Strike","strawberrySpire:Rummage+1","hubris:Insight+1","SatanicBible","jedi:forcepull+1","DeathBook","Orichalcum","Toolbox","Rawhide","ReplayTheSpireMod:PocketPolymizer","TheAbacus","GuppysHead","conspire:GiftBox","strawberrySpire:Momentum+1","OneHitWonder","ReplayTheSpireMod:Bottled Steam","jedi:fakemustache","strawberrySpire:SideSwipe","Swift Potion"],"campfire_rested":0,"item_purchase_floors":[4,4,4,8,8,8,8,8,11,11,11,11,11,15,15,15,15,17,17,19,19,23,23,23,27,32,32,32,32,32,32,34,34,36,36,36,40,40,40,44,44,44,49,49,49,49,49],"current_hp_per_floor":[34,29,32,32,36,36,36,36,36,36,36,40,23,23,23,26,34,35,35,36,37,37,37,37,37,37,37,39,39,41,41,41,41,24,24,24,24,24,24,24,26,26,26,26,28,28,28,38,35,35,35],"gold":2035,"neow_bonus":"TEN_PERCENT_HP_BONUS","is_prod":false,"is_daily":false,"chose_seed":false,"campfire_upgraded":1,"win_rate":0,"timestamp":1550406310,"path_taken":["M","?","WH","$","WH","R","WH","$","T","E","?","WH","?","M","R","BOSS","M","$","M","?","?","R","M","?","T","$","E","?","M","?","R","BOSS","M","$","?","?","?","R","M","M","T","R","?","?","M","E","R","BOSS","BOSS"],"build_version":"2019-01-23","purchased_purges":10,"victory":true,"max_hp_per_floor":[38,38,41,41,45,45,45,45,45,45,45,49,49,49,49,51,37,37,37,37,37,37,37,37,37,37,37,39,39,41,41,41,41,24,24,24,24,24,24,24,26,26,26,26,28,28,28,38,35,35,35],"card_choices":[{"not_picked":[],"picked":"SuicideKing","floor":0.0},{"not_picked":["Flying Knee","strawberrySpire:DeltaFlow+1"],"picked":"strawberrySpire:Rummage+1","floor":1.0},{"not_picked":["Sucker Punch","Concentrate+1"],"picked":"Acrobatics+1","floor":10.0},{"not_picked":["Footwork","strawberrySpire:DeltaFlow+1"],"picked":"strawberrySpire:HotShot","floor":14.0},{"not_picked":["Wraith Form v2","Unload","Bullet Time+1"],"picked":"Singing Bowl","floor":16.0},{"not_picked":["Draining Mist+1","Sucker Punch"],"picked":"ReplayTheSpireMod:The Works+1","floor":18.0},{"not_picked":["strawberrySpire:Pant+1","Fluid Movement","BunnyJump"],"picked":"Backflip+1","floor":20.0},{"not_picked":["strawberrySpire:DeltaFlow+1","Flechettes","CrazyDrinking"],"picked":"Calculated Gamble+1","floor":21.0},{"not_picked":["Deadly Poison+1","InfectiousVector+1","Fluid Movement"],"picked":"Icecream","floor":22},{"not_picked":["Dodge and Roll+1","Fluid Movement","Fbi"],"picked":"Adrenaline+1","floor":24},{"not_picked":["strawberrySpire:SpinKick","hubris:SlightOfHand+1","Backflip+1","Blue"],"picked":"Singing Bowl","floor":28},{"not_picked":["Accuracy+1","Quick Slash","strawberrySpire:Pant+1","CardDestruct"],"picked":"Singing Bowl","floor":30},{"not_picked":["Noxious Fumes+1","Replay:Poison Smokescreen+1","PowerGlove"],"picked":"Quick Slash","floor":31},{"not_picked":["Bullet Time+1","Die Die Die","Vodka"],"picked":"After Image+1","floor":33},{"not_picked":["Poisoned Stab","conspire:DoublingDagger+1","Guppy"],"picked":"jedi:poisonivy+1","floor":35},{"not_picked":["Replay:Poison Smokescreen+1","Cloak And Dagger+1","Timmie"],"picked":"hubris:Sniper+1","floor":37},{"not_picked":["Deadly Poison+1","strawberrySpire:Slide+1","Dagger Spray+1","Yeast"],"picked":"Singing Bowl","floor":41},{"not_picked":["Glass Knife","Flying Knee+1","Fury"],"picked":"strawberrySpire:Rummage+1","floor":42},{"not_picked":["Phantasmal Killer+1","Venomology+1"],"picked":"ReplayTheSpireMod:From All Sides","floor":44},{"not_picked":["Dagger Throw","Replay:Poison Smokescreen+1","Cloak And Dagger+1","GetToilet"],"picked":"Singing Bowl","floor":45},{"not_picked":["Noxious Fumes+1","strawberrySpire:Insectonator+1","BreakDrink"],"picked":"Tools of the Trade+1","floor":47},{"not_picked":["Backflip+1","ShadowRift","Terror+1","SexyLeg"],"picked":"Singing Bowl","floor":48}],"player_experience":797235,"relics_obtained":[{"floor":1.0,"key":"Iron Hammer"},{"floor":9.0,"key":"Paper Crane"},{"floor":10.0,"key":"Simple Rune"},{"floor":14.0,"key":"Counterbalance"},{"floor":18.0,"key":"halation:IllGainedPizza"},{"floor":20.0,"key":"ReplayFunnel"},{"floor":21.0,"key":"aspiration:Lifesprig"},{"floor":22,"key":"halation:Trompette"},{"floor":22,"key":"MoneyPower"},{"floor":24,"key":"Frozen Egg 2"},{"floor":26,"key":"hubris:MysteriousPyramids"},{"floor":28,"key":"Bag of Marbles"},{"floor":30,"key":"Matryoshka"},{"floor":31,"key":"hubris:64BitClover"},{"floor":37,"key":"strawberrySpire:TinySteamboat"},{"floor":38,"key":"strawberrySpire:ElefentMask"},{"floor":38,"key":"ReplayTheSpireMod:Bottled Flurry"},{"floor":41,"key":"Bag of Preparation"},{"floor":42,"key":"hubris:DeckOfHolding"},{"floor":43,"key":"jedi:crownofsimplicity"},{"floor":43,"key":"Runesmith:AutoHammer"},{"floor":45,"key":"Du-Vu Doll"},{"floor":46,"key":"conspire:DeflatedDodgeball"},{"floor":47,"key":"Alchemist"},{"floor":48,"key":"Bottled Tornado"}],"event_choices":[{"damage_healed":0.0,"max_hp_gain":0.0,"max_hp_loss":0.0,"gold_gain":0.0,"event_name":"Wheel of Change","player_choice":"Damaged","floor":2.0,"gold_loss":0.0,"damage_taken":5.0},{"damage_healed":0.0,"max_hp_gain":0.0,"max_hp_loss":0.0,"gold_gain":0.0,"event_name":"Golden Idol","player_choice":"Take Damage","floor":13.0,"gold_loss":0.0,"damage_taken":17.0,"relics_obtained":["Golden Idol"]},{"damage_healed":0,"gold_gain":0,"player_choice":"Fight","damage_taken":0,"max_hp_gain":0,"max_hp_loss":0,"event_name":"Colosseum","floor":22,"gold_loss":0},{"damage_healed":0,"gold_gain":0,"player_choice":"Fought Nobs","damage_taken":0,"max_hp_gain":0,"max_hp_loss":0,"event_name":"Colosseum","floor":22,"gold_loss":0},{"damage_healed":0,"gold_gain":0,"player_choice":"Read","damage_taken":0,"max_hp_gain":0,"max_hp_loss":0,"event_name":"The Library","floor":29,"gold_loss":0,"cards_obtained":["Blade Dance"]},{"cards_removed":["Strike_G"],"damage_healed":0,"gold_gain":0,"player_choice":"Removed Attack","damage_taken":0,"max_hp_gain":0,"max_hp_loss":0,"event_name":"Falling","floor":39,"gold_loss":0},{"damage_healed":0,"gold_gain":0,"player_choice":"Fight","damage_taken":0,"max_hp_gain":0,"max_hp_loss":0,"event_name":"Mysterious Sphere","floor":45,"gold_loss":0}],"is_beta":false,"boss_relics":[{"not_picked":["IncinerationGenerator","ChewingGum"],"picked":"ChampionBelt"},{"not_picked":[]},{"not_picked":["halation:Risk","Eternal Feather"],"picked":"Cursed Key"},{"not_picked":[]}],"items_purged_floors":[8,11,19,23,27,32,34,40,44,49],"is_endless":false,"potions_floor_spawned":[14,20,22,28,30,31,37,45,47],"ascension_level":20}