{"gold_per_floor":[117,135,150,150,150,150,185,196,220,239,270,280,307,324,324,420,420,420],"floor_reached":18,"playtime":2134,"items_purged":[],"score":202,"play_id":"b2f053d5-0cc4-41ac-81a2-4b6626249c04","local_time":"20180904224723","is_ascension_mode":true,"campfire_choices":[{"data":"Armaments","floor":6.0,"key":"SMITH"},{"data":"Warcry","floor":15.0,"key":"SMITH"}],"neow_cost":"","seed_source_timestamp":0,"circlet_count":0,"master_deck":["Strike_R+1","Strike_R","Strike_R+1","Defend_R","Defend_R","Defend_R","Defend_R","Bash","Armaments+1","Shrug It Off","Body Slam+1","Power Through","Pommel Strike","Shrug It Off","Feed","Burning Pact","Warcry+1","Shrug It Off","Barricade"],"special_seed":0,"relics":["Burning Blood","Centennial Puzzle","Strawberry","Whetstone","Omamori","Empty Cage"],"potions_floor_usage":[],"damage_taken":[{"damage":10.0,"enemies":"Jaw Worm","floor":1.0,"turns":7.0},{"damage":0.0,"enemies":"Cultist","floor":2.0,"turns":4.0},{"damage":0.0,"enemies":"2 Louse","floor":3.0,"turns":4.0},{"damage":15.0,"enemies":"Lagavulin","floor":7.0,"turns":9.0},{"damage":0.0,"enemies":"Looter","floor":8.0,"turns":3.0},{"damage":4.0,"enemies":"Lots of Slimes","floor":10.0,"turns":4.0},{"damage":9.0,"enemies":"3 Sentries","floor":11.0,"turns":7.0},{"damage":1.0,"enemies":"Red Slaver","floor":12.0,"turns":4.0},{"damage":14.0,"enemies":"Gremlin Nob","floor":13.0,"turns":4.0},{"damage":12.0,"enemies":"Exordium Wildlife","floor":14.0,"turns":7.0},{"damage":66.0,"enemies":"Hexaghost","floor":16.0,"turns":17.0},{"damage":115,"enemies":"Chosen","floor":18,"turns":15}],"seed_played":"2359524427890044153","potions_obtained":[{"floor":1.0,"key":"Strength Potion"},{"floor":3.0,"key":"FearPotion"},{"floor":8.0,"key":"PowerPotion"},{"floor":13.0,"key":"Weak Potion"}],"is_trial":false,"path_per_floor":["M","M","M","?","?","R","E","M","T","M","E","M","E","M","R","B",null],"character_chosen":"IRONCLAD","items_purchased":[],"campfire_rested":0,"item_purchase_floors":[],"current_hp_per_floor":[76,80,80,80,80,80,71,77,84,86,83,91,83,80,80,20,94,0],"gold":420,"neow_bonus":"","is_prod":false,"is_daily":false,"chose_seed":false,"campfire_upgraded":2,"win_rate":0,"timestamp":1536126443,"path_taken":["M","M","M","?","?","R","E","M","T","M","E","M","E","?","R","BOSS","M"],"build_version":"2018-08-30","purchased_purges":0,"victory":false,"max_hp_per_floor":[80,80,80,80,80,80,80,80,87,87,87,91,91,94,94,94,94,94],"card_choices":[{"not_picked":["True Grit","Rupture"],"picked":"Armaments","floor":1.0},{"not_picked":["Juggernaut","Combust"],"picked":"Shrug It Off","floor":2.0},{"not_picked":["Searing Blow","Corruption"],"picked":"Body Slam","floor":3.0},{"not_picked":["Shrug It Off","Armaments"],"picked":"Power Through","floor":7.0},{"not_picked":["Armaments","Searing Blow"],"picked":"Pommel Strike","floor":8.0},{"not_picked":["True Grit","Pummel"],"picked":"Shrug It Off","floor":10.0},{"not_picked":["Perfected Strike","Pummel"],"picked":"Feed","floor":11.0},{"not_picked":["Sentinel","Headbutt"],"picked":"Burning Pact","floor":12.0},{"not_picked":["Sentinel","Corruption"],"picked":"Warcry","floor":13.0},{"not_picked":["Perfected Strike","Brutality"],"picked":"Shrug It Off","floor":14.0},{"not_picked":["Exhume","Brutality"],"picked":"Barricade","floor":16.0}],"player_experience":170662,"relics_obtained":[{"floor":7.0,"key":"Centennial Puzzle"},{"floor":9.0,"key":"Strawberry"},{"floor":11.0,"key":"Whetstone"},{"floor":13.0,"key":"Omamori"}],"event_choices":[{"event_name":"Match and Keep!","player_choice":"0 cards matched","floor":4.0,"damage_taken":0.0},{"event_name":"Accursed Blacksmith","player_choice":"Forge","floor":5.0,"damage_taken":0.0}],"is_beta":false,"boss_relics":[{"not_picked":["Fusion Hammer","Busted Crown"],"picked":"Empty Cage"}],"items_purged_floors":[],"is_endless":false,"potions_floor_spawned":[1,3,8,12,13,14],"killed_by":"Chosen","ascension_level":2}