{"gold_per_floor":[116,86,97,116,116,116,145,145,193,268,281,309,309,341,341,412,412,423,438,450,146,146,146,179,179,203,203,203,103,120,139,139,212,212,231,231,331,349,349,349,368,385,385,397,417,417,47,66,66,66],"floor_reached":51,"playtime":3216,"items_purged":["Strike_R","Strike_R+1","Strike_R+1"],"score":1226,"play_id":"aa3d8fb5-d2d0-4a8f-bda5-b2ee14b3a393","local_time":"20190131032834","is_ascension_mode":true,"campfire_choices":[{"data":"Cleave","floor":6.0,"key":"SMITH"},{"data":"Bash","floor":8.0,"key":"SMITH"},{"data":"Infernal Blade","floor":13.0,"key":"SMITH"},{"data":"1","floor":15.0,"key":"LIFT"},{"data":"2","floor":23.0,"key":"LIFT"},{"data":"3","floor":28,"key":"LIFT"},{"data":"Limit Break","floor":32,"key":"SMITH"},{"data":"Sword Boomerang","floor":40,"key":"SMITH"},{"floor":46,"key":"REST"},{"data":"Battle Trance","floor":49,"key":"SMITH"}],"neow_cost":"NONE","seed_source_timestamp":46034653700330,"circlet_count":0,"master_deck":["AscendersBane","Strike_R+1","Strike_R+1","Defend_R+1","Defend_R+1","Defend_R+1","Defend_R+1","Bash+1","Cleave+1","Power Through","Sever Soul","Shrug It Off","Reckless Charge","Infernal Blade+1","Clash","Feed","Spot Weakness","Seeing Red+1","Bandage Up","Limit Break+1","J.A.X.","Battle Trance+1","Reaper","Headbutt","Spot Weakness","Sword Boomerang+1","Inflame","Flex+1","Metallicize+1","Sword Boomerang"],"special_seed":0,"relics":["Burning Blood","Happy Flower","Odd Mushroom","Whetstone","Pear","Girya","Sozu","Omamori","Mango","Lantern","Lizard Tail","Thread and Needle","Pocketwatch","HandDrill"],"potions_floor_usage":[42],"damage_taken":[{"damage":1.0,"enemies":"Cultist","floor":1.0,"turns":3.0},{"damage":2.0,"enemies":"2 Louse","floor":3.0,"turns":3.0},{"damage":2.0,"enemies":"Jaw Worm","floor":4.0,"turns":4.0},{"damage":7.0,"enemies":"The Mushroom Lair","floor":7.0,"turns":4.0},{"damage":1.0,"enemies":"Looter","floor":11.0,"turns":3.0},{"damage":17.0,"enemies":"Gremlin Nob","floor":12.0,"turns":4.0},{"damage":15.0,"enemies":"3 Sentries","floor":14.0,"turns":6.0},{"damage":3.0,"enemies":"Slime Boss","floor":16.0,"turns":5.0},{"damage":9.0,"enemies":"Spheric Guardian","floor":18.0,"turns":3.0},{"damage":23.0,"enemies":"2 Thieves","floor":19.0,"turns":3.0},{"damage":15.0,"enemies":"Cultist and Chosen","floor":20.0,"turns":3.0},{"damage":34,"enemies":"Slavers","floor":24,"turns":5},{"damage":3,"enemies":"Centurion and Healer","floor":30,"turns":5},{"damage":15,"enemies":"Snecko","floor":31,"turns":4},{"damage":46,"enemies":"Champ","floor":33,"turns":8},{"damage":3,"enemies":"Orb Walker","floor":35,"turns":3},{"damage":35,"enemies":"Mind Bloom Boss Battle","floor":37,"turns":7},{"damage":25,"enemies":"3 Shapes","floor":38,"turns":3},{"damage":58,"enemies":"Spire Growth","floor":41,"turns":4},{"damage":18,"enemies":"Maw","floor":42,"turns":5},{"damage":24,"enemies":"4 Shapes","floor":44,"turns":3},{"damage":33,"enemies":"Transient","floor":45,"turns":5},{"damage":33,"enemies":"Maw","floor":48,"turns":5},{"damage":49,"enemies":"Awakened One","floor":50,"turns":5}],"seed_played":"3719748884673019419","potions_obtained":[{"floor":2.0,"key":"Energy Potion"},{"floor":2.0,"key":"SpeedPotion"},{"floor":4.0,"key":"Poison Potion"},{"floor":12.0,"key":"Poison Potion"},{"floor":14.0,"key":"BloodPotion"}],"is_trial":false,"path_per_floor":["?","M","?","?","?","M","?","?","?","$","?","?","?","M"],"character_chosen":"IRONCLAD","items_purchased":["Bandage Up","Omamori","Sword Boomerang","HandDrill"],"campfire_rested":1,"item_purchase_floors":[21,21,47,47],"current_hp_per_floor":[73,73,75,75,75,75,74,74,74,63,68,67,67,58,58,61,79,76,62,56,56,56,56,49,49,49,49,49,49,59,54,54,18,88,94,94,85,73,73,73,25,41,41,51,28,63,63,94,94,120],"gold":66,"neow_bonus":"RANDOM_COMMON_RELIC","is_prod":false,"is_daily":false,"chose_seed":false,"campfire_upgraded":6,"win_rate":0,"timestamp":1548876514,"path_taken":["M","?","M","?","?","R","?","R","T","?","?","E","R","E","R","BOSS","M","M","M","$","?","R","E","?","T","?","R","?","M","M","R","BOSS","M","?","?","M","?","R","M","M","T","?","M","R","$","M","R","BOSS"],"build_version":"2019-01-23","purchased_purges":3,"victory":true,"max_hp_per_floor":[75,75,75,75,75,75,75,75,75,75,75,85,85,85,85,85,85,85,88,91,91,91,91,108,108,108,108,108,108,111,111,111,111,111,114,114,114,117,117,117,117,117,117,117,117,117,117,117,117,120],"card_choices":[{"not_picked":["Clothesline","Bloodletting"],"picked":"Cleave","floor":1.0},{"not_picked":["Cleave","Fire Breathing"],"picked":"Power Through","floor":3.0},{"not_picked":["Rupture","Sword Boomerang"],"picked":"Sever Soul","floor":4.0},{"not_picked":["Heavy Blade","Anger"],"picked":"Shrug It Off","floor":7.0},{"not_picked":["Headbutt","Sever Soul"],"picked":"Reckless Charge","floor":11.0},{"not_picked":["Blood for Blood","Body Slam"],"picked":"Infernal Blade","floor":12.0},{"not_picked":["Spot Weakness","Armaments"],"picked":"Clash","floor":14.0},{"not_picked":["Bludgeon","Juggernaut"],"picked":"Feed","floor":16.0},{"not_picked":["Seeing Red","Armaments","Fire Breathing"],"picked":"SKIP","floor":18.0},{"not_picked":["Cleave","Pommel Strike"],"picked":"Spot Weakness","floor":19.0},{"not_picked":["Armaments","Perfected Strike"],"picked":"Seeing Red+1","floor":20.0},{"not_picked":["Anger","Twin Strike"],"picked":"Limit Break","floor":24},{"not_picked":["Ghostly Armor","Shrug It Off","Cleave"],"picked":"SKIP","floor":30},{"not_picked":["Havoc","Thunderclap"],"picked":"Battle Trance","floor":31},{"not_picked":["Immolate","Dark Embrace"],"picked":"Reaper","floor":33},{"not_picked":["Shockwave","Intimidate"],"picked":"Headbutt","floor":35},{"not_picked":["Cleave","Twin Strike"],"picked":"Spot Weakness","floor":37},{"not_picked":["Shrug It Off","Clash"],"picked":"Sword Boomerang","floor":38},{"not_picked":["Dual Wield","Perfected Strike+1"],"picked":"Inflame","floor":41},{"not_picked":["Anger","Uppercut"],"picked":"Flex+1","floor":42},{"not_picked":["Warcry","Clothesline"],"picked":"Metallicize+1","floor":44},{"not_picked":["Armaments","Cleave","Flex"],"picked":"SKIP","floor":45},{"not_picked":["Clothesline","Pommel Strike","Demon Form"],"picked":"SKIP","floor":48}],"player_experience":169785,"relics_obtained":[{"floor":7.0,"key":"Odd Mushroom"},{"floor":9.0,"key":"Whetstone"},{"floor":12.0,"key":"Pear"},{"floor":14.0,"key":"Girya"},{"floor":24,"key":"Mango"},{"floor":26,"key":"Lantern"},{"floor":37,"key":"Thread and Needle"},{"floor":43,"key":"Pocketwatch"}],"event_choices":[{"damage_healed":0.0,"max_hp_gain":0.0,"max_hp_loss":0.0,"gold_gain":0.0,"event_name":"The Woman in Blue","player_choice":"Bought 2 Potions","floor":2.0,"gold_loss":0.0,"damage_taken":0.0},{"damage_healed":0.0,"max_hp_gain":0.0,"max_hp_loss":0.0,"gold_gain":0.0,"event_name":"Liars Game","player_choice":"Ignored","floor":5.0,"gold_loss":0.0,"damage_taken":0.0},{"damage_healed":0.0,"max_hp_gain":0.0,"max_hp_loss":0.0,"gold_gain":0.0,"event_name":"Mushrooms","player_choice":"Fought Mushrooms","floor":7.0,"gold_loss":0.0,"damage_taken":0.0},{"damage_healed":0.0,"max_hp_gain":0.0,"max_hp_loss":0.0,"gold_gain":75.0,"event_name":"World of Goop","player_choice":"Gather Gold","floor":10.0,"gold_loss":0.0,"damage_taken":11.0},{"damage_healed":0.0,"max_hp_gain":0.0,"max_hp_loss":0.0,"gold_gain":0.0,"event_name":"Back to Basics","player_choice":"Simplicity","floor":22.0,"gold_loss":0.0,"damage_taken":0.0,"cards_upgraded":["Strike_R","Strike_R","Defend_R","Defend_R","Defend_R","Defend_R"]},{"damage_healed":0,"gold_gain":0,"player_choice":"Obtain J.A.X.","damage_taken":0,"max_hp_gain":0,"max_hp_loss":0,"event_name":"Drug Dealer","floor":25,"gold_loss":0,"cards_obtained":["J.A.X."]},{"damage_healed":0,"gold_gain":0,"player_choice":"Ignored","damage_taken":0,"max_hp_gain":0,"max_hp_loss":0,"event_name":"Ghosts","floor":27,"gold_loss":0},{"damage_healed":0,"gold_gain":0,"player_choice":"Ignored","damage_taken":0,"max_hp_gain":0,"max_hp_loss":0,"event_name":"Mysterious Sphere","floor":36,"gold_loss":0},{"damage_healed":0,"gold_gain":0,"player_choice":"Fight","damage_taken":0,"max_hp_gain":0,"max_hp_loss":0,"event_name":"MindBloom","floor":37,"gold_loss":0},{"damage_healed":0,"gold_gain":0,"player_choice":"Leave","damage_taken":0,"max_hp_gain":0,"max_hp_loss":0,"event_name":"FaceTrader","floor":39,"gold_loss":0}],"is_beta":false,"boss_relics":[{"not_picked":["Black Blood","Cursed Key"],"picked":"Sozu"},{"not_picked":["Orrery","Velvet Choker"],"picked":"Lizard Tail"}],"items_purged_floors":[21,29,47],"is_endless":false,"potions_floor_spawned":[4,12,14,18,24,30,31,37,38,44,45,48],"ascension_level":14}