{"gold_per_floor":[115,115,115,127,147,162,162,177,204,204,216,108,121,138,138,239,239,249,69,69,80,100,100,125,125,125,125,25,25,25,43,43,143,143,157,157,78,93,93,93,118,138,138,138,173,0,0,0,0,0],"floor_reached":51,"playtime":3088,"items_purged":["Strike_G","Strike_G"],"score":922,"play_id":"7c3bb6e9-3f1d-4f98-b4b3-260eb9007018","local_time":"20190221171412","is_ascension_mode":true,"campfire_choices":[{"floor":7,"key":"REST"},{"data":"Neutralize","floor":10,"key":"SMITH"},{"floor":15,"key":"REST"},{"floor":23,"key":"REST"},{"floor":25,"key":"REST"},{"floor":30,"key":"REST"},{"floor":32,"key":"REST"},{"data":"Apotheosis","floor":40,"key":"SMITH"},{"floor":44,"key":"REST"},{"data":"Noxious Fumes","floor":47,"key":"SMITH"},{"data":"Noxious Fumes","floor":49,"key":"SMITH"}],"neow_cost":"NONE","seed_source_timestamp":507772278174356,"circlet_count":0,"master_deck":["Defend_G","Defend_G","Defend_G","Defend_G","Defend_G","Survivor","Neutralize+1","Escape Plan","Footwork","Backflip","Sucker Punch","Dodge and Roll","Noxious Fumes+1","Noxious Fumes+1","Corpse Explosion","Leg Sweep","Apotheosis+1","PiercingWail+1","Malaise","Dodge and Roll","Dash","Deflect","Noxious Fumes","Catalyst+1"],"relics":["Ring of the Snake","NeowsBlessing","Lantern","Vajra","Empty Cage","Pen Nib","Pear","Enchiridion","Sozu","Blood Vial","Pantograph","Sundial","Red Mask"],"potions_floor_usage":[16,18,24,33,42],"damage_taken":[{"damage":0,"enemies":"Small Slimes","floor":1,"turns":1},{"damage":0,"enemies":"Cultist","floor":4,"turns":1},{"damage":0,"enemies":"Jaw Worm","floor":5,"turns":1},{"damage":26,"enemies":"Large Slime","floor":6,"turns":10},{"damage":0,"enemies":"2 Fungi Beasts","floor":8,"turns":4},{"damage":4,"enemies":"Exordium Wildlife","floor":11,"turns":5},{"damage":12,"enemies":"Large Slime","floor":13,"turns":7},{"damage":0,"enemies":"Blue Slaver","floor":14,"turns":4},{"damage":25,"enemies":"Slime Boss","floor":16,"turns":13},{"damage":2,"enemies":"3 Byrds","floor":18,"turns":3},{"damage":1,"enemies":"Chosen","floor":21,"turns":7},{"damage":20,"enemies":"Snecko","floor":22,"turns":6},{"damage":52,"enemies":"Slavers","floor":24,"turns":5},{"damage":13,"enemies":"Centurion and Healer","floor":31,"turns":7},{"damage":43,"enemies":"Collector","floor":33,"turns":10},{"damage":61,"enemies":"3 Shapes","floor":35,"turns":6},{"damage":4,"enemies":"3 Darklings","floor":38,"turns":6},{"damage":10,"enemies":"Nemesis","floor":41,"turns":11},{"damage":10,"enemies":"4 Shapes","floor":42,"turns":7},{"damage":17,"enemies":"Giant Head","floor":45,"turns":11},{"damage":26,"enemies":"Awakened One","floor":50,"turns":17}],"seed_played":"8039407352277662842","potions_obtained":[{"floor":1,"key":"Ancient Potion"},{"floor":8,"key":"GhostInAJar"},{"floor":13,"key":"LiquidBronze"},{"floor":16,"key":"Ancient Potion"},{"floor":24,"key":"EssenceOfSteel"},{"floor":31,"key":"SteroidPotion"},{"floor":33,"key":"Swift Potion"}],"is_trial":false,"path_per_floor":["M","?","?","M","M","M","R","M","T","R","M","$","M","M","R","B",null,"M","$","?","M","M","R","E","R","T","?","$","?","R","M","R","B",null,"M","?","$","M","?","R","E","M","T","R","E","?","R","$","R","B",null],"character_chosen":"THE_SILENT","items_purchased":["Noxious Fumes","Apotheosis","Dash"],"campfire_rested":7,"item_purchase_floors":[12,19,37],"current_hp_per_floor":[63,45,45,45,45,19,40,40,40,40,36,36,24,24,45,20,58,56,56,56,55,35,56,4,25,35,61,61,45,69,56,80,37,69,8,70,70,66,66,66,56,48,48,69,53,53,53,53,53,44],"gold":0,"neow_bonus":"THREE_ENEMY_KILL","is_prod":false,"is_daily":false,"chose_seed":false,"campfire_upgraded":4,"win_rate":0,"timestamp":1550747652,"path_taken":["M","?","?","?","M","?","R","M","T","R","?","$","M","M","R","BOSS","M","$","?","M","M","R","E","R","T","?","$","?","R","M","R","BOSS","M","?","$","M","?","R","E","M","T","R","E","?","R","$","R","BOSS"],"build_version":"2019-01-23","purchased_purges":2,"victory":true,"max_hp_per_floor":[70,70,70,70,70,70,70,70,70,70,70,70,70,70,70,70,70,70,70,70,70,70,70,70,70,80,80,80,80,80,80,80,80,80,80,70,70,70,70,70,70,70,70,70,70,70,70,70,70,70],"card_choices":[{"not_picked":["Masterful Stab","Acrobatics"],"picked":"Escape Plan","floor":1},{"not_picked":["Quick Slash","Flechettes"],"picked":"Backflip","floor":4},{"not_picked":["Dagger Spray","Poisoned Stab"],"picked":"Sucker Punch","floor":5},{"not_picked":["Quick Slash","Sucker Punch","Underhanded Strike"],"picked":"SKIP","floor":6},{"not_picked":["Distraction","Prepared","Dagger Throw"],"picked":"SKIP","floor":8},{"not_picked":["Finisher","Riddle With Holes"],"picked":"Dodge and Roll","floor":11},{"not_picked":["Crippling Poison","Underhanded Strike"],"picked":"Noxious Fumes","floor":13},{"not_picked":["Distraction","Burst","Outmaneuver"],"picked":"SKIP","floor":14},{"not_picked":["Tools of the Trade","Phantasmal Killer"],"picked":"Corpse Explosion","floor":16},{"not_picked":["Bouncing Flask","Prepared"],"picked":"Leg Sweep","floor":18},{"not_picked":["Setup","Underhanded Strike"],"picked":"PiercingWail+1","floor":21},{"not_picked":["Terror","Quick Slash+1","Poisoned Stab"],"picked":"SKIP","floor":22},{"not_picked":["Bane","Setup"],"picked":"Malaise","floor":24},{"not_picked":["Underhanded Strike","Eviscerate"],"picked":"Dodge and Roll","floor":31},{"not_picked":["Backstab","Terror","Outmaneuver+1"],"picked":"SKIP","floor":38},{"not_picked":["Setup+1","Outmaneuver"],"picked":"Deflect","floor":41},{"not_picked":["Catalyst+1","Quick Slash"],"picked":"Noxious Fumes","floor":42},{"not_picked":["Eviscerate","Cloak And Dagger+1"],"picked":"Catalyst+1","floor":45}],"player_experience":852121,"relics_obtained":[{"floor":9,"key":"Vajra"},{"floor":24,"key":"Pen Nib"},{"floor":26,"key":"Pear"},{"floor":29,"key":"Enchiridion"},{"floor":41,"key":"Blood Vial"},{"floor":43,"key":"Pantograph"},{"floor":45,"key":"Sundial"}],"event_choices":[{"damage_healed":0,"gold_gain":0,"player_choice":"Success","damage_taken":18,"relics_obtained":["Lantern"],"max_hp_gain":0,"max_hp_loss":0,"event_name":"Scrap Ooze","floor":2,"gold_loss":0},{"damage_healed":0,"gold_gain":0,"player_choice":"1 cards matched","damage_taken":0,"max_hp_gain":0,"max_hp_loss":0,"event_name":"Match and Keep!","floor":3,"gold_loss":0,"cards_obtained":["Footwork"]},{"damage_healed":0,"gold_gain":0,"player_choice":"Ignored","damage_taken":0,"max_hp_gain":0,"max_hp_loss":0,"event_name":"Beggar","floor":20,"gold_loss":0},{"damage_healed":26,"gold_gain":0,"player_choice":"Heal","damage_taken":0,"max_hp_gain":0,"max_hp_loss":0,"event_name":"The Library","floor":27,"gold_loss":0},{"damage_healed":0,"gold_gain":0,"player_choice":"Obtained Book","damage_taken":16,"max_hp_gain":0,"max_hp_loss":0,"event_name":"Cursed Tome","floor":29,"gold_loss":0},{"damage_healed":70,"gold_gain":0,"player_choice":"Heal","damage_taken":0,"max_hp_gain":0,"max_hp_loss":10,"event_name":"The Moai Head","floor":36,"gold_loss":0},{"cards_removed":["Strike_G"],"damage_healed":0,"gold_gain":0,"player_choice":"Removed Attack","damage_taken":0,"max_hp_gain":0,"max_hp_loss":0,"event_name":"Falling","floor":39,"gold_loss":0},{"damage_healed":0,"gold_gain":0,"player_choice":"Paid","damage_taken":0,"relics_obtained":["Red Mask"],"max_hp_gain":0,"max_hp_loss":0,"event_name":"Tomb of Lord Red Mask","floor":46,"gold_loss":173}],"is_beta":false,"boss_relics":[{"not_picked":["Busted Crown","Lizard Tail"],"picked":"Empty Cage"},{"not_picked":["Tiny House","HoveringKite"],"picked":"Sozu"}],"items_purged_floors":[12,28],"is_endless":false,"potions_floor_spawned":[1,8,13,16,24,31,33,41,42],"ascension_level":6}