{"gold_per_floor":[112,187,198,8,8,33,47,65,89,150,150,166,196,211,211,288,288,301,301,301,301],"floor_reached":21,"playtime":1122,"items_purged":[],"score":384,"play_id":"6cdd7bab-a371-4237-93bb-7c029a389e7c","local_time":"20190127205335","is_ascension_mode":true,"campfire_choices":[{"data":"Barricade","floor":11,"key":"SMITH"},{"data":"Searing Blow","floor":15,"key":"SMITH"}],"neow_cost":"NONE","seed_source_timestamp":688302326062986,"circlet_count":0,"master_deck":["AscendersBane","Strike_R","Strike_R","Strike_R","Defend_R","Defend_R","Defend_R","Defend_R","Bash","Cleave","Armaments+1","Shrug It Off","Searing Blow+1","Inflame","Burning Pact","Barricade+1","Flex","Juggernaut"],"relics":["Burning Blood","NeowsBlessing","Orichalcum","Anchor","Happy Flower","Strawberry","Boot","Empty Cage","Spirit Poop"],"potions_floor_usage":[10,10,13,16,16,21],"damage_taken":[{"damage":0,"enemies":"Jaw Worm","floor":1,"turns":1},{"damage":0,"enemies":"Small Slimes","floor":3,"turns":2},{"damage":0,"enemies":"3 Sentries","floor":6,"turns":1},{"damage":0,"enemies":"Cultist","floor":7,"turns":3},{"damage":3,"enemies":"Large Slime","floor":8,"turns":6},{"damage":18,"enemies":"Lagavulin Event","floor":10,"turns":5},{"damage":1,"enemies":"Blue Slaver","floor":12,"turns":4},{"damage":26,"enemies":"Gremlin Nob","floor":13,"turns":5},{"damage":28,"enemies":"Gremlin Gang","floor":14,"turns":6},{"damage":27,"enemies":"Slime Boss","floor":16,"turns":15},{"damage":50,"enemies":"Spheric Guardian","floor":18,"turns":9},{"damage":28,"enemies":"3 Byrds","floor":21,"turns":5}],"seed_played":"2024229759868871190","potions_obtained":[{"floor":3,"key":"EssenceOfSteel"},{"floor":7,"key":"AttackPotion"},{"floor":10,"key":"BloodPotion"},{"floor":14,"key":"Block Potion"},{"floor":16,"key":"Fruit Juice"},{"floor":18,"key":"Energy Potion"}],"is_trial":false,"path_per_floor":["M","?","M","$","?","E","M","M","T","?","R","M","E","M","R","B",null,"M","?","?","M"],"character_chosen":"IRONCLAD","items_purchased":["Orichalcum","Shrug It Off"],"campfire_rested":0,"item_purchase_floors":[4,4],"current_hp_per_floor":[74,63,69,69,69,75,75,75,75,70,70,75,63,41,41,25,72,28,28,28,0],"gold":301,"neow_bonus":"THREE_ENEMY_KILL","is_prod":false,"is_daily":false,"chose_seed":false,"campfire_upgraded":2,"win_rate":0,"timestamp":1548651215,"path_taken":["M","?","M","$","?","E","?","M","T","?","R","M","E","M","R","BOSS","M","?","?","?"],"build_version":"2019-01-23","purchased_purges":0,"victory":false,"max_hp_per_floor":[75,75,75,75,75,75,75,75,75,82,82,82,82,82,82,87,87,87,87,87,87],"card_choices":[{"not_picked":["Clash","Uppercut"],"picked":"Cleave","floor":1},{"not_picked":["Pummel","Thunderclap"],"picked":"Armaments","floor":3},{"not_picked":["Ghostly Armor","Armaments"],"picked":"Searing Blow","floor":6},{"not_picked":["Headbutt","Twin Strike"],"picked":"Inflame","floor":7},{"not_picked":["Headbutt","Perfected Strike"],"picked":"Burning Pact","floor":8},{"not_picked":["Dual Wield","Anger"],"picked":"Barricade","floor":10},{"not_picked":["Perfected Strike","Havoc","Carnage"],"picked":"SKIP","floor":12},{"not_picked":["Cleave","Sentinel"],"picked":"Flex","floor":13},{"not_picked":["Sever Soul","Rage","Armaments"],"picked":"SKIP","floor":14},{"not_picked":["Offering","Double Tap"],"picked":"Juggernaut","floor":16},{"not_picked":["Sword Boomerang+1","Warcry","Cleave"],"picked":"SKIP","floor":18}],"player_experience":505528,"relics_obtained":[{"floor":6,"key":"Anchor"},{"floor":9,"key":"Happy Flower"},{"floor":10,"key":"Strawberry"},{"floor":13,"key":"Boot"}],"event_choices":[{"damage_healed":0,"gold_gain":75,"player_choice":"Gather Gold","damage_taken":11,"max_hp_gain":0,"max_hp_loss":0,"event_name":"World of Goop","floor":2,"gold_loss":0},{"damage_healed":0,"gold_gain":0,"player_choice":"Upgraded","damage_taken":0,"max_hp_gain":0,"max_hp_loss":0,"event_name":"Upgrade Shrine","floor":5,"gold_loss":0,"cards_upgraded":["Armaments"]},{"damage_healed":0,"gold_gain":0,"player_choice":"Searched \u00271\u0027 times","damage_taken":0,"max_hp_gain":0,"max_hp_loss":0,"event_name":"Dead Adventurer","floor":10,"gold_loss":0},{"damage_healed":0,"gold_gain":0,"player_choice":"Smashed Altar","damage_taken":0,"max_hp_gain":0,"max_hp_loss":0,"event_name":"Forgotten Altar","floor":19,"gold_loss":0,"cards_obtained":["Decay"]},{"cards_removed":["Decay"],"damage_healed":0,"gold_gain":0,"player_choice":"Offered Curse","damage_taken":0,"relics_obtained":["Spirit Poop"],"max_hp_gain":0,"max_hp_loss":0,"event_name":"Bonfire Elementals","floor":20,"gold_loss":0}],"is_beta":false,"boss_relics":[{"not_picked":["Coffee Dripper","Calling Bell"],"picked":"Empty Cage"}],"items_purged_floors":[],"is_endless":false,"potions_floor_spawned":[3,7,10,14,16,18],"killed_by":"3 Byrds","ascension_level":16}