{"gold_per_floor":[109,126,140,215,56,56,90,90,90,122,122,157,157,16,16,16],"floor_reached":16,"playtime":1162,"items_purged":["Strike_R"],"score":174,"play_id":"0fb26d87-8629-47fc-8056-ce9800df3e42","local_time":"20181020010615","is_ascension_mode":true,"campfire_choices":[{"floor":6,"key":"REST"},{"floor":8,"key":"REST"},{"data":"Rampage","floor":11,"key":"SMITH"},{"data":"Armaments","floor":15,"key":"SMITH"}],"neow_cost":"NONE","seed_source_timestamp":787507742080739,"circlet_count":0,"master_deck":["Strike_R","Strike_R","Strike_R","Strike_R","Defend_R","Defend_R","Defend_R","Defend_R","Bash","AscendersBane","Rampage+1","Thunderclap","Warcry","Flex","PanicButton","Spot Weakness","Rage","Corruption","Decay","Armaments+1"],"relics":["Burning Blood","PreservedInsect","The Courier","Dodecahedron","Bottled Lightning","Pen Nib"],"potions_floor_usage":[16],"damage_taken":[{"damage":23,"enemies":"Jaw Worm","floor":1,"turns":4},{"damage":7,"enemies":"Small Slimes","floor":2,"turns":3},{"damage":1,"enemies":"Cultist","floor":3,"turns":4},{"damage":42,"enemies":"Lagavulin","floor":7,"turns":9},{"damage":8,"enemies":"Gremlin Nob","floor":10,"turns":4},{"damage":24,"enemies":"3 Sentries","floor":12,"turns":8},{"damage":41,"enemies":"Slime Boss","floor":16,"turns":8}],"seed_played":"4082907707158071525","potions_obtained":[{"floor":10,"key":"GamblersBrew"}],"is_trial":false,"path_per_floor":["M","M","M","?","$","R","E","R","T","E","R","E","?","$","R"],"character_chosen":"IRONCLAD","items_purchased":["PanicButton","Pen Nib","Armaments"],"campfire_rested":2,"item_purchase_floors":[5,14,14],"current_hp_per_floor":[55,54,59,48,48,72,36,60,60,58,58,40,40,40,40,0],"gold":16,"neow_bonus":"THREE_CARDS","is_prod":false,"is_daily":false,"chose_seed":false,"campfire_upgraded":2,"win_rate":0,"timestamp":1540022775,"path_taken":["M","M","M","?","$","R","E","R","T","E","R","E","?","?","R","BOSS"],"build_version":"2018-10-18","purchased_purges":1,"victory":false,"max_hp_per_floor":[80,80,80,80,80,80,80,80,80,80,80,80,80,80,80,80],"card_choices":[{"not_picked":["Thunderclap","Disarm"],"picked":"Rampage","floor":0},{"not_picked":["Clash","Perfected Strike"],"picked":"Thunderclap","floor":1},{"not_picked":["Disarm","Flex"],"picked":"Warcry","floor":2},{"not_picked":["Power Through","Clothesline"],"picked":"Flex","floor":3},{"not_picked":["Thunderclap","Heavy Blade"],"picked":"Spot Weakness","floor":7},{"not_picked":["Rupture","Perfected Strike"],"picked":"Rage","floor":10},{"not_picked":["Corruption","Fire Breathing","Impervious"],"picked":"SKIP","floor":12},{"not_picked":["Fire Breathing","Impervious"],"picked":"Corruption","floor":12}],"player_experience":355390,"relics_obtained":[{"floor":7,"key":"PreservedInsect"},{"floor":9,"key":"The Courier"},{"floor":10,"key":"Dodecahedron"},{"floor":12,"key":"Bottled Lightning"}],"event_choices":[{"damage_healed":0,"gold_gain":75,"player_choice":"Gather Gold","damage_taken":11,"max_hp_gain":0,"max_hp_loss":0,"event_name":"World of Goop","floor":4,"gold_loss":0},{"damage_healed":0,"gold_gain":0,"player_choice":"Cursed","damage_taken":0,"max_hp_gain":0,"max_hp_loss":0,"event_name":"Wheel of Change","floor":13,"gold_loss":0,"cards_obtained":["Decay"]}],"is_beta":false,"boss_relics":[],"items_purged_floors":[5],"is_endless":false,"potions_floor_spawned":[10],"killed_by":"Slime Boss","ascension_level":10}