{"gold_per_floor":[110,130,130,150,169,169,194,194,217,32,49,49,81,92,92,164,164,164,138,62,62,62,62,62],"floor_reached":24,"playtime":711,"items_purged":["Clumsy"],"score":398,"play_id":"9a498be5-b17d-44ac-abfd-8e9174c02cd3","local_time":"20190111190215","is_ascension_mode":true,"campfire_choices":[{"data":"Juggernaut","floor":6,"key":"SMITH"},{"data":"Body Slam","floor":12,"key":"SMITH"},{"floor":15,"key":"REST"},{"data":"Corruption","floor":23,"key":"SMITH"}],"neow_cost":"PERCENT_DAMAGE","seed_source_timestamp":18753112389898,"circlet_count":0,"master_deck":["AscendersBane","Strike_R","Strike_R","Strike_R","Strike_R","Defend_R","Defend_R","Defend_R","Defend_R","Bash","Juggernaut+1","Shrug It Off","Rage","Cleave","Intimidate","Feel No Pain","True Grit","Immolate","Corruption+1","Body Slam+1","Impervious","True Grit","Armaments","Power Through"],"relics":["Burning Blood","Vajra","Orichalcum","Omamori","Ectoplasm"],"potions_floor_usage":[7,7,13,18],"damage_taken":[{"damage":8,"enemies":"Jaw Worm","floor":1,"turns":6},{"damage":6,"enemies":"Cultist","floor":2,"turns":4},{"damage":1,"enemies":"2 Louse","floor":4,"turns":4},{"damage":12,"enemies":"Lots of Slimes","floor":5,"turns":4},{"damage":15,"enemies":"Gremlin Nob","floor":7,"turns":4},{"damage":3,"enemies":"Looter","floor":11,"turns":3},{"damage":26,"enemies":"Lagavulin","floor":13,"turns":7},{"damage":0,"enemies":"3 Louse","floor":14,"turns":1},{"damage":22,"enemies":"Slime Boss","floor":16,"turns":8},{"damage":6,"enemies":"3 Byrds","floor":18,"turns":5},{"damage":69,"enemies":"Book of Stabbing","floor":24,"turns":6}],"seed_played":"-4331914000738856307","potions_obtained":[{"floor":2,"key":"SpeedPotion"},{"floor":5,"key":"FearPotion"},{"floor":7,"key":"FearPotion"},{"floor":16,"key":"AttackPotion"}],"is_trial":false,"path_per_floor":["M","M","?","M","M","R","E","?","T","$","M","R","E","M","R","B",null,"M","$","$","?","?","R","E"],"character_chosen":"IRONCLAD","items_purchased":["Corruption","Body Slam","Armaments","Power Through"],"campfire_rested":1,"item_purchase_floors":[10,10,19,20],"current_hp_per_floor":[48,48,48,53,47,47,38,38,38,38,41,41,21,27,49,33,65,65,65,65,65,65,65,0],"gold":62,"neow_bonus":"THREE_RARE_CARDS","is_prod":false,"is_daily":false,"chose_seed":false,"campfire_upgraded":3,"win_rate":0,"timestamp":1547229735,"path_taken":["M","M","?","M","?","R","E","?","T","$","M","R","E","M","R","BOSS","M","?","$","?","?","R","E"],"build_version":"2019-01-10","purchased_purges":1,"victory":false,"max_hp_per_floor":[75,75,75,75,75,75,75,75,75,75,75,75,75,75,75,75,75,75,75,75,75,75,75,75],"card_choices":[{"not_picked":["Impervious","Brutality"],"picked":"Juggernaut","floor":0},{"not_picked":["Armaments","Thunderclap"],"picked":"Shrug It Off","floor":1},{"not_picked":["Anger","Flex"],"picked":"Rage","floor":2},{"not_picked":["Second Wind","Dark Embrace"],"picked":"Cleave","floor":4},{"not_picked":["Headbutt","Clash"],"picked":"Intimidate","floor":5},{"not_picked":["Sword Boomerang","Blood for Blood"],"picked":"Feel No Pain","floor":7},{"not_picked":["Pommel Strike","Anger","Combust"],"picked":"SKIP","floor":11},{"not_picked":["Wild Strike","Heavy Blade","Berserk"],"picked":"SKIP","floor":13},{"not_picked":["Blood for Blood","Wild Strike","Searing Blow"],"picked":"SKIP","floor":14},{"not_picked":["Bludgeon","Double Tap"],"picked":"Impervious","floor":16},{"not_picked":["Wild Strike","Anger"],"picked":"True Grit","floor":18}],"player_experience":855778,"relics_obtained":[{"floor":7,"key":"Vajra"},{"floor":9,"key":"Orichalcum"},{"floor":13,"key":"Omamori"}],"event_choices":[{"cards_removed":["Strike_R"],"damage_healed":0,"gold_gain":0,"player_choice":"Offered Basic","damage_taken":0,"max_hp_gain":0,"max_hp_loss":0,"event_name":"Bonfire Elementals","floor":3,"gold_loss":0},{"damage_healed":0,"gold_gain":0,"player_choice":"3 cards matched","damage_taken":0,"max_hp_gain":0,"max_hp_loss":0,"event_name":"Match and Keep!","floor":8,"gold_loss":0,"cards_obtained":["Clumsy","True Grit","Immolate"]},{"damage_healed":0,"gold_gain":0,"player_choice":"Smashed Altar","damage_taken":0,"max_hp_gain":0,"max_hp_loss":0,"event_name":"Forgotten Altar","floor":21,"gold_loss":0,"cards_obtained":["Decay"]},{"damage_healed":0,"gold_gain":0,"player_choice":"Ignored","damage_taken":0,"max_hp_gain":0,"max_hp_loss":0,"event_name":"Ghosts","floor":22,"gold_loss":0}],"is_beta":false,"boss_relics":[{"not_picked":["Runic Cube","Coffee Dripper"],"picked":"Ectoplasm"}],"items_purged_floors":[10],"is_endless":false,"potions_floor_spawned":[2,5,7,16],"killed_by":"Book of Stabbing","ascension_level":19}