{"gold_per_floor":[110,110,110,126,201,201,232,232,232,232,15,45,64,8,8,87,87,97,97,108,127,127,139,139,168,168,168,200,200,200,215,215,288,288,308,308,320,333,333,333,363,23,50,76,76,76],"floor_reached":46,"playtime":3983,"items_purged":[],"score":1294,"play_id":"0fd61506-bc44-4815-89cd-282cf761426d","local_time":"20190210154251","is_ascension_mode":true,"campfire_choices":[{"data":"Poisoned Stab","floor":6,"key":"SMITH"},{"data":"Neutralize","floor":10,"key":"SMITH"},{"data":"Riddle With Holes","floor":15,"key":"SMITH"},{"floor":24,"key":"REST"},{"data":"A Thousand Cuts","floor":27,"key":"SMITH"},{"data":"After Image","floor":29,"key":"SMITH"},{"data":"Noxious Fumes","floor":32,"key":"SMITH"},{"data":"Footwork","floor":40,"key":"SMITH"},{"floor":45,"key":"REST"}],"neow_cost":"NONE","seed_source_timestamp":947640209501759,"circlet_count":0,"master_deck":["AscendersBane","Defend_G","Defend_G","Defend_G","Defend_G","Defend_G","Survivor","Neutralize+1","Quick Slash","Pain","Poisoned Stab+1","Backstab","Flying Knee","After Image+1","Riddle With Holes+1","Backflip","A Thousand Cuts+1","Backflip+1","Dash","Calculated Gamble","Bite","Bite","Bite","Bite","Backflip","Noxious Fumes+1","Malaise","Crippling Poison","Footwork+1","Leg Sweep","Dagger Spray+1","Bane+1","Predator+1","Writhe","Deflect","Cloak And Dagger","Caltrops","Catalyst+1"],"relics":["Ring of the Snake","NeowsBlessing","WarpedTongs","Juzu Bracelet","Lantern","Du-Vu Doll","PreservedInsect","Strawberry","Snecko Eye","MutagenicStrength","Molten Egg 2","Thread and Needle","Orichalcum","Orrery","Dream Catcher","Bronze Scales","Singing Bowl"],"potions_floor_usage":[16,20,20,23,23,25,31,33,37,44,46],"damage_taken":[{"damage":0,"enemies":"Small Slimes","floor":1,"turns":1},{"damage":1,"enemies":"2 Louse","floor":4,"turns":1},{"damage":0,"enemies":"Lagavulin","floor":7,"turns":1},{"damage":4,"enemies":"3 Sentries","floor":12,"turns":5},{"damage":1,"enemies":"Cultist","floor":13,"turns":3},{"damage":12,"enemies":"Hexaghost","floor":16,"turns":10},{"damage":1,"enemies":"Chosen","floor":18,"turns":3},{"damage":18,"enemies":"Spheric Guardian","floor":20,"turns":4},{"damage":21,"enemies":"Cultist and Chosen","floor":21,"turns":6},{"damage":10,"enemies":"3 Cultists","floor":23,"turns":3},{"damage":5,"enemies":"Book of Stabbing","floor":25,"turns":3},{"damage":7,"enemies":"Gremlin Leader","floor":28,"turns":4},{"damage":2,"enemies":"Snecko","floor":31,"turns":5},{"damage":52,"enemies":"Automaton","floor":33,"turns":9},{"damage":4,"enemies":"Orb Walker","floor":35,"turns":5},{"damage":19,"enemies":"3 Darklings","floor":37,"turns":4},{"damage":10,"enemies":"Spire Growth","floor":38,"turns":4},{"damage":29,"enemies":"Nemesis","floor":41,"turns":5},{"damage":7,"enemies":"Reptomancer","floor":44,"turns":7},{"damage":11,"enemies":"Maw","floor":46,"turns":7}],"seed_played":"-6851185391063622367","potions_obtained":[{"floor":4,"key":"EssenceOfSteel"},{"floor":18,"key":"EntropicBrew"},{"floor":20,"key":"FearPotion"},{"floor":23,"key":"PowerPotion"},{"floor":25,"key":"GhostInAJar"},{"floor":31,"key":"Explosive Potion"},{"floor":35,"key":"Weak Potion"},{"floor":44,"key":"GamblersBrew"}],"is_trial":false,"path_per_floor":["M","?","?","M","?","R","E","?","T","R","$","E","M","$","R","B",null,"M","?","M","M","?","M","R","E","T","R","E","R","?","M","R","B",null,"M","?","M","M","?","R","E","$","T","E","R","M"],"character_chosen":"THE_SILENT","items_purchased":["PreservedInsect","Flying Knee","Backflip","Bronze Scales","Strength Potion","Cloak And Dagger","Caltrops"],"campfire_rested":2,"item_purchase_floors":[11,11,14,42,42,42,42],"current_hp_per_floor":[59,52,52,51,40,40,40,35,35,35,35,38,37,37,37,25,61,60,60,42,21,21,15,30,34,34,34,38,38,48,51,51,10,41,42,51,37,36,36,36,15,15,15,17,34,27],"gold":76,"neow_bonus":"THREE_ENEMY_KILL","is_prod":false,"is_daily":false,"chose_seed":false,"campfire_upgraded":7,"win_rate":0,"timestamp":1549809771,"path_taken":["M","?","?","?","?","R","E","?","T","R","$","E","M","$","R","BOSS","M","?","M","M","?","M","R","E","T","R","E","R","?","M","R","BOSS","M","?","M","M","?","R","E","$","T","E","R","M"],"build_version":"2019-01-23","purchased_purges":0,"victory":false,"max_hp_per_floor":[66,66,66,66,66,66,66,66,66,66,66,73,73,73,73,73,73,73,73,73,73,51,51,51,51,51,51,51,51,51,51,51,51,51,51,51,51,51,51,51,51,51,51,51,53,53],"card_choices":[{"not_picked":["Backflip","Bane"],"picked":"Quick Slash","floor":1},{"not_picked":["Catalyst","Deflect"],"picked":"Poisoned Stab","floor":4},{"not_picked":["Dagger Spray","Calculated Gamble"],"picked":"Backstab","floor":7},{"not_picked":["Distraction","Blur"],"picked":"After Image","floor":12},{"not_picked":["Concentrate","Deadly Poison"],"picked":"Riddle With Holes","floor":13},{"not_picked":["Envenom","Adrenaline"],"picked":"A Thousand Cuts","floor":16},{"not_picked":["Acrobatics","Calculated Gamble"],"picked":"Backflip+1","floor":18},{"not_picked":["Bane","Outmaneuver+1"],"picked":"Dash","floor":20},{"not_picked":["Setup","Reflex"],"picked":"Calculated Gamble","floor":21},{"not_picked":["Underhanded Strike","Blade Dance","Masterful Stab"],"picked":"SKIP","floor":23},{"not_picked":["Doppelganger","PiercingWail"],"picked":"Backflip","floor":25},{"not_picked":["Slice+1","Dagger Throw+1"],"picked":"Noxious Fumes","floor":28},{"not_picked":["Sucker Punch+1","Deadly Poison+1","Unload+1"],"picked":"SKIP","floor":31},{"not_picked":["Wraith Form v2","Doppelganger"],"picked":"Malaise","floor":33},{"not_picked":["Deadly Poison","Eviscerate+1"],"picked":"Crippling Poison","floor":34},{"not_picked":["Eviscerate+1","Prepared"],"picked":"Footwork","floor":34},{"not_picked":["Expertise","Tactician"],"picked":"Leg Sweep","floor":34},{"not_picked":["Bane+1","Endless Agony+1"],"picked":"Dagger Spray+1","floor":34},{"not_picked":["All Out Attack+1","Backflip"],"picked":"Bane+1","floor":34},{"not_picked":["Slice+1","Outmaneuver+1"],"picked":"Predator+1","floor":35},{"not_picked":["Caltrops","Slice+1"],"picked":"Deflect","floor":37},{"not_picked":["Deflect","Calculated Gamble+1","Slice+1"],"picked":"SKIP","floor":38},{"not_picked":["Malaise","Tactician","PiercingWail"],"picked":"SKIP","floor":41},{"not_picked":["Deadly Poison+1","Dagger Spray+1"],"picked":"Catalyst+1","floor":44},{"not_picked":["Prepared","Poisoned Stab+1","Eviscerate+1"],"picked":"Singing Bowl","floor":45}],"player_experience":977295,"relics_obtained":[{"floor":7,"key":"Juzu Bracelet"},{"floor":9,"key":"Du-Vu Doll"},{"floor":12,"key":"Strawberry"},{"floor":25,"key":"Molten Egg 2"},{"floor":26,"key":"Thread and Needle"},{"floor":28,"key":"Orichalcum"},{"floor":41,"key":"Dream Catcher"},{"floor":44,"key":"Singing Bowl"}],"event_choices":[{"cards_removed":["Strike_G"],"damage_healed":0,"gold_gain":0,"player_choice":"Card Removal","damage_taken":7,"max_hp_gain":0,"max_hp_loss":0,"event_name":"Golden Wing","floor":2,"gold_loss":0},{"damage_healed":0,"gold_gain":0,"player_choice":"Rummage","damage_taken":0,"relics_obtained":["WarpedTongs"],"max_hp_gain":0,"max_hp_loss":0,"event_name":"Accursed Blacksmith","floor":3,"gold_loss":0,"cards_obtained":["Pain"]},{"damage_healed":0,"gold_gain":75,"player_choice":"Gather Gold","damage_taken":11,"max_hp_gain":0,"max_hp_loss":0,"event_name":"World of Goop","floor":5,"gold_loss":0},{"damage_healed":0,"gold_gain":0,"player_choice":"Success","damage_taken":5,"relics_obtained":["Lantern"],"max_hp_gain":0,"max_hp_loss":0,"event_name":"Scrap Ooze","floor":8,"gold_loss":0},{"damage_healed":0,"gold_gain":0,"player_choice":"Inject Mutagens","damage_taken":0,"relics_obtained":["MutagenicStrength"],"max_hp_gain":0,"max_hp_loss":0,"event_name":"Drug Dealer","floor":19,"gold_loss":0},{"damage_healed":0,"gold_gain":0,"player_choice":"Became a vampire","damage_taken":0,"max_hp_gain":0,"max_hp_loss":22,"event_name":"Vampires","floor":22,"gold_loss":0,"cards_obtained":["Bite","Bite","Bite","Bite","Bite"]},{"damage_healed":10,"gold_gain":0,"player_choice":"Heal","damage_taken":0,"max_hp_gain":0,"max_hp_loss":0,"event_name":"The Library","floor":30,"gold_loss":0},{"damage_healed":10,"gold_gain":0,"player_choice":"Writhe","damage_taken":0,"max_hp_gain":0,"max_hp_loss":0,"event_name":"Winding Halls","floor":36,"gold_loss":0,"cards_obtained":["Writhe"]},{"cards_removed":["Bite"],"damage_healed":0,"gold_gain":0,"player_choice":"Removed Attack","damage_taken":0,"max_hp_gain":0,"max_hp_loss":0,"event_name":"Falling","floor":39,"gold_loss":0}],"is_beta":false,"boss_relics":[{"not_picked":["Empty Cage","Runic Pyramid"],"picked":"Snecko Eye"},{"not_picked":["White Beast Statue","Runic Dome"],"picked":"Orrery"}],"items_purged_floors":[],"is_endless":false,"potions_floor_spawned":[4,18,20,23,25,31,35,44],"killed_by":"Maw","ascension_level":20}