{"gold_per_floor":[114,125,14,27,27,27,52,52,102,112,112,187,43,70,70,172,172,187,197,97,97,97,97,115,115,115,150,164,79,99,110,110,208,208,223,273,111,111,23,23,42,42,66,99,99,115,36,47,47,47],"floor_reached":51,"playtime":1736,"items_purged":["Strike_R","Fire Breathing","Strike_R"],"score":728,"play_id":"08c01995-3c68-4082-a829-63603557755c","local_time":"20181116151303","is_ascension_mode":false,"campfire_choices":[{"data":"Carnage","floor":6,"key":"SMITH"},{"data":"Immolate","floor":8,"key":"SMITH"},{"data":"Flame Barrier","floor":11,"key":"SMITH"},{"data":"Shrug It Off","floor":15,"key":"SMITH"},{"data":"Trip","floor":23,"key":"SMITH"},{"data":"Immolate","floor":25,"key":"SMITH"},{"data":"True Grit","floor":32,"key":"SMITH"},{"floor":40,"key":"REST"},{"floor":42,"key":"REST"},{"floor":45,"key":"REST"},{"floor":49,"key":"REST"}],"neow_cost":"PERCENT_DAMAGE","seed_source_timestamp":7830184214712,"circlet_count":0,"master_deck":["Strike_R","Strike_R+1","Defend_R","Defend_R","Defend_R","Bash+1","Sentinel","Carnage+1","Headbutt","Flame Barrier+1","Immolate+1","Trip+1","Shrug It Off+1","Immolate+1","Armaments+1","Battle Trance+1","True Grit+1","Thunderclap+1","Impervious","Battle Trance+1","Ghostly Armor","Enlightenment","Uppercut+1","Blood for Blood+1"],"relics":["Burning Blood","Boot","Centennial Puzzle","Whetstone","Snecko Eye","Omamori","Blood Vial","Molten Egg 2","Meat on the Bone","Fusion Hammer","Charon\u0027s Ashes","Vajra","Pantograph"],"potions_floor_usage":[14,16,16,33,44,46,46,50],"damage_taken":[{"damage":10,"enemies":"Cultist","floor":1,"turns":4},{"damage":2,"enemies":"2 Louse","floor":2,"turns":2},{"damage":0,"enemies":"Small Slimes","floor":4,"turns":5},{"damage":18,"enemies":"3 Sentries","floor":7,"turns":9},{"damage":7,"enemies":"Blue Slaver","floor":10,"turns":4},{"damage":13,"enemies":"Lagavulin","floor":14,"turns":4},{"damage":11,"enemies":"The Guardian","floor":16,"turns":10},{"damage":0,"enemies":"3 Byrds","floor":18,"turns":2},{"damage":4,"enemies":"2 Thieves","floor":19,"turns":2},{"damage":0,"enemies":"Snake Plant","floor":24,"turns":3},{"damage":0,"enemies":"Gremlin Leader","floor":27,"turns":2},{"damage":10,"enemies":"Shelled Parasite and Fungi","floor":28,"turns":4},{"damage":2,"enemies":"Centurion and Healer","floor":30,"turns":4},{"damage":12,"enemies":"3 Cultists","floor":31,"turns":3},{"damage":57,"enemies":"Automaton","floor":33,"turns":10},{"damage":0,"enemies":"3 Darklings","floor":35,"turns":2},{"damage":14,"enemies":"2 Orb Walkers","floor":36,"turns":3},{"damage":5,"enemies":"Orb Walker","floor":41,"turns":2},{"damage":44,"enemies":"Giant Head","floor":44,"turns":8},{"damage":12,"enemies":"Maw","floor":46,"turns":7},{"damage":0,"enemies":"Transient","floor":48,"turns":5},{"damage":54,"enemies":"Awakened One","floor":50,"turns":14}],"seed_played":"3147221615811613335","potions_obtained":[{"floor":1,"key":"Fire Potion"},{"floor":7,"key":"Strength Potion"},{"floor":10,"key":"Fruit Juice"},{"floor":14,"key":"AttackPotion"},{"floor":18,"key":"Weak Potion"},{"floor":19,"key":"SkillPotion"},{"floor":24,"key":"AttackPotion"},{"floor":44,"key":"Block Potion"},{"floor":48,"key":"Poison Potion"}],"is_trial":false,"path_per_floor":["M","M","$","M","?","R","E","R","T","M","R","?","$","E","R","B",null,"M","M","$","?","?","R","M","R","T","E","M","?","M","M","R","B",null,"M","?","$","?","$","R","M","R","T","E","R","M","$","M","R","B",null],"character_chosen":"IRONCLAD","items_purchased":["Flame Barrier","Trip","Shrug It Off","Ghostly Armor","Enlightenment","Blood for Blood+1"],"campfire_rested":4,"item_purchase_floors":[3,13,13,37,39,47],"current_hp_per_floor":[52,56,56,62,62,62,50,50,50,49,49,38,38,36,36,31,85,85,85,85,85,85,85,85,85,85,85,81,81,85,79,79,42,85,85,77,77,85,85,85,85,85,85,59,84,79,79,85,85,49],"gold":47,"neow_bonus":"TRANSFORM_TWO_CARDS","is_prod":false,"is_daily":false,"chose_seed":false,"campfire_upgraded":7,"win_rate":0,"timestamp":1542377583,"path_taken":["M","M","?","M","?","R","E","R","T","M","R","?","$","E","R","BOSS","M","M","$","?","?","R","M","R","T","E","M","?","M","M","R","BOSS","M","?","$","?","?","R","M","R","T","E","R","M","$","?","R","BOSS"],"build_version":"2018-11-15","purchased_purges":3,"victory":true,"max_hp_per_floor":[80,80,80,80,80,80,80,80,80,80,80,80,80,85,85,85,85,85,85,85,85,85,85,85,85,85,85,85,85,85,85,85,85,85,85,85,85,85,85,85,85,85,85,85,85,85,85,85,85,85],"card_choices":[{"not_picked":["Twin Strike","Shrug It Off"],"picked":"Carnage","floor":1},{"not_picked":["Wild Strike","Clash"],"picked":"Headbutt","floor":2},{"not_picked":["Inflame","Flame Barrier","Twin Strike"],"picked":"SKIP","floor":4},{"not_picked":["Ghostly Armor","Second Wind"],"picked":"Immolate","floor":7},{"not_picked":["Rupture","Sword Boomerang","Flex"],"picked":"SKIP","floor":10},{"not_picked":["Fiend Fire","Flex","Perfected Strike"],"picked":"SKIP","floor":14},{"not_picked":["Bludgeon","Dark Embrace"],"picked":"Immolate","floor":16},{"not_picked":["Twin Strike","Burning Pact"],"picked":"Armaments+1","floor":18},{"not_picked":["Iron Wave","Twin Strike","Heavy Blade+1"],"picked":"SKIP","floor":19},{"not_picked":["Bloodletting","Flex"],"picked":"Battle Trance+1","floor":24},{"not_picked":["Pommel Strike","Warcry"],"picked":"True Grit","floor":27},{"not_picked":["Pommel Strike+1","Shrug It Off","Spot Weakness"],"picked":"SKIP","floor":28},{"not_picked":["Twin Strike+1","Sever Soul+1","Havoc"],"picked":"SKIP","floor":30},{"not_picked":["Twin Strike+1","Shrug It Off"],"picked":"Thunderclap+1","floor":31},{"not_picked":["Berserk","Exhume"],"picked":"Impervious","floor":33},{"not_picked":["True Grit","Body Slam+1","Clothesline+1"],"picked":"SKIP","floor":35},{"not_picked":["Wild Strike+1","Bloodletting"],"picked":"Battle Trance+1","floor":36},{"not_picked":["Anger+1","Bloodletting+1","Dropkick+1"],"picked":"SKIP","floor":41},{"not_picked":["Hemokinesis+1","Entrench","Thunderclap+1"],"picked":"SKIP","floor":44},{"not_picked":["Pommel Strike+1","Twin Strike+1"],"picked":"Uppercut+1","floor":46},{"not_picked":["Heavy Blade+1","True Grit+1","Power Through+1"],"picked":"SKIP","floor":48}],"player_experience":665447,"relics_obtained":[{"floor":7,"key":"Boot"},{"floor":9,"key":"Centennial Puzzle"},{"floor":14,"key":"Whetstone"},{"floor":26,"key":"Blood Vial"},{"floor":27,"key":"Molten Egg 2"},{"floor":36,"key":"Charon\u0027s Ashes"},{"floor":43,"key":"Vajra"},{"floor":44,"key":"Pantograph"}],"event_choices":[{"damage_healed":0,"gold_gain":0,"player_choice":"Ignored","damage_taken":0,"max_hp_gain":0,"max_hp_loss":0,"event_name":"Liars Game","floor":5,"gold_loss":0},{"damage_healed":0,"gold_gain":75,"player_choice":"Gather Gold","damage_taken":11,"max_hp_gain":0,"max_hp_loss":0,"event_name":"World of Goop","floor":12,"gold_loss":0},{"damage_healed":0,"gold_gain":0,"player_choice":"Opened","damage_taken":0,"relics_obtained":["Omamori"],"max_hp_gain":0,"max_hp_loss":0,"event_name":"The Mausoleum","floor":21,"gold_loss":0},{"damage_healed":0,"gold_gain":0,"player_choice":"Ignored","damage_taken":0,"max_hp_gain":0,"max_hp_loss":0,"event_name":"Vampires","floor":22,"gold_loss":0},{"damage_healed":0,"gold_gain":0,"player_choice":"Obtained Relic","damage_taken":0,"relics_obtained":["Meat on the Bone"],"max_hp_gain":0,"max_hp_loss":0,"event_name":"Addict","floor":29,"gold_loss":85},{"damage_healed":0,"gold_gain":0,"player_choice":"Fight","damage_taken":0,"max_hp_gain":0,"max_hp_loss":0,"event_name":"Mysterious Sphere","floor":36,"gold_loss":0},{"damage_healed":21,"gold_gain":0,"player_choice":"Writhe","damage_taken":0,"max_hp_gain":0,"max_hp_loss":0,"event_name":"Winding Halls","floor":38,"gold_loss":0,"cards_obtained":["Writhe"]}],"is_beta":false,"boss_relics":[{"not_picked":["Black Blood","Cursed Key"],"picked":"Snecko Eye"},{"not_picked":["Runic Pyramid","Pandora\u0027s Box"],"picked":"Fusion Hammer"}],"items_purged_floors":[3,20,37],"is_endless":false,"potions_floor_spawned":[1,7,10,14,18,19,24,27,44,48],"ascension_level":0}