{"gold_per_floor":[110,128,128,37,50,50,81,81,81,92,110,110,110,36,36,133,133,145,60,60,77,5,5,22,22,103,49,82,82,82,7,7,105,105,124,135,148,48,66,66,166,166,166,180,191,201,1,19,19,19],"floor_reached":50,"playtime":2100,"items_purged":["Pain","Parasite","Doubt"],"score":489,"play_id":"4d6a7b09-a709-4b72-83c0-a02684fb3997","local_time":"20181201002051","is_ascension_mode":false,"campfire_choices":[{"data":"Mayhem","floor":6,"key":"SMITH"},{"floor":8,"key":"RECALL"},{"data":"Footwork","floor":13,"key":"SMITH"},{"data":"Noxious Fumes","floor":15,"key":"SMITH"},{"data":"Footwork","floor":23,"key":"SMITH"},{"floor":30,"key":"REST"},{"floor":32,"key":"REST"},{"data":"After Image","floor":40,"key":"SMITH"},{"floor":42,"key":"REST"},{"data":"Catalyst","floor":49,"key":"SMITH"}],"neow_cost":"TEN_PERCENT_HP_LOSS","seed_source_timestamp":44654528355096,"circlet_count":0,"master_deck":["Defend_G","Defend_G","Defend_G","Defend_G","Defend_G","Strike_G","Strike_G","Strike_G","Strike_G","Strike_G","Survivor","Neutralize","Mayhem+1","Madness","Poisoned Stab","Bane","Venomology","Noxious Fumes+1","Deadly Poison","Backflip","Footwork+1","Footwork+1","Corpse Explosion","Well Laid Plans","Noxious Fumes","Backflip","After Image+1","Dash+1","Footwork+1","Parasite","Deadly Poison+1","Deflect","Tools of the Trade","Calculated Gamble+1","Catalyst+1"],"relics":["Ring of the Snake","Question Card","Gremlin Horn","Cursed Key","Lantern","Matryoshka","PreservedInsect","Lizard Tail","Gambling Chip","Omamori","Shovel"],"potions_floor_usage":[7,11,11,16,16,18,24,28,28,29,33,35,39,39,41,45,46,46,50,50],"damage_taken":[{"damage":1,"enemies":"Cultist","floor":1,"turns":4},{"damage":0,"enemies":"Small Slimes","floor":2,"turns":3},{"damage":0,"enemies":"2 Louse","floor":5,"turns":4},{"damage":1,"enemies":"Lagavulin","floor":7,"turns":6},{"damage":5,"enemies":"Large Slime","floor":10,"turns":7},{"damage":0,"enemies":"Exordium Wildlife","floor":11,"turns":6},{"damage":15,"enemies":"Hexaghost","floor":16,"turns":7},{"damage":0,"enemies":"Chosen","floor":18,"turns":5},{"damage":0,"enemies":"3 Byrds","floor":21,"turns":5},{"damage":13,"enemies":"Snecko","floor":24,"turns":6},{"damage":33,"enemies":"Slavers","floor":28,"turns":5},{"damage":0,"enemies":"Centurion and Healer","floor":29,"turns":2},{"damage":1,"enemies":"Champ","floor":33,"turns":13},{"damage":8,"enemies":"3 Darklings","floor":35,"turns":4},{"damage":1,"enemies":"3 Shapes","floor":36,"turns":3},{"damage":4,"enemies":"3 Darklings","floor":37,"turns":5},{"damage":4,"enemies":"Writhing Mass","floor":39,"turns":8},{"damage":10,"enemies":"Mind Bloom Boss Battle","floor":41,"turns":8},{"damage":7,"enemies":"Jaw Worm Horde","floor":44,"turns":4},{"damage":57,"enemies":"Sphere and 2 Shapes","floor":45,"turns":7},{"damage":9,"enemies":"Spire Growth","floor":46,"turns":7},{"damage":0,"enemies":"Jaw Worm Horde","floor":48,"turns":4},{"damage":25,"enemies":"Awakened One","floor":50,"turns":2}],"seed_played":"-7177484771992607397","potions_obtained":[{"floor":5,"key":"GhostInAJar"},{"floor":10,"key":"Block Potion"},{"floor":11,"key":"LiquidBronze"},{"floor":16,"key":"EssenceOfSteel"},{"floor":36,"key":"SpeedPotion"},{"floor":37,"key":"SkillPotion"},{"floor":39,"key":"SkillPotion"},{"floor":46,"key":"EssenceOfSteel"}],"is_trial":false,"path_per_floor":["M","M","?","$","M","R","E","R","T","M","M","?","R","$","R","B",null,"M","?","?","M","$","R","M","T","T","$","E","M","R","$","R","B",null,"M","M","M","$","M","R","?","R","T","M","M","M","$","M","R","B"],"character_chosen":"THE_SILENT","items_purchased":["Noxious Fumes","Deadly Poison","Footwork","Well Laid Plans","Backflip","Catalyst"],"campfire_rested":3,"item_purchase_floors":[4,4,14,22,27,47],"current_hp_per_floor":[62,62,62,62,62,62,61,61,61,56,56,56,56,56,56,41,63,63,63,63,63,63,63,50,50,50,50,17,17,35,35,53,52,63,55,54,50,50,46,46,36,54,54,47,30,21,21,21,21,0],"gold":19,"neow_bonus":"RANDOM_COLORLESS_2","is_prod":false,"is_daily":false,"chose_seed":false,"campfire_upgraded":6,"win_rate":0,"timestamp":1543620051,"path_taken":["M","M","?","$","M","R","E","R","T","M","?","?","R","?","R","BOSS","M","?","?","M","?","R","M","?","T","$","E","M","R","$","R","BOSS","M","M","M","?","M","R","?","R","T","M","M","M","$","M","R","BOSS"],"build_version":"2018-11-15","purchased_purges":3,"victory":false,"max_hp_per_floor":[63,63,63,63,63,63,63,63,63,63,63,63,63,63,63,63,63,63,63,63,63,63,63,63,63,63,63,63,63,63,63,63,63,63,63,63,63,60,60,60,60,60,60,60,60,60,60,60,60,60],"card_choices":[{"not_picked":["Dodge and Roll","Outmaneuver"],"picked":"Poisoned Stab","floor":1},{"not_picked":["Sucker Punch","Leg Sweep"],"picked":"Bane","floor":2},{"not_picked":["Slice","Poisoned Stab","Distraction"],"picked":"SKIP","floor":5},{"not_picked":["Terror","Eviscerate"],"picked":"Backflip","floor":7},{"not_picked":["Deadly Poison","Quick Slash","Catalyst"],"picked":"Footwork","floor":10},{"not_picked":["Flying Knee","Prepared","Blade Dance","Distraction"],"picked":"SKIP","floor":11},{"not_picked":["Night Terror","Doppelganger","Grand Finale"],"picked":"Corpse Explosion","floor":16},{"not_picked":["Bane","Sucker Punch","Acrobatics","Reflex"],"picked":"SKIP","floor":18},{"not_picked":["Escape Plan","Blade Dance","Grand Finale","Finisher"],"picked":"SKIP","floor":21},{"not_picked":["All Out Attack","PiercingWail+1","Calculated Gamble"],"picked":"Noxious Fumes","floor":24},{"not_picked":["Dodge and Roll+1","PiercingWail+1","Slice","Underhanded Strike"],"picked":"SKIP","floor":28},{"not_picked":["Corpse Explosion","Adrenaline","Unload"],"picked":"After Image","floor":33},{"not_picked":["Flying Knee","Acrobatics","Cloak And Dagger+1"],"picked":"Dash+1","floor":35},{"not_picked":["Sucker Punch+1","Well Laid Plans","PiercingWail+1"],"picked":"Footwork+1","floor":36},{"not_picked":["Concentrate+1","Heel Hook+1","Cloak And Dagger","Escape Plan+1"],"picked":"SKIP","floor":37},{"not_picked":["Reflex+1","Dagger Spray+1","Footwork"],"picked":"Deadly Poison+1","floor":39},{"not_picked":["Endless Agony","Heel Hook+1","Cloak And Dagger"],"picked":"Deflect","floor":44},{"not_picked":["Underhanded Strike","Eviscerate+1","Poisoned Stab"],"picked":"Tools of the Trade","floor":45},{"not_picked":["Eviscerate","Blade Dance+1","Dagger Throw+1"],"picked":"Calculated Gamble+1","floor":46},{"not_picked":["Flying Knee+1","Acrobatics+1","Underhanded Strike","Predator"],"picked":"SKIP","floor":48}],"player_experience":696461,"relics_obtained":[{"floor":7,"key":"Question Card"},{"floor":9,"key":"Gremlin Horn"},{"floor":26,"key":"Matryoshka"},{"floor":28,"key":"PreservedInsect"},{"floor":41,"key":"Gambling Chip"},{"floor":43,"key":"Omamori"},{"floor":43,"key":"Shovel"}],"event_choices":[{"damage_healed":0,"gold_gain":0,"player_choice":"1 cards matched","damage_taken":0,"max_hp_gain":0,"max_hp_loss":0,"event_name":"Match and Keep!","floor":3,"gold_loss":0,"cards_obtained":["Venomology"]},{"damage_healed":0,"gold_gain":0,"player_choice":"Got Potions","damage_taken":0,"max_hp_gain":0,"max_hp_loss":0,"event_name":"Lab","floor":12,"gold_loss":0},{"damage_healed":0,"gold_gain":0,"player_choice":"Obtained Relic","damage_taken":0,"relics_obtained":["Lantern"],"max_hp_gain":0,"max_hp_loss":0,"event_name":"Addict","floor":19,"gold_loss":85},{"damage_healed":0,"gold_gain":0,"player_choice":"Ignored","damage_taken":0,"max_hp_gain":0,"max_hp_loss":0,"event_name":"Ghosts","floor":20,"gold_loss":0},{"damage_healed":0,"gold_gain":0,"player_choice":"Fight","damage_taken":0,"max_hp_gain":0,"max_hp_loss":0,"event_name":"MindBloom","floor":41,"gold_loss":0}],"is_beta":false,"boss_relics":[{"not_picked":["HoveringKite","Astrolabe"],"picked":"Cursed Key"},{"not_picked":["Pandora\u0027s Box","WristBlade"],"picked":"Lizard Tail"}],"items_purged_floors":[31,38,47],"is_endless":false,"potions_floor_spawned":[5,10,11,16,21,29,36,37,39,46,48],"killed_by":"Awakened One","ascension_level":0}