{"gold_per_floor":[119,134,150,165,165,194,194,194,194,229,244,264,12,22,22,22],"floor_reached":16,"playtime":937,"items_purged":[],"score":200,"play_id":"c0c0ede2-7e7e-44e4-9663-820546702e96","local_time":"20190113181629","is_ascension_mode":true,"campfire_choices":[{"floor":8,"key":"REST"},{"data":"Mayhem","floor":15,"key":"SMITH"}],"neow_cost":"NONE","seed_source_timestamp":293711588359455,"circlet_count":0,"master_deck":["AscendersBane","Strike_R","Strike_R","Strike_R","Strike_R","Defend_R","Defend_R","Defend_R","Defend_R","Bash","Twin Strike","Inflame","Armaments+1","Cleave","Blood for Blood","Ghostly Armor","Pommel Strike","Flex","Mayhem+1","Shrug It Off","Pummel"],"relics":["Burning Blood","Bottled Flame","Dodecahedron","PreservedInsect"],"potions_floor_usage":[4,10,12,14],"damage_taken":[{"damage":2,"enemies":"Small Slimes","floor":1,"turns":4},{"damage":8,"enemies":"2 Louse","floor":2,"turns":3},{"damage":1,"enemies":"Cultist","floor":3,"turns":3},{"damage":30,"enemies":"Lots of Slimes","floor":4,"turns":7},{"damage":45,"enemies":"3 Sentries","floor":6,"turns":8},{"damage":16,"enemies":"Gremlin Nob","floor":10,"turns":3},{"damage":6,"enemies":"Blue Slaver","floor":11,"turns":5},{"damage":0,"enemies":"Looter","floor":12,"turns":3},{"damage":4,"enemies":"Exordium Wildlife","floor":14,"turns":5},{"damage":43,"enemies":"The Guardian","floor":16,"turns":10}],"seed_played":"6175197355806480625","potions_obtained":[{"floor":2,"key":"BloodPotion"},{"floor":4,"key":"FearPotion"},{"floor":11,"key":"SkillPotion"}],"is_trial":false,"path_per_floor":["M","M","M","M","?","E","?","R","T","E","M","M","$","M","R","B"],"character_chosen":"IRONCLAD","items_purchased":["Mayhem","Shrug It Off","Swift Potion"],"campfire_rested":1,"item_purchase_floors":[13,13,13],"current_hp_per_floor":[79,77,82,66,59,20,20,44,44,34,34,40,40,42,42,0],"gold":22,"neow_bonus":"TEN_PERCENT_HP_BONUS","is_prod":false,"is_daily":false,"chose_seed":false,"campfire_upgraded":1,"win_rate":0,"timestamp":1547432189,"path_taken":["M","M","M","M","?","E","?","R","T","E","M","M","$","M","R","BOSS"],"build_version":"2019-01-10","purchased_purges":0,"victory":false,"max_hp_per_floor":[82,82,82,82,82,82,82,82,82,82,82,82,82,82,82,82],"card_choices":[{"not_picked":["Wild Strike","Headbutt"],"picked":"Twin Strike","floor":1},{"not_picked":["Perfected Strike","Clash"],"picked":"Inflame","floor":2},{"not_picked":["Wild Strike","Heavy Blade"],"picked":"Armaments","floor":3},{"not_picked":["Pommel Strike","Heavy Blade"],"picked":"Cleave","floor":4},{"not_picked":["Pummel","Perfected Strike"],"picked":"Blood for Blood","floor":6},{"not_picked":["Inflame","Barricade"],"picked":"Ghostly Armor","floor":10},{"not_picked":["Sword Boomerang","Fire Breathing"],"picked":"Pommel Strike","floor":11},{"not_picked":["Wild Strike","Armaments"],"picked":"Flex","floor":12},{"not_picked":["Searing Blow","Inflame"],"picked":"Pummel","floor":14}],"player_experience":479092,"relics_obtained":[{"floor":6,"key":"Bottled Flame"},{"floor":9,"key":"Dodecahedron"},{"floor":10,"key":"PreservedInsect"}],"event_choices":[{"cards_removed":["Strike_R"],"damage_healed":0,"gold_gain":0,"player_choice":"Card Removal","damage_taken":7,"max_hp_gain":0,"max_hp_loss":0,"event_name":"Golden Wing","floor":5,"gold_loss":0},{"damage_healed":0,"gold_gain":0,"player_choice":"Grow","damage_taken":0,"max_hp_gain":0,"max_hp_loss":0,"event_name":"Living Wall","floor":7,"gold_loss":0,"cards_upgraded":["Armaments"]}],"is_beta":false,"boss_relics":[],"items_purged_floors":[],"is_endless":false,"potions_floor_spawned":[2,4,11],"killed_by":"The Guardian","ascension_level":15}