{"gold_per_floor":[118,133,283,298,4,4,17,17,94,94,94,124,124,142,142,142],"floor_reached":16,"playtime":879,"items_purged":["Doubt"],"score":185,"play_id":"37602827-0214-461e-a687-d3e992e2bdd8","local_time":"20190131190016","is_ascension_mode":true,"campfire_choices":[{"data":"Bash","floor":6.0,"key":"SMITH"},{"data":"Flex","floor":8.0,"key":"SMITH"},{"data":"Dark Embrace","floor":10.0,"key":"SMITH"},{"floor":15.0,"key":"REST"}],"neow_cost":"TEN_PERCENT_HP_LOSS","seed_source_timestamp":9237678560329,"circlet_count":0,"master_deck":["AscendersBane","Strike_R","Strike_R","Strike_R","Strike_R","Strike_R","Defend_R","Defend_R","Defend_R","Defend_R","Bash+1","Impervious","Headbutt","Flex+1","Dark Embrace+1","Dropkick","Thunderclap","Limit Break","Cleave"],"special_seed":0,"relics":["Burning Blood","Tiny Chest","Question Card","Bag of Preparation","Lantern","Shovel"],"potions_floor_usage":[16,16],"damage_taken":[{"damage":2.0,"enemies":"Cultist","floor":1.0,"turns":5.0},{"damage":5.0,"enemies":"Small Slimes","floor":2.0,"turns":5.0},{"damage":7.0,"enemies":"Jaw Worm","floor":4.0,"turns":3.0},{"damage":17.0,"enemies":"Looter","floor":7.0,"turns":3.0},{"damage":20.0,"enemies":"Gremlin Nob","floor":12.0,"turns":4.0},{"damage":13.0,"enemies":"Lots of Slimes","floor":14.0,"turns":3.0},{"damage":48,"enemies":"The Guardian","floor":16,"turns":12}],"seed_played":"-2911998174597890292","potions_obtained":[{"floor":2.0,"key":"EssenceOfSteel"},{"floor":7.0,"key":"Poison Potion"},{"floor":12.0,"key":"Dexterity Potion"}],"is_trial":false,"path_per_floor":["?","?","T"],"character_chosen":"IRONCLAD","items_purchased":["Tiny Chest","Dropkick"],"campfire_rested":1,"item_purchase_floors":[5,5],"current_hp_per_floor":[68,68,68,67,67,67,56,56,56,56,45,31,31,24,44,0],"gold":142,"neow_bonus":"THREE_RARE_CARDS","is_prod":false,"is_daily":false,"chose_seed":false,"campfire_upgraded":3,"win_rate":0,"timestamp":1548932416,"path_taken":["M","M","?","M","$","R","M","R","T","R","?","E","?","M","R","BOSS"],"build_version":"2019-01-23","purchased_purges":1,"victory":false,"max_hp_per_floor":[68,68,68,68,68,68,68,68,68,68,68,68,68,68,68,68],"card_choices":[{"not_picked":["Reaper","Juggernaut"],"picked":"Impervious","floor":0.0},{"not_picked":["Shrug It Off","Clash"],"picked":"Headbutt","floor":1.0},{"not_picked":["Bloodletting","Intimidate"],"picked":"Flex","floor":2.0},{"not_picked":["Warcry","Pommel Strike"],"picked":"Dark Embrace","floor":4.0},{"not_picked":["Carnage","Shrug It Off"],"picked":"Thunderclap","floor":7.0},{"not_picked":["Heavy Blade","Seeing Red","Headbutt"],"picked":"Limit Break","floor":12.0},{"not_picked":["Burning Pact","Rupture","Clothesline"],"picked":"Cleave","floor":14.0}],"player_experience":192138,"relics_obtained":[{"floor":9.0,"key":"Question Card"},{"floor":12.0,"key":"Lantern"},{"floor":13.0,"key":"Shovel"}],"event_choices":[{"damage_healed":0.0,"max_hp_gain":0.0,"max_hp_loss":0.0,"gold_gain":150.0,"event_name":"Liars Game","player_choice":"AGREE","floor":3.0,"gold_loss":0.0,"damage_taken":0.0,"cards_obtained":["Doubt"]},{"damage_healed":0.0,"max_hp_gain":0.0,"max_hp_loss":0.0,"gold_gain":0.0,"event_name":"Scrap Ooze","player_choice":"Success","floor":11.0,"gold_loss":0.0,"damage_taken":11.0,"relics_obtained":["Bag of Preparation"]}],"is_beta":false,"boss_relics":[],"items_purged_floors":[5],"is_endless":false,"potions_floor_spawned":[2,7,12],"killed_by":"The Guardian","ascension_level":17}