{"gold_per_floor":[110,128,142,92,108,108,127,154,202,189,222,222,222,238,238,341,341,358,368,379,391,409,409,467,200,247,2,2,2,2,18,18,117,117,131,131,58,78,78,108,108,108,108,108,121,140,40,58,58,58],"floor_reached":51,"playtime":3616,"items_purged":["Strike_B","Defend_B"],"score":889,"play_id":"2b6d184d-83a0-4f5c-bacb-1a084298f87c","local_time":"20180901170328","is_ascension_mode":true,"campfire_choices":[{"data":"Defragment","floor":6,"key":"SMITH"},{"floor":12,"key":"REST"},{"data":"Capacitor","floor":15,"key":"SMITH"},{"floor":23,"key":"REST"},{"floor":28,"key":"REST"},{"floor":32,"key":"REST"},{"floor":41,"key":"REST"},{"floor":44,"key":"REST"},{"floor":49,"key":"REST"}],"neow_cost":"NONE","seed_source_timestamp":1465681312660234,"circlet_count":0,"master_deck":["Strike_B","Strike_B","Defend_B","Defend_B","Zap","Dualcast","Glacier","Sunder","Defragment+1","Doom and Gloom","Conserve Battery","Auto Shields","Coolheaded","Capacitor+1","Biased Cognition","Electrodynamics","Heatsinks+1","Force Field","Capacitor","Consume","Reboot","Storm","Barrage","Panacea","Machine Learning","Thunder Strike","Panache","Defragment","Ball Lightning+1","Defragment","Loop+1","Compile Driver+1","Heatsinks+1","Steam Power+1"],"relics":["Black Star","Dream Catcher","Orichalcum","Bag of Marbles","Shuriken","Kunai","Fusion Hammer","Omamori","Tiny Chest","Boot","Mummified Hand","Cursed Key","Pear","Blue Candle","Oddly Smooth Stone"],"potions_floor_usage":[8,16,21,22,33,33,50,50],"damage_taken":[{"damage":1,"enemies":"Cultist","floor":1,"turns":4},{"damage":0,"enemies":"Small Slimes","floor":2,"turns":5},{"damage":6,"enemies":"2 Louse","floor":3,"turns":3},{"damage":1,"enemies":"Red Slaver","floor":5,"turns":6},{"damage":0,"enemies":"Exordium Wildlife","floor":7,"turns":3},{"damage":5,"enemies":"3 Sentries","floor":8,"turns":5},{"damage":22,"enemies":"Exordium Thugs","floor":10,"turns":4},{"damage":9,"enemies":"Lagavulin","floor":11,"turns":8},{"damage":2,"enemies":"Blue Slaver","floor":14,"turns":5},{"damage":12,"enemies":"The Guardian","floor":16,"turns":13},{"damage":0,"enemies":"Spheric Guardian","floor":18,"turns":6},{"damage":6,"enemies":"2 Thieves","floor":19,"turns":3},{"damage":7,"enemies":"Snecko","floor":20,"turns":6},{"damage":19,"enemies":"Centurion and Healer","floor":21,"turns":7},{"damage":9,"enemies":"Cultist and Chosen","floor":22,"turns":9},{"damage":28,"enemies":"Slavers","floor":24,"turns":4},{"damage":0,"enemies":"Chosen and Byrds","floor":31,"turns":7},{"damage":0,"enemies":"Champ","floor":33,"turns":6},{"damage":11,"enemies":"3 Darklings","floor":35,"turns":6},{"damage":15,"enemies":"3 Shapes","floor":38,"turns":3},{"damage":4,"enemies":"Giant Head","floor":40,"turns":8},{"damage":30,"enemies":"Sphere and 2 Shapes","floor":45,"turns":4},{"damage":22,"enemies":"Reptomancer","floor":46,"turns":4},{"damage":0,"enemies":"Transient","floor":48,"turns":5},{"damage":12,"enemies":"Donu and Deca","floor":50,"turns":4}],"seed_played":"-4994760534593001849","potions_obtained":[{"floor":3,"key":"FairyPotion"},{"floor":7,"key":"AttackPotion"},{"floor":14,"key":"SkillPotion"},{"floor":16,"key":"Explosive Potion"},{"floor":18,"key":"Explosive Potion"},{"floor":22,"key":"Energy Potion"},{"floor":31,"key":"Ancient Potion"},{"floor":38,"key":"LiquidBronze"},{"floor":45,"key":"Dexterity Potion"}],"is_trial":false,"path_per_floor":["M","M","M","?","M","R","M","E","T","M","E","R","?","M","R","B",null,"M","M","M","M","M","R","E","$","T","$","R","?","$","M","R","B",null,"M","?","$","M","?","E","R","?","T","R","M","M","$","M","R","B"],"character_chosen":"DEFECT","items_purchased":["Storm","Barrage","Panacea","Mummified Hand","Defragment"],"campfire_rested":7,"item_purchase_floors":[25,25,25,27,37],"current_hp_per_floor":[74,74,68,68,67,67,67,62,62,40,31,53,46,44,44,32,64,64,58,51,32,23,45,17,17,17,17,39,39,39,39,61,61,72,61,51,51,36,36,42,67,67,67,85,55,33,33,33,58,46],"gold":58,"neow_bonus":"BOSS_RELIC","is_prod":false,"is_daily":false,"chose_seed":false,"campfire_upgraded":2,"win_rate":0,"timestamp":1535814208,"path_taken":["M","M","M","?","M","R","M","E","T","M","E","R","?","M","R","BOSS","M","M","M","M","M","R","E","$","T","$","R","?","$","M","R","BOSS","M","?","$","M","?","E","R","?","T","R","M","?","$","M","R","BOSS"],"build_version":"2018-08-30","purchased_purges":2,"victory":true,"max_hp_per_floor":[75,75,75,75,75,75,75,75,75,75,75,75,75,75,75,75,75,75,75,75,75,75,75,75,75,75,75,75,75,75,75,75,75,75,75,75,75,75,75,85,85,85,85,85,85,85,85,85,85,85],"card_choices":[{"not_picked":["Steam","Gash"],"picked":"Glacier","floor":1},{"not_picked":["Coolheaded","Leap"],"picked":"Sunder","floor":2},{"not_picked":["Redo","Compile Driver"],"picked":"Defragment","floor":3},{"not_picked":["Redo","Streamline"],"picked":"Doom and Gloom","floor":5},{"not_picked":["Aggregate","Gash"],"picked":"Conserve Battery","floor":7},{"not_picked":["Cold Snap","Streamline"],"picked":"Auto Shields","floor":8},{"not_picked":["Auto Shields","Gash","Rebound"],"picked":"SKIP","floor":10},{"not_picked":["Sweeping Beam","Conserve Battery"],"picked":"Coolheaded","floor":11},{"not_picked":["Ball Lightning","Cold Snap"],"picked":"Capacitor","floor":12},{"not_picked":["Chill","Auto Shields"],"picked":"Biased Cognition","floor":14},{"not_picked":["Hyperbeam","Fission"],"picked":"Electrodynamics","floor":16},{"not_picked":["Hologram","Ball Lightning+1","Darkness"],"picked":"SKIP","floor":18},{"not_picked":["Auto Shields","Hologram"],"picked":"Heatsinks+1","floor":19},{"not_picked":["FTL","Barrage"],"picked":"Force Field","floor":20},{"not_picked":["Hologram","Ball Lightning"],"picked":"Capacitor","floor":21},{"not_picked":["Ball Lightning","BootSequence"],"picked":"Consume","floor":22},{"not_picked":["Go for the Eyes+1","Auto Shields"],"picked":"Reboot","floor":24},{"not_picked":["Steam Power","Stack","Consume+1"],"picked":"SKIP","floor":31},{"not_picked":["Sunder","Leap"],"picked":"Machine Learning","floor":32},{"not_picked":["Seek","Buffer"],"picked":"Thunder Strike","floor":33},{"not_picked":["Hologram+1","Double Energy+1","Redo+1"],"picked":"SKIP","floor":35},{"not_picked":["Trip","Impatience"],"picked":"Panache","floor":36},{"not_picked":["Cold Snap+1","Consume+1"],"picked":"Ball Lightning+1","floor":38},{"not_picked":["Fusion","Gash"],"picked":"Defragment","floor":40},{"not_picked":["Beam Cell+1","Stack"],"picked":"Loop+1","floor":44},{"not_picked":["Ball Lightning+1","Recycle"],"picked":"Compile Driver+1","floor":45},{"not_picked":["Aggregate+1","Rebound"],"picked":"Heatsinks+1","floor":46},{"not_picked":["Go for the Eyes","Melter"],"picked":"Steam Power+1","floor":48}],"player_experience":384184,"relics_obtained":[{"floor":8,"key":"Dream Catcher"},{"floor":8,"key":"Orichalcum"},{"floor":9,"key":"Bag of Marbles"},{"floor":11,"key":"Shuriken"},{"floor":11,"key":"Kunai"},{"floor":24,"key":"Omamori"},{"floor":24,"key":"Tiny Chest"},{"floor":26,"key":"Boot"},{"floor":40,"key":"Pear"},{"floor":40,"key":"Blue Candle"},{"floor":43,"key":"Oddly Smooth Stone"}],"event_choices":[{"event_name":"The Cleric","player_choice":"Card Removal","floor":4,"damage_taken":0},{"event_name":"Golden Wing","player_choice":"Card Removal","floor":13,"damage_taken":0},{"event_name":"Vampires","player_choice":"Ignored","floor":29,"damage_taken":0},{"event_name":"SensoryStone","player_choice":"Memory 3","floor":36,"damage_taken":0},{"event_name":"Mysterious Sphere","player_choice":"Ignore","floor":39,"damage_taken":0},{"event_name":"Tomb of Lord Red Mask","player_choice":"Ignored","floor":42,"damage_taken":0}],"is_beta":false,"boss_relics":[{"not_picked":["Ectoplasm","Coffee Dripper"],"picked":"Fusion Hammer"},{"not_picked":["Nuclear Battery","Runic Dome"],"picked":"Cursed Key"}],"items_purged_floors":[25,47],"is_endless":false,"potions_floor_spawned":[3,7,14,16,18,20,22,31,38,45,46],"ascension_level":5}