{"gold_per_floor":[118,118,118,43,43,43,74,74,74,74,88,121,121,132,132,208,208,224,5,0,0,0,0,0,34,34,34,34,66,66,77,77,151,151,163,178,191,191,203,203,203,303,303,140,167,167,187,205,205,205],"floor_reached":50,"playtime":2249,"items_purged":[],"score":1163,"play_id":"48da5125-f4f4-4907-ab7f-06ad8c56db87","local_time":"20190117173737","is_ascension_mode":true,"campfire_choices":[{"data":"Caltrops","floor":6.0,"key":"SMITH"},{"data":"Footwork","floor":10.0,"key":"SMITH"},{"data":"Footwork","floor":13.0,"key":"SMITH"},{"data":"Neutralize","floor":15.0,"key":"SMITH"},{"data":"Bouncing Flask","floor":23,"key":"SMITH"},{"data":"Deadly Poison","floor":28,"key":"SMITH"},{"data":"After Image","floor":30,"key":"SMITH"},{"data":"PiercingWail","floor":32,"key":"SMITH"},{"data":"Deadly Poison","floor":40,"key":"SMITH"},{"data":"Well Laid Plans","floor":46,"key":"SMITH"},{"data":"Acrobatics","floor":49,"key":"SMITH"}],"neow_cost":"NONE","seed_source_timestamp":105766922209725,"circlet_count":0,"master_deck":["AscendersBane","Defend_G","Defend_G","Defend_G+1","Defend_G","Defend_G+1","Strike_G","Strike_G","Survivor","Neutralize+1","Caltrops+1","Footwork+1","Dash","Footwork+1","Backflip","Dagger Spray+1","After Image+1","Bouncing Flask+1","Deflect","Deadly Poison+1","Doubt","Neutralize+1","PiercingWail+1","Dodge and Roll","Venomology","Acrobatics+1","Deadly Poison+1","Well Laid Plans+1","Bane+1","Choke+1","Poisoned Stab+1","Dagger Spray+1","Terror"],"special_seed":0,"relics":["Ring of the Snake","NeowsBlessing","Sundial","Pantograph","Strawberry","Molten Egg 2","Coffee Dripper","Art of War","Ornamental Fan","War Paint","Oddly Smooth Stone","Orrery","Torii","Bottled Flame","Bronze Scales","Bottled Lightning"],"potions_floor_usage":[25,29,29,31,34,37,37,39,42,47,47,48,50,50],"damage_taken":[{"damage":0.0,"enemies":"Jaw Worm","floor":1.0,"turns":1.0},{"damage":0.0,"enemies":"Gremlin Nob","floor":7.0,"turns":1.0},{"damage":0.0,"enemies":"Small Slimes","floor":11.0,"turns":1.0},{"damage":20.0,"enemies":"3 Sentries","floor":12.0,"turns":13.0},{"damage":0.0,"enemies":"2 Louse","floor":14.0,"turns":5.0},{"damage":8.0,"enemies":"The Guardian","floor":16.0,"turns":18.0},{"damage":0.0,"enemies":"Chosen","floor":18.0,"turns":7.0},{"damage":0,"enemies":"2 Thieves","floor":24,"turns":5},{"damage":9,"enemies":"Book of Stabbing","floor":25,"turns":5},{"damage":0,"enemies":"Gremlin Leader","floor":29,"turns":7},{"damage":0,"enemies":"Centurion and Healer","floor":31,"turns":9},{"damage":0,"enemies":"Champ","floor":33,"turns":17},{"damage":22,"enemies":"3 Darklings","floor":35,"turns":6},{"damage":6,"enemies":"3 Shapes","floor":36,"turns":9},{"damage":4,"enemies":"Maw","floor":37,"turns":10},{"damage":9,"enemies":"Writhing Mass","floor":39,"turns":7},{"damage":3,"enemies":"Mind Bloom Boss Battle","floor":42,"turns":8},{"damage":14,"enemies":"Nemesis","floor":45,"turns":9},{"damage":9,"enemies":"Transient","floor":47,"turns":6},{"damage":32,"enemies":"Spire Growth","floor":48,"turns":5},{"damage":47,"enemies":"Awakened One","floor":50,"turns":3}],"seed_played":"-5772726943215098821","potions_obtained":[{"floor":1.0,"key":"Block Potion"},{"floor":11.0,"key":"Weak Potion"},{"floor":12.0,"key":"GhostInAJar"},{"floor":18.0,"key":"Block Potion"},{"floor":25,"key":"Poison Potion"},{"floor":29,"key":"AttackPotion"},{"floor":33,"key":"Fruit Juice"},{"floor":47,"key":"EssenceOfSteel"},{"floor":48,"key":"Dexterity Potion"}],"is_trial":false,"path_per_floor":["M","?","?","$","$","R","E","?","T","R","M","E","R","M","R","B",null,"M","$","?","?","?","R","M","E","T","?","R","E","R","M","R","B",null,"M","M","M","?","M","R","$","?","T","$","E","R","M","M","R","B"],"character_chosen":"THE_SILENT","items_purchased":["Footwork","Deflect","Art of War","Bronze Scales"],"campfire_rested":0,"item_purchase_floors":[4,19,19,44],"current_hp_per_floor":[59,33,26,26,26,26,26,26,33,33,33,13,13,13,13,30,62,62,62,62,62,62,62,62,53,53,53,53,53,53,53,53,73,78,56,50,61,61,52,52,52,74,74,74,60,60,51,19,19,0],"gold":205,"neow_bonus":"THREE_ENEMY_KILL","is_prod":false,"is_daily":false,"chose_seed":false,"campfire_upgraded":11,"win_rate":0,"timestamp":1547743057,"path_taken":["M","?","?","?","$","R","E","?","T","R","?","E","R","M","R","BOSS","M","$","?","?","?","R","M","E","T","?","R","E","R","M","R","BOSS","M","?","M","?","M","R","$","?","T","?","E","R","M","M","R","BOSS"],"build_version":"2019-01-10","purchased_purges":0,"victory":false,"max_hp_per_floor":[66,66,66,66,66,66,66,66,73,73,73,73,73,73,73,73,73,73,73,73,73,73,73,73,73,73,73,73,73,73,73,73,73,78,78,78,78,78,78,78,78,78,78,78,78,78,78,78,78,78],"card_choices":[{"not_picked":["Reflex","Flying Knee"],"picked":"Caltrops","floor":1.0},{"not_picked":["Poisoned Stab","Catalyst"],"picked":"Dash","floor":7.0},{"not_picked":["Bane","Crippling Poison"],"picked":"Footwork","floor":11.0},{"not_picked":["Night Terror","Concentrate"],"picked":"Backflip","floor":12.0},{"not_picked":["Tactician","Dagger Throw+1"],"picked":"Dagger Spray+1","floor":14.0},{"not_picked":["Doppelganger","Bullet Time"],"picked":"After Image","floor":16.0},{"not_picked":["Underhanded Strike+1","Dagger Spray+1"],"picked":"Bouncing Flask","floor":18.0},{"not_picked":["Poisoned Stab+1","Slice+1"],"picked":"Deadly Poison","floor":24},{"not_picked":["Expertise","Quick Slash+1","Backflip"],"picked":"SKIP","floor":25},{"not_picked":["Acrobatics","Blade Dance"],"picked":"PiercingWail","floor":29},{"not_picked":["Prepared","Acrobatics"],"picked":"Dodge and Roll","floor":31},{"not_picked":["Phantasmal Killer","Tools of the Trade"],"picked":"Venomology","floor":33},{"not_picked":["Outmaneuver","Blade Dance"],"picked":"Acrobatics","floor":34},{"not_picked":["Infinite Blades","Slice+1"],"picked":"Deadly Poison","floor":34},{"not_picked":["Acrobatics","Prepared"],"picked":"Well Laid Plans","floor":34},{"not_picked":["Endless Agony+1","Acrobatics","Outmaneuver"],"picked":"SKIP","floor":35},{"not_picked":["Adrenaline","Backstab+1"],"picked":"Bane+1","floor":36},{"not_picked":["Calculated Gamble","Dagger Throw+1","Flying Knee+1"],"picked":"SKIP","floor":37},{"not_picked":["PiercingWail+1","Prepared+1","Accuracy"],"picked":"SKIP","floor":39},{"not_picked":["Terror","Blade Dance+1"],"picked":"Choke+1","floor":42},{"not_picked":["Backflip","Blade Dance"],"picked":"Poisoned Stab+1","floor":45},{"not_picked":["Dash+1","Flying Knee+1"],"picked":"Dagger Spray+1","floor":47},{"not_picked":["Bullet Time","Cloak And Dagger"],"picked":"Terror","floor":48}],"player_experience":881587,"relics_obtained":[{"floor":7.0,"key":"Pantograph"},{"floor":9.0,"key":"Strawberry"},{"floor":12.0,"key":"Molten Egg 2"},{"floor":25,"key":"Ornamental Fan"},{"floor":26,"key":"War Paint"},{"floor":29,"key":"Oddly Smooth Stone"},{"floor":42,"key":"Torii"},{"floor":43,"key":"Bottled Flame"},{"floor":45,"key":"Bottled Lightning"}],"event_choices":[{"damage_healed":0.0,"max_hp_gain":0.0,"max_hp_loss":0.0,"gold_gain":0.0,"event_name":"Scrap Ooze","player_choice":"Success","floor":2.0,"gold_loss":0.0,"damage_taken":26.0,"relics_obtained":["Sundial"]},{"cards_removed":["Strike_G"],"damage_healed":0.0,"max_hp_gain":0.0,"max_hp_loss":0.0,"gold_gain":0.0,"event_name":"Golden Wing","player_choice":"Card Removal","floor":3.0,"gold_loss":0.0,"damage_taken":7.0},{"cards_removed":["Strike_G"],"damage_healed":0.0,"max_hp_gain":0.0,"max_hp_loss":0.0,"gold_gain":0.0,"event_name":"Bonfire Elementals","player_choice":"Offered Basic","floor":8.0,"gold_loss":0.0,"damage_taken":0.0},{"damage_healed":0.0,"max_hp_gain":0.0,"max_hp_loss":0.0,"gold_gain":0.0,"event_name":"Masked Bandits","player_choice":"Paid Fearfully","floor":20.0,"gold_loss":5.0,"damage_taken":0.0},{"damage_healed":0.0,"max_hp_gain":0.0,"max_hp_loss":0.0,"gold_gain":0.0,"event_name":"Beggar","player_choice":"Ignored","floor":21.0,"gold_loss":0.0,"damage_taken":0.0},{"damage_healed":0,"gold_gain":0,"player_choice":"2 cards matched","damage_taken":0,"max_hp_gain":0,"max_hp_loss":0,"event_name":"Match and Keep!","floor":27,"gold_loss":0,"cards_obtained":["Doubt","Neutralize"]},{"cards_removed":["Strike_G"],"damage_healed":0,"gold_gain":0,"player_choice":"Removed Attack","damage_taken":0,"max_hp_gain":0,"max_hp_loss":0,"event_name":"Falling","floor":38,"gold_loss":0},{"damage_healed":0,"gold_gain":0,"player_choice":"Fight","damage_taken":0,"max_hp_gain":0,"max_hp_loss":0,"event_name":"MindBloom","floor":42,"gold_loss":0}],"is_beta":false,"boss_relics":[{"not_picked":["Eternal Feather","Lizard Tail"],"picked":"Coffee Dripper"},{"not_picked":["Runic Pyramid","Astrolabe"],"picked":"Orrery"}],"items_purged_floors":[],"is_endless":false,"potions_floor_spawned":[1,11,12,14,18,25,29,33,36,45,47,48],"killed_by":"Awakened One","ascension_level":18}