{"gold_per_floor":[112,112,112,37,112,112,130,165,165,165,195,205,205,217,217,295,295,312,331,193,211,151,151,164,18,45,45,74,93,113,113],"floor_reached":31,"playtime":1631,"items_purged":["Strike_B","Defend_B"],"score":479,"play_id":"1f9072fb-713b-4d9d-b22a-777ea55af18e","local_time":"20180930191804","is_ascension_mode":true,"campfire_choices":[{"floor":6,"key":"REST"},{"data":"Zap","floor":10,"key":"SMITH"},{"data":"Defragment","floor":13,"key":"SMITH"},{"data":"Hologram","floor":15,"key":"SMITH"},{"floor":23,"key":"REST"},{"data":"Creative AI","floor":27,"key":"SMITH"}],"neow_cost":"NONE","seed_source_timestamp":375305641811932,"circlet_count":0,"master_deck":["Zap+1","Dualcast","AscendersBane","All For One+1","Fission+1","Chaos+1","Conserve Battery+1","Compile Driver","Reinforced Body","Defragment+1","Hologram+1","Streamline","Creative AI+1","Defragment","Core Surge","Melter","Double Energy","All For One","Conserve Battery+1"],"relics":["Astrolabe","Vajra","Darkstone Periapt","Pantograph","Inserter","Bag of Preparation","DataDisk","Bottled Lightning"],"potions_floor_usage":[8,14,18,21,24],"damage_taken":[{"damage":7,"enemies":"Jaw Worm","floor":1,"turns":4},{"damage":0,"enemies":"Cultist","floor":7,"turns":3},{"damage":0,"enemies":"Lagavulin","floor":8,"turns":5},{"damage":15,"enemies":"3 Sentries","floor":11,"turns":7},{"damage":6,"enemies":"2 Louse","floor":12,"turns":2},{"damage":9,"enemies":"Exordium Wildlife","floor":14,"turns":3},{"damage":15,"enemies":"Hexaghost","floor":16,"turns":7},{"damage":2,"enemies":"Spheric Guardian","floor":18,"turns":3},{"damage":9,"enemies":"Chosen","floor":19,"turns":5},{"damage":16,"enemies":"Snake Plant","floor":21,"turns":3},{"damage":0,"enemies":"3 Cultists","floor":24,"turns":2},{"damage":30,"enemies":"Gremlin Leader","floor":28,"turns":5},{"damage":11,"enemies":"Sentry and Sphere","floor":29,"turns":4},{"damage":0,"enemies":"Centurion and Healer","floor":30,"turns":7},{"damage":27,"enemies":"Snecko","floor":31,"turns":3}],"seed_played":"-7476009528592862737","potions_obtained":[{"floor":1,"key":"EssenceOfSteel"},{"floor":8,"key":"Poison Potion"},{"floor":11,"key":"EssenceOfSteel"},{"floor":19,"key":"PowerPotion"},{"floor":21,"key":"PowerPotion"},{"floor":24,"key":"EssenceOfSteel"},{"floor":29,"key":"FearPotion"}],"is_trial":false,"path_per_floor":["M","?","?","$","?","R","M","E","T","R","E","M","R","M","R","B",null,"M","M","$","M","?","R","M","$","T","R","E","M","M"],"character_chosen":"DEFECT","items_purchased":["Defragment","Bag of Preparation"],"campfire_rested":2,"item_purchase_floors":[20,25],"current_hp_per_floor":[61,61,46,46,35,57,57,57,57,57,42,36,36,27,27,37,66,64,55,55,39,39,61,61,61,61,61,31,20,20,0],"gold":113,"neow_bonus":"BOSS_RELIC","is_prod":false,"is_daily":false,"chose_seed":false,"campfire_upgraded":4,"win_rate":0,"timestamp":1538327884,"path_taken":["M","?","?","$","?","R","M","E","T","R","E","M","R","M","R","BOSS","M","M","$","M","?","R","M","$","T","R","E","M","?","M"],"build_version":"2018-09-27","purchased_purges":2,"victory":false,"max_hp_per_floor":[75,75,75,75,75,75,75,75,75,75,75,75,75,75,75,75,75,75,75,75,75,75,75,75,75,75,75,75,75,75,75],"card_choices":[{"not_picked":["Gash","Steam"],"picked":"Conserve Battery","floor":1},{"not_picked":["Stack","Blizzard"],"picked":"Compile Driver","floor":7},{"not_picked":["Doom and Gloom","Ball Lightning"],"picked":"Reinforced Body","floor":8},{"not_picked":["Meteor Strike","Heatsinks"],"picked":"Defragment","floor":11},{"not_picked":["Stack","FTL"],"picked":"Hologram","floor":12},{"not_picked":["Go for the Eyes","Aggregate"],"picked":"Streamline","floor":14},{"not_picked":["All For One","Multi-Cast"],"picked":"Creative AI","floor":16},{"not_picked":["Capacitor","Coolheaded","Steam"],"picked":"SKIP","floor":18},{"not_picked":["Stack","Hello World","Storm"],"picked":"SKIP","floor":19},{"not_picked":["Turbo","Loop","Compile Driver"],"picked":"SKIP","floor":21},{"not_picked":["Gash","Barrage"],"picked":"Double Energy","floor":24},{"not_picked":["Rebound+1","Cold Snap+1"],"picked":"All For One","floor":28},{"not_picked":["Gash","Capacitor","Turbo"],"picked":"SKIP","floor":29},{"not_picked":["FTL+1","Beam Cell"],"picked":"Conserve Battery+1","floor":30}],"player_experience":469594,"relics_obtained":[{"floor":8,"key":"Vajra"},{"floor":9,"key":"Darkstone Periapt"},{"floor":11,"key":"Pantograph"},{"floor":26,"key":"DataDisk"},{"floor":28,"key":"Bottled Lightning"}],"event_choices":[{"event_name":"Purifier","player_choice":"One Purge","floor":2,"damage_taken":0},{"event_name":"Shining Light","player_choice":"Entered Light","floor":3,"damage_taken":0},{"event_name":"World of Goop","player_choice":"Gather Gold","floor":5,"damage_taken":0},{"event_name":"Designer","player_choice":"Transform 2 Cards","floor":22,"damage_taken":0}],"is_beta":false,"boss_relics":[{"not_picked":["Philosopher\u0027s Stone","Eternal Feather"],"picked":"Inserter"}],"items_purged_floors":[4,20],"is_endless":false,"potions_floor_spawned":[1,8,11,19,21,24,29],"killed_by":"Snecko","ascension_level":13}