{"gold_per_floor":[114,84,84,43,43,43,56,94,165,165,186,206,229,249,249,375,375,394,136,136,136,149,149,149,149,198,98,98,133,157,192,192,315,315,315],"floor_reached":35,"playtime":2832,"items_purged":["Anger","Perfected Strike"],"score":654,"play_id":"63cca8fd-9af0-475e-b24f-f7895be9f0d3","local_time":"20181004191301","is_ascension_mode":true,"campfire_choices":[{"data":"Rampage","floor":6.0,"key":"SMITH"},{"data":"Carnage","floor":10.0,"key":"SMITH"},{"floor":15.0,"key":"REST"},{"data":"Madness","floor":23.0,"key":"SMITH"},{"data":"Armaments","floor":25.0,"key":"SMITH"},{"data":"Flame Barrier","floor":28.0,"key":"SMITH"},{"floor":32.0,"key":"REST"}],"neow_cost":"NONE","seed_source_timestamp":0,"circlet_count":0,"master_deck":["Bash","AscendersBane","Rampage+1","Carnage+1","Feed","Metallicize","Reaper","Flame Barrier+1","True Grit","Sentinel","Iron Wave","Armaments+1","Blood for Blood","Pommel Strike","Metallicize","Feel No Pain","Shrug It Off","Madness+1","Bash","Intimidate","Fiend Fire","True Grit+1","Dark Embrace"],"special_seed":0,"relics":["Eternal Feather","Golden Idol","Potion Belt","Gremlin Horn","Pandora\u0027s Box","MutagenicStrength","Enchiridion","Orichalcum","Pen Nib","Strawberry","Fusion Hammer"],"potions_floor_usage":[],"damage_taken":[{"damage":0.0,"enemies":"Small Slimes","floor":1.0,"turns":3.0},{"damage":6.0,"enemies":"Cultist","floor":7.0,"turns":3.0},{"damage":29.0,"enemies":"Lagavulin","floor":8.0,"turns":7.0},{"damage":0.0,"enemies":"2 Louse","floor":11.0,"turns":3.0},{"damage":7.0,"enemies":"Exordium Wildlife","floor":12.0,"turns":3.0},{"damage":20.0,"enemies":"Exordium Thugs","floor":13.0,"turns":4.0},{"damage":7.0,"enemies":"Lots of Slimes","floor":14.0,"turns":4.0},{"damage":35.0,"enemies":"Slime Boss","floor":16.0,"turns":7.0},{"damage":1.0,"enemies":"3 Byrds","floor":18.0,"turns":2.0},{"damage":12.0,"enemies":"Shell Parasite","floor":22.0,"turns":9.0},{"damage":43.0,"enemies":"Gremlin Leader","floor":29.0,"turns":8.0},{"damage":0.0,"enemies":"Cultist and Chosen","floor":30.0,"turns":7.0},{"damage":14.0,"enemies":"Slavers","floor":31.0,"turns":3.0},{"damage":66.0,"enemies":"Automaton","floor":33.0,"turns":11.0},{"damage":0,"enemies":"3 Darklings","floor":35,"turns":5}],"seed_played":"-1399666439647634265","potions_obtained":[{"floor":2.0,"key":"FearPotion"},{"floor":2.0,"key":"EntropicBrew"},{"floor":11.0,"key":"Swift Potion"},{"floor":13.0,"key":"Energy Potion"},{"floor":14.0,"key":"Fire Potion"},{"floor":18.0,"key":"GamblersBrew"},{"floor":30.0,"key":"EntropicBrew"}],"is_trial":false,"path_per_floor":["M","?","?","$","$","R","M","E","T","R","M","M","M","M","R","B",null,"M","$","?","?","M","R","?","R","T","$","R","E","M","E","R","B",null],"character_chosen":"IRONCLAD","items_purchased":["Rampage","Feel No Pain","Shrug It Off","Madness"],"campfire_rested":2,"item_purchase_floors":[4,19,19,19],"current_hp_per_floor":[72,72,72,72,72,74,68,39,39,45,48,44,27,23,57,22,70,72,72,72,72,64,76,60,72,72,72,84,44,44,55,96,30,82,82],"gold":315,"neow_bonus":"BOSS_RELIC","is_prod":false,"is_daily":false,"chose_seed":false,"campfire_upgraded":5,"win_rate":0,"timestamp":1538673181,"path_taken":["M","?","?","?","$","R","M","E","T","R","M","M","M","M","R","BOSS","M","$","?","?","?","R","?","R","T","$","R","E","M","E","R","BOSS","M"],"build_version":"2018-09-27","purchased_purges":2,"victory":false,"max_hp_per_floor":[80,80,74,74,74,74,74,74,74,74,77,80,83,86,86,86,86,89,89,89,89,89,89,89,89,89,89,89,89,89,99,99,99,99,99],"card_choices":[{"not_picked":["Warcry","Combust","Bloodletting"],"picked":"SKIP","floor":1.0},{"not_picked":["Sword Boomerang","Heavy Blade"],"picked":"Carnage","floor":7.0},{"not_picked":["Sword Boomerang","Shockwave"],"picked":"Feed","floor":8.0},{"not_picked":["Twin Strike","Wild Strike"],"picked":"Metallicize","floor":11.0},{"not_picked":["Flex","Wild Strike","Seeing Red"],"picked":"SKIP","floor":12.0},{"not_picked":["Body Slam","Iron Wave","Dropkick"],"picked":"SKIP","floor":13.0},{"not_picked":["Heavy Blade","Rampage","Anger"],"picked":"SKIP","floor":14.0},{"not_picked":["Dark Embrace","Exhume"],"picked":"Reaper","floor":16.0},{"not_picked":["Heavy Blade+1","Armaments"],"picked":"Metallicize","floor":18.0},{"not_picked":["Wild Strike","Intimidate","Clothesline"],"picked":"SKIP","floor":22.0},{"not_picked":["Wild Strike","Clothesline"],"picked":"Intimidate","floor":22.0},{"not_picked":["Infernal Blade","Thunderclap"],"picked":"Fiend Fire","floor":29.0},{"not_picked":["Clothesline","Thunderclap","Wild Strike"],"picked":"SKIP","floor":30.0},{"not_picked":["Cleave","Searing Blow"],"picked":"True Grit+1","floor":31.0},{"not_picked":["Juggernaut","Barricade"],"picked":"Dark Embrace","floor":33.0}],"player_experience":489920,"relics_obtained":[{"floor":8.0,"key":"Potion Belt"},{"floor":9.0,"key":"Gremlin Horn"},{"floor":24.0,"key":"Enchiridion"},{"floor":26.0,"key":"Orichalcum"},{"floor":29.0,"key":"Pen Nib"},{"floor":31.0,"key":"Strawberry"}],"event_choices":[{"event_name":"The Woman in Blue","player_choice":"Bought 2 Potions","floor":2.0,"damage_taken":0.0},{"event_name":"Golden Idol","player_choice":"Lose Max HP","floor":3.0,"damage_taken":0.0},{"event_name":"Drug Dealer","player_choice":"Inject Mutagens","floor":20.0,"damage_taken":0.0},{"event_name":"Match and Keep!","player_choice":"1 cards matched","floor":21.0,"damage_taken":0.0},{"event_name":"Cursed Tome","player_choice":"Obtained Book","floor":24.0,"damage_taken":0.0}],"is_beta":false,"boss_relics":[{"not_picked":["Cursed Key","Runic Dome"],"picked":"Pandora\u0027s Box"},{"not_picked":["Calling Bell","White Beast Statue"],"picked":"Fusion Hammer"}],"items_purged_floors":[19,27],"is_endless":false,"potions_floor_spawned":[7,11,13,14,18,30],"killed_by":"3 Darklings","ascension_level":12}