{"gold_per_floor":[116,116,41,41,60,89,59,93,175,207,223,242,242,260,260,260],"floor_reached":16,"playtime":449,"items_purged":[],"score":290,"play_id":"44234787-eb0e-4f03-b9fd-4253a1a20f1a","local_time":"20190210180527","is_ascension_mode":true,"campfire_choices":[{"data":"Phantasmal Killer","floor":13,"key":"SMITH"},{"data":"Neutralize","floor":15,"key":"SMITH"}],"neow_cost":"NONE","seed_source_timestamp":959732078189869,"circlet_count":0,"master_deck":["AscendersBane","Defend_G","Defend_G","Defend_G","Defend_G","Defend_G","Strike_G","Strike_G","Strike_G","Strike_G","Survivor","Neutralize+1","All Out Attack+1","Dagger Throw","Quick Slash","Dagger Spray","PiercingWail","Leg Sweep","Phantasmal Killer+1","Dodge and Roll"],"relics":["Ring of the Snake","NeowsBlessing","Boot","Pen Nib","Frozen Egg 2","Meat on the Bone"],"potions_floor_usage":[8,8,8,8,10],"damage_taken":[{"damage":0,"enemies":"2 Louse","floor":1,"turns":1},{"damage":0,"enemies":"Jaw Worm","floor":5,"turns":1},{"damage":0,"enemies":"3 Sentries","floor":6,"turns":1},{"damage":24,"enemies":"Lagavulin","floor":8,"turns":6},{"damage":22,"enemies":"Gremlin Nob","floor":10,"turns":4},{"damage":0,"enemies":"Cultist","floor":11,"turns":2},{"damage":0,"enemies":"Lots of Slimes","floor":12,"turns":2},{"damage":1,"enemies":"3 Louse","floor":14,"turns":3},{"damage":36,"enemies":"Hexaghost","floor":16,"turns":9}],"seed_played":"-1605456664476156857","potions_obtained":[{"floor":1,"key":"GamblersBrew"},{"floor":5,"key":"Weak Potion"},{"floor":7,"key":"EntropicBrew"},{"floor":7,"key":"Ancient Potion"},{"floor":8,"key":"Ancient Potion"}],"is_trial":false,"path_per_floor":["M","?","?","$","M","E","?","E","T","E","M","M","R","M","R","B"],"character_chosen":"THE_SILENT","items_purchased":[],"campfire_rested":0,"item_purchase_floors":[],"current_hp_per_floor":[59,59,59,59,59,59,59,35,35,13,25,37,37,36,36,0],"gold":260,"neow_bonus":"THREE_ENEMY_KILL","is_prod":false,"is_daily":false,"chose_seed":false,"campfire_upgraded":2,"win_rate":0,"timestamp":1549818327,"path_taken":["M","?","?","$","M","E","?","E","T","E","M","M","R","M","R","BOSS"],"build_version":"2019-01-23","purchased_purges":0,"victory":false,"max_hp_per_floor":[66,66,66,66,66,66,66,66,66,66,66,66,66,66,66,66],"card_choices":[{"not_picked":["Acrobatics","Dagger Throw"],"picked":"All Out Attack","floor":1},{"not_picked":["Sucker Punch","Deflect"],"picked":"Dagger Throw","floor":5},{"not_picked":["Blade Dance","Blur"],"picked":"Quick Slash","floor":6},{"not_picked":["Riddle With Holes","Flying Knee"],"picked":"Dagger Spray","floor":8},{"not_picked":["Poisoned Stab","Deflect"],"picked":"PiercingWail","floor":10},{"not_picked":["Quick Slash","Blur"],"picked":"Leg Sweep","floor":11},{"not_picked":["Blade Dance","Bouncing Flask"],"picked":"Phantasmal Killer","floor":12},{"not_picked":["Masterful Stab","All Out Attack"],"picked":"Dodge and Roll","floor":14}],"player_experience":981578,"relics_obtained":[{"floor":6,"key":"Boot"},{"floor":8,"key":"Pen Nib"},{"floor":9,"key":"Frozen Egg 2"},{"floor":10,"key":"Meat on the Bone"}],"event_choices":[{"damage_healed":0,"gold_gain":0,"player_choice":"Grow","damage_taken":0,"max_hp_gain":0,"max_hp_loss":0,"event_name":"Living Wall","floor":2,"gold_loss":0,"cards_upgraded":["All Out Attack"]},{"cards_removed":["Strike_G"],"damage_healed":0,"gold_gain":0,"player_choice":"Card Removal","damage_taken":0,"max_hp_gain":0,"max_hp_loss":0,"event_name":"The Cleric","floor":3,"gold_loss":75},{"damage_healed":0,"gold_gain":0,"player_choice":"Bought 2 Potions","damage_taken":0,"max_hp_gain":0,"max_hp_loss":0,"event_name":"The Woman in Blue","floor":7,"gold_loss":0}],"is_beta":false,"boss_relics":[],"items_purged_floors":[],"is_endless":false,"potions_floor_spawned":[1,5,8],"killed_by":"Hexaghost","ascension_level":20}