{"gold_per_floor":[115,125,275,289,1,34,34,34,79,113,128,144,158,158,158,229,229,245,17,17,35,35,67,110,122,134,146,158,223,235,272,284,367,379,405,417,429,44,44,44,0,0],"floor_reached":42,"playtime":2060,"items_purged":["Doubt"],"score":823,"play_id":"56ade1ce-05be-4599-a455-ba55e98be098","local_time":"20190224230856","is_ascension_mode":true,"campfire_choices":[{"floor":7.0,"key":"REST"},{"floor":15.0,"key":"REST"},{"floor":25,"key":"REST"},{"floor":30,"key":"REST"},{"floor":32,"key":"REST"},{"data":"True Grit","floor":40,"key":"SMITH"}],"neow_cost":"NONE","seed_source_timestamp":651939987750407,"circlet_count":0,"master_deck":["AscendersBane","Strike_R+1","Strike_R","Strike_R","Strike_R","Strike_R+1","Defend_R","Defend_R","Defend_R","Defend_R","Bash","Clothesline+1","Disarm+1","Uppercut","Feel No Pain","Iron Wave","True Grit+1","Shrug It Off","Juggernaut","Clothesline","Demon Form","Ghostly","Ghostly","Ghostly+1","Cleave","Warcry","Reaper","Shrug It Off","Dark Shackles"],"special_seed":0,"relics":["Burning Blood","Bronze Scales","Pen Nib","Juzu Bracelet","Whetstone","Runic Dome","Blood Vial","WingedGreaves","MawBank","Ginger","Torii","War Paint","Vajra","PreservedInsect","Eternal Feather","Spirit Poop","Magic Flower","Red Mask"],"potions_floor_usage":[21,31,31,33],"damage_taken":[{"damage":7.0,"enemies":"Jaw Worm","floor":1.0,"turns":3.0},{"damage":0.0,"enemies":"Small Slimes","floor":2.0,"turns":3.0},{"damage":1.0,"enemies":"2 Louse","floor":4.0,"turns":3.0},{"damage":50.0,"enemies":"Lagavulin","floor":6.0,"turns":10.0},{"damage":19.0,"enemies":"3 Sentries","floor":10.0,"turns":7.0},{"damage":23.0,"enemies":"Lots of Slimes","floor":11.0,"turns":4.0},{"damage":10.0,"enemies":"2 Fungi Beasts","floor":12.0,"turns":4.0},{"damage":13.0,"enemies":"Blue Slaver","floor":13.0,"turns":3.0},{"damage":30.0,"enemies":"Hexaghost","floor":16.0,"turns":10.0},{"damage":8,"enemies":"Shell Parasite","floor":18,"turns":6},{"damage":4,"enemies":"3 Byrds","floor":21,"turns":3},{"damage":9,"enemies":"Book of Stabbing","floor":23,"turns":6},{"damage":22,"enemies":"Slavers","floor":24,"turns":6},{"damage":23,"enemies":"Gremlin Leader","floor":31,"turns":7},{"damage":37,"enemies":"Champ","floor":33,"turns":13},{"damage":0,"enemies":"3 Shapes","floor":35,"turns":5},{"damage":54,"enemies":"Nemesis","floor":42,"turns":9}],"seed_played":"-7335429178766369774","potions_obtained":[{"floor":4.0,"key":"Explosive Potion"},{"floor":6.0,"key":"Dexterity Potion"},{"floor":12.0,"key":"Weak Potion"},{"floor":13.0,"key":"Fruit Juice"},{"floor":16,"key":"Explosive Potion"},{"floor":21,"key":"Swift Potion"},{"floor":31,"key":"Regen Potion"}],"is_trial":false,"path_per_floor":["M","M","?","M","$","E","R","?","T","E","M","M","M","?","R","B",null,"M","$","?","M","T","E","E","R","T","?","?","T","R","E","R","B",null,"M","?","?","$","?","R","?","E"],"character_chosen":"IRONCLAD","items_purchased":["Bronze Scales","Feel No Pain","Blood Vial","Energy Potion","Magic Flower","Swift Potion"],"campfire_rested":5,"item_purchase_floors":[5,5,19,19,38,38],"current_hp_per_floor":[74,80,80,82,82,38,62,62,62,49,32,28,26,26,52,28,72,70,70,43,43,43,40,26,38,38,38,28,28,42,27,41,24,42,48,48,48,48,48,48,48,0],"gold":0,"neow_bonus":"TEN_PERCENT_HP_BONUS","is_prod":false,"is_daily":false,"chose_seed":false,"campfire_upgraded":1,"win_rate":0,"timestamp":1551078536,"path_taken":["M","M","?","M","$","E","R","?","T","E","M","M","M","?","R","BOSS","BOSS","M","?","?","M","?","E","E","R","T","?","?","?","R","E","R","BOSS","M","?","?","$","?","R","?","E"],"build_version":"2019-01-23","purchased_purges":1,"victory":false,"max_hp_per_floor":[82,82,82,82,82,82,82,82,82,82,82,82,87,87,87,87,87,87,87,43,43,43,43,43,43,43,43,48,48,48,48,48,48,48,48,48,48,48,48,48,48,48],"card_choices":[{"not_picked":["Rage","True Grit"],"picked":"Clothesline","floor":1.0},{"not_picked":["Sword Boomerang","Perfected Strike"],"picked":"Disarm","floor":2.0},{"not_picked":["Anger","Wild Strike"],"picked":"Uppercut","floor":4.0},{"not_picked":["Heavy Blade","Uppercut"],"picked":"Iron Wave","floor":6.0},{"not_picked":["Whirlwind","Headbutt"],"picked":"True Grit","floor":10.0},{"not_picked":["Power Through","Clash"],"picked":"Shrug It Off","floor":11.0},{"not_picked":["Shockwave","Armaments"],"picked":"Juggernaut","floor":12.0},{"not_picked":["Pommel Strike","Armaments","Infernal Blade"],"picked":"SKIP","floor":13.0},{"not_picked":["Bludgeon","Brutality"],"picked":"Demon Form","floor":16},{"not_picked":["Cleave","Sever Soul","Headbutt+1"],"picked":"SKIP","floor":18},{"not_picked":["Thunderclap","Anger"],"picked":"Cleave","floor":21},{"not_picked":["Pommel Strike","Infernal Blade","Searing Blow"],"picked":"SKIP","floor":23},{"not_picked":["Twin Strike","Exhume","Inflame"],"picked":"SKIP","floor":24},{"not_picked":["Second Wind","Demon Form"],"picked":"Warcry","floor":31},{"not_picked":["Feed","Exhume"],"picked":"Reaper","floor":33},{"not_picked":["Uppercut+1","Wild Strike+1"],"picked":"Shrug It Off","floor":35},{"not_picked":["Metamorphosis","Madness"],"picked":"Dark Shackles","floor":39}],"player_experience":556515,"relics_obtained":[{"floor":6.0,"key":"Pen Nib"},{"floor":9.0,"key":"Juzu Bracelet"},{"floor":10.0,"key":"Whetstone"},{"floor":22,"key":"WingedGreaves"},{"floor":23,"key":"MawBank"},{"floor":24,"key":"Ginger"},{"floor":26,"key":"Torii"},{"floor":29,"key":"Vajra"},{"floor":31,"key":"PreservedInsect"}],"event_choices":[{"damage_healed":0.0,"max_hp_gain":0.0,"max_hp_loss":0.0,"gold_gain":150.0,"event_name":"Liars Game","player_choice":"AGREE","floor":3.0,"gold_loss":0.0,"damage_taken":0.0,"cards_obtained":["Doubt"]},{"damage_healed":0.0,"max_hp_gain":0.0,"max_hp_loss":0.0,"gold_gain":0.0,"event_name":"Living Wall","player_choice":"Grow","floor":8.0,"gold_loss":0.0,"damage_taken":0.0,"cards_upgraded":["Clothesline"]},{"damage_healed":0.0,"max_hp_gain":0.0,"max_hp_loss":0.0,"gold_gain":0.0,"event_name":"Match and Keep!","player_choice":"1 cards matched","floor":14.0,"gold_loss":0.0,"damage_taken":0.0,"cards_obtained":["Clothesline"]},{"damage_healed":0,"gold_gain":0,"player_choice":"Became a Ghost","damage_taken":0,"max_hp_gain":0,"max_hp_loss":44,"event_name":"Ghosts","floor":20,"gold_loss":0,"cards_obtained":["Ghostly","Ghostly","Ghostly"]},{"damage_healed":0,"gold_gain":0,"player_choice":"Opened","damage_taken":0,"relics_obtained":["War Paint"],"max_hp_gain":0,"max_hp_loss":0,"event_name":"The Mausoleum","floor":27,"gold_loss":0,"cards_obtained":["Writhe"]},{"damage_healed":0,"gold_gain":0,"player_choice":"Shed Blood","damage_taken":15,"max_hp_gain":5,"max_hp_loss":0,"event_name":"Forgotten Altar","floor":28,"gold_loss":0},{"damage_healed":0,"gold_gain":0,"player_choice":"Ignored","damage_taken":0,"max_hp_gain":0,"max_hp_loss":0,"event_name":"Mysterious Sphere","floor":36,"gold_loss":0},{"cards_removed":["Writhe"],"damage_healed":0,"gold_gain":0,"player_choice":"Offered Curse","damage_taken":0,"relics_obtained":["Spirit Poop"],"max_hp_gain":0,"max_hp_loss":0,"event_name":"Bonfire Elementals","floor":37,"gold_loss":0},{"damage_healed":0,"gold_gain":0,"player_choice":"Memory 1","damage_taken":0,"max_hp_gain":0,"max_hp_loss":0,"event_name":"SensoryStone","floor":39,"gold_loss":0},{"damage_healed":0,"gold_gain":0,"player_choice":"Paid","damage_taken":0,"relics_obtained":["Red Mask"],"max_hp_gain":0,"max_hp_loss":0,"event_name":"Tomb of Lord Red Mask","floor":41,"gold_loss":44}],"is_beta":false,"boss_relics":[{"not_picked":["Sozu","Calling Bell"],"picked":"Runic Dome"},{"not_picked":["Fusion Hammer","Coffee Dripper"],"picked":"Eternal Feather"}],"items_purged_floors":[5],"is_endless":false,"potions_floor_spawned":[4,6,12,13,16,21,31],"killed_by":"Nemesis","ascension_level":16}