{"gold_per_floor":[116,131,151,1,12,12,41,41,41,116,116,116,3,13,13,112,112,130,143,158,158,158,158,83,83,83,100,100,132,145,163,163,163],"floor_reached":33,"playtime":1380,"items_purged":["Decay"],"score":360,"play_id":"ea38dedd-e507-4166-865e-7882e1b4066e","local_time":"20180909151453","is_ascension_mode":true,"campfire_choices":[{"data":"Hologram","floor":6,"key":"SMITH"},{"data":"Go for the Eyes","floor":12,"key":"SMITH"},{"floor":15,"key":"REST"},{"data":"Fission","floor":23,"key":"SMITH"},{"data":"Capacitor","floor":28,"key":"SMITH"},{"floor":32,"key":"REST"}],"neow_cost":"NONE","seed_source_timestamp":184705890689042,"circlet_count":0,"master_deck":["Strike_B","Strike_B","Strike_B","Strike_B","Defend_B","Defend_B","Defend_B","Defend_B","Zap+1","Dualcast","Defragment+1","Hologram+1","Go for the Eyes+1","All For One","Cold Snap","Coolheaded","Capacitor+1","Gash","Beam Cell","Fission+1","Steam","Barrage","Conserve Battery","Beam Cell+1","Double Energy","Chill+1","Glacier","White Noise","Hologram+1"],"relics":["Cracked Core","Ornamental Fan","Bottled Tornado","Orrery","NlothsMask","Sundial"],"potions_floor_usage":[19,19,20,31],"damage_taken":[{"damage":4,"enemies":"2 Louse","floor":1,"turns":3},{"damage":0,"enemies":"Cultist","floor":2,"turns":3},{"damage":13,"enemies":"Small Slimes","floor":3,"turns":3},{"damage":8,"enemies":"Blue Slaver","floor":5,"turns":2},{"damage":23,"enemies":"3 Sentries","floor":7,"turns":6},{"damage":14,"enemies":"Red Slaver","floor":14,"turns":2},{"damage":9,"enemies":"The Guardian","floor":16,"turns":10},{"damage":7,"enemies":"Chosen","floor":18,"turns":5},{"damage":13,"enemies":"2 Thieves","floor":19,"turns":4},{"damage":33,"enemies":"Snake Plant","floor":20,"turns":5},{"damage":3,"enemies":"Centurion and Healer","floor":27,"turns":6},{"damage":19,"enemies":"Slavers","floor":29,"turns":9},{"damage":0,"enemies":"Sentry and Sphere","floor":30,"turns":7},{"damage":4,"enemies":"Snecko","floor":31,"turns":8},{"damage":38,"enemies":"Automaton","floor":33,"turns":10}],"seed_played":"818723797867562869","potions_obtained":[{"floor":7,"key":"FearPotion"},{"floor":16,"key":"Strength Potion"},{"floor":18,"key":"SpeedPotion"},{"floor":30,"key":"SkillPotion"},{"floor":31,"key":"SpeedPotion"}],"is_trial":false,"path_per_floor":["M","M","M","$","M","R","E","?","T","?","?","R","$","M","R","B",null,"M","M","M","?","?","R","$","?","T","M","R","E","M","M","R"],"character_chosen":"DEFECT","items_purchased":["All For One","Capacitor","Gash"],"campfire_rested":2,"item_purchase_floors":[4,13,13],"current_hp_per_floor":[64,64,51,51,43,43,20,20,20,20,20,20,20,6,28,19,61,54,41,8,8,33,33,33,33,33,30,30,11,11,7,29,0],"gold":163,"neow_bonus":"UPGRADE_CARD","is_prod":false,"is_daily":false,"chose_seed":false,"campfire_upgraded":4,"win_rate":0,"timestamp":1536498893,"path_taken":["M","M","M","$","M","R","E","?","T","?","?","R","$","M","R","BOSS","M","M","M","?","?","R","$","?","T","M","R","E","M","M","R","BOSS"],"build_version":"2018-09-06","purchased_purges":1,"victory":false,"max_hp_per_floor":[75,75,75,75,75,75,75,75,75,75,75,75,75,75,75,75,75,75,75,75,75,75,75,75,75,75,75,75,75,75,75,75,75],"card_choices":[{"not_picked":["Beam Cell","Leap"],"picked":"Defragment","floor":1},{"not_picked":["Streamline","Double Energy"],"picked":"Hologram","floor":2},{"not_picked":["Streamline","Recycle"],"picked":"Go for the Eyes","floor":3},{"not_picked":["Compile Driver","Streamline"],"picked":"Cold Snap","floor":5},{"not_picked":["Cold Snap","Ball Lightning"],"picked":"Coolheaded","floor":7},{"not_picked":["Force Field","Cold Snap"],"picked":"Beam Cell","floor":14},{"not_picked":["Echo Form","Seek"],"picked":"Fission","floor":16},{"not_picked":["Scrape","Stack"],"picked":"Steam","floor":17},{"not_picked":["Self Repair","Cold Snap"],"picked":"Barrage","floor":17},{"not_picked":["Tempest","Undo"],"picked":"Conserve Battery","floor":17},{"not_picked":["Sweeping Beam","Sunder"],"picked":"Beam Cell+1","floor":18},{"not_picked":["Barrage","Go for the Eyes+1"],"picked":"Double Energy","floor":19},{"not_picked":["Stack+1","Steam"],"picked":"Chill+1","floor":20},{"not_picked":["All For One","Go for the Eyes"],"picked":"Glacier","floor":27},{"not_picked":["Turbo","Streamline"],"picked":"White Noise","floor":29},{"not_picked":["Steam","Stack"],"picked":"Hologram+1","floor":30},{"not_picked":["Recycle","Beam Cell+1","Hologram"],"picked":"SKIP","floor":31}],"player_experience":395961,"relics_obtained":[{"floor":7,"key":"Ornamental Fan"},{"floor":9,"key":"Bottled Tornado"},{"floor":29,"key":"Sundial"}],"event_choices":[{"event_name":"Shining Light","player_choice":"Ignored","floor":8,"damage_taken":0},{"event_name":"Golden Wing","player_choice":"Gained Gold","floor":10,"damage_taken":0},{"event_name":"Living Wall","player_choice":"Grow","floor":11,"damage_taken":0},{"event_name":"Forgotten Altar","player_choice":"Smashed Altar","floor":21,"damage_taken":0},{"event_name":"The Library","player_choice":"Heal","floor":22,"damage_taken":0},{"event_name":"FaceTrader","player_choice":"Trade","floor":25,"damage_taken":0}],"is_beta":false,"boss_relics":[{"not_picked":["Astrolabe","Nuclear Battery"],"picked":"Orrery"}],"items_purged_floors":[24],"is_endless":false,"potions_floor_spawned":[7,16,18,30,31],"killed_by":"Automaton","ascension_level":7}