{"gold_per_floor":[114,189,189,189,201,201,231,231,254,24,42,57,57,72,72,146,146,159,177,177,187,207,207,207,241,241,241,47,47,47,47,47,121,121,131,5,19,35,35,35,67,167,167,167,167,167,167,186,186,186,186],"floor_reached":52,"playtime":2277,"items_purged":["Shame"],"score":1992,"play_id":"15621d3f-e113-477c-9c9a-c982899337c2","local_time":"20190220060031","is_ascension_mode":true,"campfire_choices":[{"data":"True Grit","floor":6.0,"key":"SMITH"},{"data":"Barricade","floor":13.0,"key":"SMITH"},{"data":"Feel No Pain","floor":15.0,"key":"SMITH"},{"data":"Impervious","floor":23.0,"key":"SMITH"},{"data":"Impervious","floor":27.0,"key":"SMITH"},{"data":"Ghostly Armor","floor":29.0,"key":"SMITH"},{"data":"Defend_R","floor":32.0,"key":"SMITH"},{"data":"Impervious","floor":40.0,"key":"SMITH"},{"data":"Entrench","floor":45.0,"key":"SMITH"},{"floor":47.0,"key":"REST"},{"data":"Secret Technique","floor":49,"key":"SMITH"}],"neow_cost":"NONE","seed_source_timestamp":282419133188400,"circlet_count":0,"master_deck":["AscendersBane","Bash+1","Feel No Pain+1","True Grit+1","Barricade+1","Dropkick+1","Body Slam+1","Impervious+1","Ghostly Armor+1","Rage+1","Decay","Body Slam+1","Impervious+1","Iron Wave+1","Impervious+1","Ghostly Armor","Reaper+1","Bludgeon+1","Power Through","Burning Pact","Exhume","Feel No Pain","Offering","Infernal Blade","Reckless Charge+1","Entrench+1","Secret Technique+1","Feel No Pain"],"special_seed":0,"relics":["Burning Blood","NeowsBlessing","The Courier","Regal Pillow","Molten Egg 2","Cursed Key","Question Card","Gremlin Horn","Ornamental Fan","Oddly Smooth Stone","Pandora\u0027s Box","Dream Catcher","Art of War","Prayer Wheel"],"potions_floor_usage":[],"damage_taken":[{"damage":0.0,"enemies":"Small Slimes","floor":1.0,"turns":1.0},{"damage":0.0,"enemies":"Jaw Worm","floor":5.0,"turns":1.0},{"damage":0.0,"enemies":"3 Sentries","floor":7.0,"turns":2.0},{"damage":0.0,"enemies":"2 Louse","floor":11.0,"turns":2.0},{"damage":43.0,"enemies":"Exordium Wildlife","floor":12.0,"turns":8.0},{"damage":8.0,"enemies":"2 Fungi Beasts","floor":14.0,"turns":5.0},{"damage":3.0,"enemies":"Slime Boss","floor":16.0,"turns":17.0},{"damage":20.0,"enemies":"Shell Parasite","floor":18.0,"turns":5.0},{"damage":5.0,"enemies":"Spheric Guardian","floor":19.0,"turns":7.0},{"damage":9.0,"enemies":"Snake Plant","floor":21.0,"turns":7.0},{"damage":8.0,"enemies":"Centurion and Healer","floor":22.0,"turns":8.0},{"damage":11.0,"enemies":"Slavers","floor":25.0,"turns":8.0},{"damage":0.0,"enemies":"Colosseum Slavers","floor":30.0,"turns":3.0},{"damage":15.0,"enemies":"Champ","floor":33.0,"turns":11.0},{"damage":12.0,"enemies":"Orb Walker","floor":35.0,"turns":4.0},{"damage":32.0,"enemies":"3 Darklings","floor":37.0,"turns":5.0},{"damage":0.0,"enemies":"Spire Growth","floor":38.0,"turns":3.0},{"damage":6.0,"enemies":"Giant Head","floor":41.0,"turns":5.0},{"damage":6.0,"enemies":"Mind Bloom Boss Battle","floor":42.0,"turns":5.0},{"damage":0.0,"enemies":"Writhing Mass","floor":48.0,"turns":6.0},{"damage":24,"enemies":"Time Eater","floor":50,"turns":12},{"damage":6,"enemies":"Donu and Deca","floor":51,"turns":13}],"seed_played":"-5083372917282356433","potions_obtained":[{"floor":1.0,"key":"Ancient Potion"},{"floor":11.0,"key":"SpeedPotion"},{"floor":33.0,"key":"SteroidPotion"},{"floor":35.0,"key":"SpeedPotion"}],"is_trial":false,"path_per_floor":["M","?","?","?","M","R","E","?","T","$","M","M","R","M","R","B",null,"M","M","T","M","M","R","?","E","T","R","$","R","?","?","R","B",null,"M","$","M","M","?","R","E","?","T","?","R","?","R","M","R","B","B",null],"character_chosen":"IRONCLAD","items_purchased":["Molten Egg 2","Oddly Smooth Stone","Dream Catcher"],"campfire_rested":1,"item_purchase_floors":[10,28,36],"current_hp_per_floor":[74,63,40,65,71,71,75,71,71,71,75,38,38,36,36,39,66,52,53,53,50,48,48,27,22,22,22,22,22,28,28,28,19,65,64,64,38,44,44,44,44,44,44,34,34,34,71,76,76,63,63],"gold":186,"neow_bonus":"THREE_ENEMY_KILL","is_prod":false,"is_daily":false,"chose_seed":false,"campfire_upgraded":10,"win_rate":0,"timestamp":1550613631,"path_taken":["M","?","?","?","?","R","E","?","T","$","M","M","R","M","R","BOSS","M","M","?","M","M","R","?","E","T","R","$","R","?","?","R","BOSS","M","$","M","M","?","R","E","?","T","?","R","?","R","M","R","BOSS","BOSS"],"build_version":"2019-02-06","purchased_purges":1,"victory":true,"max_hp_per_floor":[75,75,75,75,75,75,75,75,75,75,75,75,75,75,75,75,75,75,75,75,75,75,75,80,80,80,80,80,80,80,80,80,80,80,80,80,80,80,76,76,76,76,76,76,76,76,76,76,76,76,76],"card_choices":[{"not_picked":["Warcry","Shrug It Off"],"picked":"Feel No Pain","floor":1.0},{"not_picked":["Shrug It Off","Anger"],"picked":"True Grit","floor":5.0},{"not_picked":["Rupture","Headbutt"],"picked":"Barricade","floor":7.0},{"not_picked":["Clash+1","Clothesline+1"],"picked":"Pummel+1","floor":11.0},{"not_picked":["Uppercut+1","Heavy Blade+1"],"picked":"Dropkick+1","floor":12.0},{"not_picked":["Clash+1","Warcry"],"picked":"Body Slam+1","floor":14.0},{"not_picked":["Bludgeon+1","Juggernaut"],"picked":"Impervious","floor":16.0},{"not_picked":["Thunderclap+1","Anger+1"],"picked":"Ghostly Armor","floor":18.0},{"not_picked":["Clothesline+1","Cleave+1"],"picked":"Rage+1","floor":19.0},{"not_picked":["Twin Strike+1","Inflame","Thunderclap+1"],"picked":"Body Slam+1","floor":21.0},{"not_picked":["Twin Strike+1","Battle Trance+1","Evolve"],"picked":"Impervious","floor":22.0},{"not_picked":["Heavy Blade+1","Headbutt+1","Warcry","Burning Pact"],"picked":"SKIP","floor":25.0},{"not_picked":["Dark Embrace","Juggernaut","Barricade"],"picked":"Impervious","floor":33.0},{"not_picked":["Rage","Clash+1","Havoc"],"picked":"Reckless Charge+1","floor":35.0},{"not_picked":["Thunderclap+1","Anger+1","Blood for Blood+1","Shrug It Off+1"],"picked":"SKIP","floor":37.0},{"not_picked":["Heavy Blade+1","Headbutt+1","Clothesline+1","Wild Strike+1"],"picked":"SKIP","floor":38.0},{"not_picked":["Clash+1","Havoc","Wild Strike+1","Pommel Strike+1"],"picked":"SKIP","floor":41.0},{"not_picked":["Warcry","Corruption","Juggernaut"],"picked":"Entrench","floor":42.0},{"not_picked":["Master of Strategy","Violence","Forethought"],"picked":"Secret Technique","floor":44.0},{"not_picked":["Shrug It Off+1","Rage","Armaments"],"picked":"Feel No Pain","floor":48.0},{"not_picked":["Iron Wave+1","Fire Breathing+1","Wild Strike+1","Havoc"],"picked":"SKIP","floor":48.0}],"player_experience":731898,"relics_obtained":[{"floor":7.0,"key":"The Courier"},{"floor":9.0,"key":"Regal Pillow"},{"floor":20.0,"key":"Question Card"},{"floor":25.0,"key":"Gremlin Horn"},{"floor":26.0,"key":"Ornamental Fan"},{"floor":41.0,"key":"Art of War"},{"floor":42.0,"key":"Prayer Wheel"}],"event_choices":[{"damage_healed":0.0,"max_hp_gain":0.0,"max_hp_loss":0.0,"gold_gain":75.0,"event_name":"World of Goop","player_choice":"Gather Gold","floor":2.0,"gold_loss":0.0,"damage_taken":11.0},{"damage_healed":0.0,"max_hp_gain":0.0,"max_hp_loss":0.0,"gold_gain":0.0,"event_name":"Shining Light","player_choice":"Entered Light","floor":3.0,"gold_loss":0.0,"damage_taken":23.0,"cards_upgraded":["Defend_R","Bash"]},{"damage_healed":25.0,"max_hp_gain":0.0,"max_hp_loss":0.0,"gold_gain":0.0,"event_name":"Big Fish","player_choice":"Banana","floor":4.0,"gold_loss":0.0,"damage_taken":0.0},{"damage_healed":0.0,"max_hp_gain":0.0,"max_hp_loss":0.0,"gold_gain":0.0,"event_name":"The Woman in Blue","player_choice":"Bought 0 Potions","floor":8.0,"gold_loss":0.0,"damage_taken":0.0},{"damage_healed":0.0,"max_hp_gain":5.0,"max_hp_loss":0.0,"gold_gain":0.0,"event_name":"Forgotten Altar","player_choice":"Shed Blood","floor":24.0,"gold_loss":0.0,"damage_taken":26.0},{"damage_healed":0.0,"max_hp_gain":0.0,"max_hp_loss":0.0,"gold_gain":0.0,"event_name":"Colosseum","player_choice":"Fight","floor":30.0,"gold_loss":0.0,"damage_taken":0.0},{"damage_healed":0.0,"max_hp_gain":0.0,"max_hp_loss":0.0,"gold_gain":0.0,"event_name":"Colosseum","player_choice":"Fled From Nobs","floor":30.0,"gold_loss":0.0,"damage_taken":0.0},{"damage_healed":0.0,"max_hp_gain":0.0,"max_hp_loss":0.0,"gold_gain":0.0,"event_name":"The Library","player_choice":"Read","floor":31.0,"gold_loss":0.0,"damage_taken":0.0,"cards_obtained":["Iron Wave"]},{"damage_healed":0.0,"max_hp_gain":0.0,"max_hp_loss":4.0,"gold_gain":0.0,"event_name":"Winding Halls","player_choice":"Max HP","floor":39.0,"gold_loss":0.0,"damage_taken":0.0},{"damage_healed":0.0,"max_hp_gain":0.0,"max_hp_loss":0.0,"gold_gain":0.0,"event_name":"MindBloom","player_choice":"Fight","floor":42.0,"gold_loss":0.0,"damage_taken":0.0},{"damage_healed":0.0,"max_hp_gain":0.0,"max_hp_loss":0.0,"gold_gain":0.0,"event_name":"SensoryStone","player_choice":"Memory 3","floor":44.0,"gold_loss":0.0,"damage_taken":10.0},{"cards_removed":["Pummel"],"damage_healed":0.0,"max_hp_gain":0.0,"max_hp_loss":0.0,"gold_gain":0.0,"event_name":"Falling","player_choice":"Removed Attack","floor":46.0,"gold_loss":0.0,"damage_taken":0.0}],"is_beta":true,"boss_relics":[{"not_picked":["Eternal Feather","Sozu"],"picked":"Cursed Key"},{"not_picked":["Tiny House","Black Star"],"picked":"Pandora\u0027s Box"}],"items_purged_floors":[28],"is_endless":false,"potions_floor_spawned":[1,11,14,21,22,33,35,41,42],"ascension_level":20}