{"gold_per_floor":[110,133,147,158,177,177,207,224,270,43,43,59,77,5,5,100,100,114,54,54,71,30,30,30,45,45,45,45,45,62,62],"floor_reached":31,"playtime":2338,"items_purged":[],"score":276,"play_id":"a1b6f00e-73df-4810-a9f8-6123ba0ccc9e","local_time":"20190223233816","is_ascension_mode":true,"campfire_choices":[{"data":"Poisoned Stab","floor":6,"key":"SMITH"},{"data":"Outmaneuver","floor":11,"key":"SMITH"},{"floor":15,"key":"REST"},{"floor":23,"key":"REST"},{"floor":27,"key":"REST"}],"neow_cost":"NONE","seed_source_timestamp":123194335743586,"circlet_count":0,"master_deck":["Defend_G+1","Defend_G","Defend_G","Defend_G","Defend_G","Survivor","Neutralize","Backflip","Poisoned Stab+1","Quick Slash","Finisher","Noxious Fumes","Catalyst","Outmaneuver+1","Noxious Fumes","Quick Slash","Poisoned Stab","Leg Sweep","Poisoned Stab","Dodge and Roll+1","Unload","Slice+1","Sucker Punch","Crippling Poison","Predator+1","Bite","Bite","Bite","Bite","Bite","Dagger Spray"],"relics":["Ring of the Serpent","Snake Skull","Oddly Smooth Stone","Nunchaku","Juzu Bracelet","War Paint","Nilry\u0027s Codex"],"potions_floor_usage":[7,16,19,31],"damage_taken":[{"damage":1,"enemies":"Cultist","floor":1,"turns":5},{"damage":0,"enemies":"2 Louse","floor":3,"turns":2},{"damage":0,"enemies":"Small Slimes","floor":4,"turns":3},{"damage":7,"enemies":"Blue Slaver","floor":5,"turns":4},{"damage":12,"enemies":"Lagavulin","floor":7,"turns":7},{"damage":0,"enemies":"2 Fungi Beasts","floor":8,"turns":3},{"damage":15,"enemies":"Large Slime","floor":12,"turns":4},{"damage":17,"enemies":"Lots of Slimes","floor":13,"turns":3},{"damage":13,"enemies":"The Guardian","floor":16,"turns":9},{"damage":10,"enemies":"Spheric Guardian","floor":18,"turns":5},{"damage":31,"enemies":"2 Thieves","floor":19,"turns":3},{"damage":16,"enemies":"3 Cultists","floor":21,"turns":5},{"damage":0,"enemies":"Snecko","floor":25,"turns":4},{"damage":24,"enemies":"Centurion and Healer","floor":30,"turns":5},{"damage":28,"enemies":"Shelled Parasite and Fungi","floor":31,"turns":5}],"seed_played":"-2711925012953365762","potions_obtained":[{"floor":3,"key":"Poison Potion"},{"floor":7,"key":"SmokeBomb"},{"floor":12,"key":"Dexterity Potion"},{"floor":13,"key":"Regen Potion"},{"floor":21,"key":"GamblersBrew"},{"floor":30,"key":"SteroidPotion"}],"is_trial":false,"path_per_floor":["M","T","M","M","M","R","E","M","T","$","R","M","M","$","R","B",null,"M","M","?","M","$","R","$","M","T","R","?","?","M","M"],"character_chosen":"THE_SILENT","items_purchased":["Catalyst","Outmaneuver","Noxious Fumes","Quick Slash","Poisoned Stab","Dodge and Roll","Crippling Poison"],"campfire_rested":3,"item_purchase_floors":[10,10,10,10,14,14,22],"current_hp_per_floor":[69,69,69,69,62,62,50,50,50,50,50,35,18,18,39,41,70,60,29,29,13,13,34,34,34,34,55,39,39,23,0],"gold":62,"neow_bonus":"RANDOM_COMMON_RELIC","is_prod":false,"is_daily":false,"chose_seed":false,"campfire_upgraded":2,"win_rate":0,"timestamp":1550936296,"path_taken":["M","?","M","M","M","R","E","M","T","?","R","M","M","$","R","BOSS","M","M","?","M","$","R","$","M","T","R","?","?","M","M"],"build_version":"2019-01-23","purchased_purges":0,"victory":false,"max_hp_per_floor":[70,70,70,70,70,70,70,70,70,70,70,70,70,70,70,70,70,70,70,70,70,70,70,70,70,70,70,70,49,49,49],"card_choices":[{"not_picked":["Dagger Throw","Eviscerate"],"picked":"Backflip","floor":1},{"not_picked":["Flying Knee","Prepared"],"picked":"Poisoned Stab","floor":3},{"not_picked":["Calculated Gamble","Underhanded Strike"],"picked":"Quick Slash","floor":4},{"not_picked":["PiercingWail","Outmaneuver"],"picked":"Finisher","floor":5},{"not_picked":["Heel Hook","All Out Attack"],"picked":"Noxious Fumes","floor":7},{"not_picked":["Masterful Stab","Acrobatics"],"picked":"A Thousand Cuts","floor":8},{"not_picked":["Bouncing Flask","Blur"],"picked":"Poisoned Stab","floor":12},{"not_picked":["Acrobatics","Quick Slash"],"picked":"Leg Sweep","floor":13},{"not_picked":["Storm of Steel","Glass Knife"],"picked":"Unload","floor":16},{"not_picked":["Well Laid Plans+1","Expertise"],"picked":"Slice+1","floor":18},{"not_picked":["Choke","Tactician"],"picked":"Sucker Punch","floor":21},{"not_picked":["Slice+1","Poisoned Stab"],"picked":"Predator+1","floor":25},{"not_picked":["Accuracy","Quick Slash"],"picked":"Dagger Spray","floor":30}],"player_experience":53937,"relics_obtained":[{"floor":2,"key":"Oddly Smooth Stone"},{"floor":7,"key":"Nunchaku"},{"floor":9,"key":"Juzu Bracelet"},{"floor":26,"key":"War Paint"},{"floor":28,"key":"Nilry\u0027s Codex"}],"event_choices":[{"cards_removed":["A Thousand Cuts"],"damage_healed":0,"gold_gain":0,"player_choice":"Card Removal","damage_taken":0,"max_hp_gain":0,"max_hp_loss":0,"event_name":"Wheel of Change","floor":20,"gold_loss":0},{"damage_healed":0,"gold_gain":0,"player_choice":"Obtained Book","damage_taken":16,"max_hp_gain":0,"max_hp_loss":0,"event_name":"Cursed Tome","floor":28,"gold_loss":0},{"damage_healed":0,"gold_gain":0,"player_choice":"Became a vampire","damage_taken":0,"max_hp_gain":0,"max_hp_loss":21,"event_name":"Vampires","floor":29,"gold_loss":0,"cards_obtained":["Bite","Bite","Bite","Bite","Bite"]}],"is_beta":false,"boss_relics":[{"not_picked":["Coffee Dripper","Empty Cage"],"picked":"Ring of the Serpent"}],"items_purged_floors":[],"is_endless":false,"potions_floor_spawned":[3,7,12,13,19,21,30],"killed_by":"Shelled Parasite and Fungi","ascension_level":1}