{"gold_per_floor":[116,116,191,191,204,204,229,229,279,312,12,55,55,55,55,55],"floor_reached":16,"playtime":351,"items_purged":[],"score":249,"play_id":"19b98bc2-31c5-4e5f-8f7f-1815b9d76a7d","local_time":"20190104201233","is_ascension_mode":true,"campfire_choices":[{"data":"Fiend Fire","floor":6.0,"key":"SMITH"},{"data":"Bash","floor":8.0,"key":"SMITH"},{"data":"Feel No Pain","floor":13,"key":"SMITH"},{"data":"Spot Weakness","floor":15,"key":"SMITH"}],"neow_cost":"NONE","seed_source_timestamp":1237233685971982,"circlet_count":0,"master_deck":["AscendersBane","Strike_R","Strike_R","Strike_R","Strike_R","Strike_R","Defend_R","Defend_R","Defend_R","Defend_R","Bash+1","Fiend Fire+1","Battle Trance","Disarm","Spot Weakness+1","Feel No Pain+1","Shrug It Off","Good Instincts","Iron Wave","Shrug It Off"],"special_seed":0,"relics":["Burning Blood","Golden Idol","Singing Bowl","Red Skull","Thread and Needle","Calipers"],"potions_floor_usage":[10,16],"damage_taken":[{"damage":7.0,"enemies":"Jaw Worm","floor":1.0,"turns":2.0},{"damage":0.0,"enemies":"Small Slimes","floor":5.0,"turns":4.0},{"damage":6.0,"enemies":"2 Louse","floor":7.0,"turns":2.0},{"damage":0,"enemies":"Lagavulin","floor":10,"turns":2},{"damage":21,"enemies":"Gremlin Nob","floor":12,"turns":4},{"damage":58,"enemies":"Slime Boss","floor":16,"turns":8}],"seed_played":"-5775929823490903940","potions_obtained":[{"floor":5.0,"key":"Swift Potion"},{"floor":7.0,"key":"PowerPotion"}],"is_trial":false,"path_per_floor":["M","?","?","?","M","R","M","R","T","E","$","E","R","$","R","B"],"character_chosen":"IRONCLAD","items_purchased":["Feel No Pain","Shrug It Off","Good Instincts","Iron Wave"],"campfire_rested":0,"item_purchase_floors":[11,11,11,11],"current_hp_per_floor":[67,67,56,51,59,59,59,59,59,65,65,50,50,50,50,0],"gold":55,"neow_bonus":"ONE_RANDOM_RARE_CARD","is_prod":false,"is_daily":false,"chose_seed":false,"campfire_upgraded":4,"win_rate":0,"timestamp":1546629153,"path_taken":["M","?","?","?","M","R","M","R","T","E","$","E","R","$","R","BOSS"],"build_version":"2019-01-03v3","purchased_purges":0,"victory":false,"max_hp_per_floor":[75,68,68,68,70,70,70,70,70,70,70,70,70,70,70,70],"card_choices":[{"not_picked":["Perfected Strike","Second Wind"],"picked":"Battle Trance","floor":1.0},{"not_picked":["Havoc","Rupture","Headbutt"],"picked":"Singing Bowl","floor":5.0},{"not_picked":["Exhume","Armaments"],"picked":"Disarm","floor":7.0},{"not_picked":["Rupture","Iron Wave"],"picked":"Spot Weakness","floor":10},{"not_picked":["Brutality","Thunderclap"],"picked":"Shrug It Off","floor":12}],"player_experience":818976,"relics_obtained":[{"floor":9.0,"key":"Red Skull"},{"floor":10,"key":"Thread and Needle"},{"floor":12,"key":"Calipers"}],"event_choices":[{"damage_healed":0.0,"max_hp_gain":0.0,"max_hp_loss":7.0,"gold_gain":0.0,"event_name":"Golden Idol","player_choice":"Lose Max HP","floor":2.0,"gold_loss":0.0,"damage_taken":0.0,"relics_obtained":["Golden Idol"]},{"damage_healed":0.0,"max_hp_gain":0.0,"max_hp_loss":0.0,"gold_gain":75.0,"event_name":"World of Goop","player_choice":"Gather Gold","floor":3.0,"gold_loss":0.0,"damage_taken":11.0},{"damage_healed":0.0,"max_hp_gain":0.0,"max_hp_loss":0.0,"gold_gain":0.0,"event_name":"Scrap Ooze","player_choice":"Success","floor":4.0,"gold_loss":0.0,"damage_taken":5.0,"relics_obtained":["Singing Bowl"]}],"is_beta":false,"boss_relics":[],"items_purged_floors":[],"is_endless":false,"potions_floor_spawned":[5,7],"killed_by":"Slime Boss","ascension_level":18}