{"gold_per_floor":[111,124,124,141,151,151,164,199,199,212,0,13,13,38,38,137,137,150,163,78,90,116,128,140,180,192,236,248,273,298,324,336,348],"floor_reached":33,"playtime":1072,"items_purged":["Strike_R"],"score":450,"play_id":"6cf6311d-74e1-4a19-90ad-81c2a56bb51d","local_time":"20181011210421","is_ascension_mode":true,"campfire_choices":[{"data":"Whirlwind","floor":6,"key":"SMITH"},{"data":"Armaments","floor":13,"key":"SMITH"},{"data":"Demon Form","floor":15,"key":"SMITH"},{"data":"Battle Trance","floor":23,"key":"SMITH"},{"floor":32,"key":"REST"}],"neow_cost":"NONE","seed_source_timestamp":118631562572682,"circlet_count":0,"master_deck":["Strike_R","Strike_R","Strike_R","Strike_R","Defend_R","Defend_R","Defend_R","Defend_R","Bash","AscendersBane","Reaper","Whirlwind+1","Flex","Evolve","Shrug It Off","Shrug It Off","Armaments+1","Disarm","Demon Form+1","Flame Barrier","True Grit","Limit Break","Battle Trance+1","Heavy Blade","Regret","Pummel","Ghostly Armor"],"relics":["Burning Blood","Mercury Hourglass","Ancient Tea Set","Vajra","Bottled Lightning","Cursed Key","MawBank","Red Mask","Shuriken","Ice Cream"],"potions_floor_usage":[8,22,27,30,30,33],"damage_taken":[{"damage":8,"enemies":"Jaw Worm","floor":1,"turns":5},{"damage":0,"enemies":"Small Slimes","floor":2,"turns":2},{"damage":6,"enemies":"Cultist","floor":4,"turns":3},{"damage":0,"enemies":"Lots of Slimes","floor":5,"turns":1},{"damage":0,"enemies":"Large Slime","floor":7,"turns":7},{"damage":27,"enemies":"Lagavulin","floor":8,"turns":7},{"damage":0,"enemies":"2 Fungi Beasts","floor":10,"turns":2},{"damage":9,"enemies":"Looter","floor":12,"turns":4},{"damage":13,"enemies":"Gremlin Nob","floor":14,"turns":4},{"damage":25,"enemies":"The Guardian","floor":16,"turns":12},{"damage":17,"enemies":"2 Thieves","floor":18,"turns":3},{"damage":12,"enemies":"Chosen","floor":19,"turns":4},{"damage":2,"enemies":"Centurion and Healer","floor":22,"turns":6},{"damage":16,"enemies":"Masked Bandits","floor":25,"turns":3},{"damage":61,"enemies":"Book of Stabbing","floor":27,"turns":6},{"damage":13,"enemies":"Cultist and Chosen","floor":29,"turns":5},{"damage":0,"enemies":"Chosen and Byrds","floor":30,"turns":4},{"damage":21,"enemies":"Snake Plant","floor":31,"turns":4},{"damage":47,"enemies":"Collector","floor":33,"turns":3}],"seed_played":"3988752642976206981","potions_obtained":[{"floor":1,"key":"SteroidPotion"},{"floor":5,"key":"SteroidPotion"},{"floor":8,"key":"LiquidBronze"},{"floor":19,"key":"Block Potion"},{"floor":25,"key":"AttackPotion"},{"floor":29,"key":"Strength Potion"},{"floor":30,"key":"LiquidBronze"}],"is_trial":false,"path_per_floor":["M","M","?","M","M","R","M","E","T","M","$","M","R","E","R","B",null,"M","M","?","$","M","R","$","?","T","E","?","M","M","M","R"],"character_chosen":"IRONCLAD","items_purchased":["Demon Form"],"campfire_rested":1,"item_purchase_floors":[11],"current_hp_per_floor":[74,80,68,72,78,78,80,59,59,65,65,69,69,78,78,80,80,69,63,63,63,80,80,80,70,70,24,24,17,23,15,39,0],"gold":348,"neow_bonus":"ONE_RANDOM_RARE_CARD","is_prod":false,"is_daily":false,"chose_seed":false,"campfire_upgraded":4,"win_rate":0,"timestamp":1539284661,"path_taken":["M","M","?","?","M","R","?","E","T","M","$","M","R","E","R","BOSS","M","M","?","$","M","R","$","?","T","E","?","?","?","M","R","BOSS"],"build_version":"2018-10-04v2","purchased_purges":1,"victory":false,"max_hp_per_floor":[80,80,80,80,80,80,80,80,80,80,80,80,80,80,80,80,80,80,80,80,80,80,80,80,80,80,80,80,80,80,80,80,80],"card_choices":[{"not_picked":["Infernal Blade","Burning Pact"],"picked":"Whirlwind","floor":1},{"not_picked":["Pommel Strike","Wild Strike"],"picked":"Flex","floor":2},{"not_picked":["Heavy Blade","Feel No Pain"],"picked":"Evolve","floor":4},{"not_picked":["Headbutt","Sword Boomerang"],"picked":"Shrug It Off","floor":5},{"not_picked":["Sentinel","Anger"],"picked":"Shrug It Off","floor":7},{"not_picked":["Bloodletting","Headbutt"],"picked":"Armaments","floor":8},{"not_picked":["Havoc","Power Through"],"picked":"Disarm","floor":10},{"not_picked":["Twin Strike","Reaper"],"picked":"Flame Barrier","floor":12},{"not_picked":["Uppercut","Sword Boomerang"],"picked":"True Grit","floor":14},{"not_picked":["Reaper","Exhume"],"picked":"Limit Break","floor":16},{"not_picked":["Clash","Feel No Pain","Infernal Blade"],"picked":"SKIP","floor":18},{"not_picked":["Pommel Strike","Clothesline"],"picked":"Battle Trance","floor":19},{"not_picked":["True Grit","Sever Soul"],"picked":"Heavy Blade","floor":22},{"not_picked":["Pommel Strike","Infernal Blade"],"picked":"Pummel","floor":27},{"not_picked":["Clothesline","Rampage","Pommel Strike"],"picked":"SKIP","floor":29},{"not_picked":["Thunderclap","Clash","Inflame"],"picked":"SKIP","floor":30},{"not_picked":["Limit Break","Body Slam"],"picked":"Ghostly Armor","floor":31}],"player_experience":504788,"relics_obtained":[{"floor":8,"key":"Ancient Tea Set"},{"floor":9,"key":"Vajra"},{"floor":14,"key":"Bottled Lightning"},{"floor":25,"key":"Red Mask"},{"floor":26,"key":"Shuriken"},{"floor":27,"key":"Ice Cream"}],"event_choices":[{"event_name":"Scrap Ooze","player_choice":"success","floor":3,"damage_taken":12},{"event_name":"Addict","player_choice":"Obtained Relic","floor":20,"damage_taken":0},{"event_name":"Masked Bandits","player_choice":"Fought Bandits","floor":25,"damage_taken":0},{"event_name":"Ghosts","player_choice":"Ignored","floor":28,"damage_taken":0}],"is_beta":false,"boss_relics":[{"not_picked":["Tiny House","Runic Cube"],"picked":"Cursed Key"}],"items_purged_floors":[11],"is_endless":false,"potions_floor_spawned":[1,5,8,19,25,29,30],"killed_by":"Collector","ascension_level":12}