{"gold_per_floor":[109,109,122,135,21,21,38,38,38,113,128,28,28,58,58,58],"floor_reached":16,"playtime":993,"items_purged":["Strike_R","Strike_R"],"score":180,"play_id":"826ef36c-b08a-44cb-849f-650506e18ded","local_time":"20181017150054","is_ascension_mode":true,"campfire_choices":[{"data":"Feed","floor":6,"key":"SMITH"},{"data":"Whirlwind","floor":8,"key":"SMITH"},{"data":"Rampage","floor":13,"key":"SMITH"},{"data":"Metallicize","floor":15,"key":"SMITH"}],"neow_cost":"CURSE","seed_source_timestamp":615324852261451,"circlet_count":0,"master_deck":["Strike_R","Strike_R","Strike_R","Defend_R","Defend_R","Defend_R","Defend_R","Bash","AscendersBane","Feed+1","Whirlwind+1","Reckless Charge","Evolve","Rampage+1","Headbutt","Metallicize+1"],"relics":["Burning Blood","Shuriken","Ornamental Fan"],"potions_floor_usage":[7,11,14,14,14],"damage_taken":[{"damage":6,"enemies":"Cultist","floor":1,"turns":4},{"damage":16,"enemies":"Jaw Worm","floor":3,"turns":5},{"damage":12,"enemies":"Small Slimes","floor":4,"turns":4},{"damage":9,"enemies":"Red Slaver","floor":7,"turns":3},{"damage":13,"enemies":"Exordium Thugs","floor":11,"turns":3},{"damage":17,"enemies":"Gremlin Nob","floor":14,"turns":4},{"damage":38,"enemies":"Hexaghost","floor":16,"turns":9}],"seed_played":"1140607366932385683","potions_obtained":[{"floor":1,"key":"FearPotion"},{"floor":3,"key":"EssenceOfSteel"},{"floor":7,"key":"EntropicBrew"}],"is_trial":false,"path_per_floor":["M","?","M","M","$","R","M","R","T","?","M","$","R","E","R"],"character_chosen":"IRONCLAD","items_purchased":["Rampage"],"campfire_rested":0,"item_purchase_floors":[5],"current_hp_per_floor":[71,71,64,61,61,61,62,62,62,51,48,48,48,37,37,0],"gold":58,"neow_bonus":"THREE_RARE_CARDS","is_prod":false,"is_daily":false,"chose_seed":false,"campfire_upgraded":4,"win_rate":0,"timestamp":1539781254,"path_taken":["M","?","?","M","?","R","?","R","T","?","M","$","R","E","R","BOSS"],"build_version":"2018-10-11","purchased_purges":2,"victory":false,"max_hp_per_floor":[78,75,78,81,81,81,85,85,85,85,89,89,89,89,89,89],"card_choices":[{"not_picked":["Bludgeon","Barricade"],"picked":"Feed","floor":0},{"not_picked":["Searing Blow","Headbutt"],"picked":"Whirlwind","floor":1},{"not_picked":["Seeing Red","Twin Strike"],"picked":"Reckless Charge","floor":3},{"not_picked":["Feel No Pain","Wild Strike"],"picked":"Evolve","floor":4},{"not_picked":["Headbutt","Thunderclap","Seeing Red"],"picked":"SKIP","floor":7},{"not_picked":["Thunderclap","Seeing Red"],"picked":"Headbutt","floor":7},{"not_picked":["Perfected Strike","Berserk","Flex"],"picked":"SKIP","floor":11},{"not_picked":["Sentinel","Pommel Strike"],"picked":"Metallicize","floor":14}],"player_experience":528232,"relics_obtained":[{"floor":9,"key":"Shuriken"},{"floor":14,"key":"Ornamental Fan"}],"event_choices":[{"event_name":"Living Wall","player_choice":"Forget","floor":2,"damage_taken":0},{"event_name":"World of Goop","player_choice":"Gather Gold","floor":10,"damage_taken":0}],"is_beta":false,"boss_relics":[],"items_purged_floors":[5,12],"is_endless":false,"potions_floor_spawned":[1,3,7],"killed_by":"Hexaghost","ascension_level":16}