{"gold_per_floor":[144,164,176,193,193,193,193,208,233,266,14,28,38,49,49,123,123,142,241,257,257,306,306,26,26,26,41,51,78,78,98,98,175,175,186,186,203,203,218,218,233,233,305,305,316,316,335,349,349,349],"floor_reached":50,"playtime":2943,"items_purged":["Strike_G"],"score":776,"play_id":"6a80665b-4af3-4bbc-b65d-2ec6e07b2cbb","local_time":"20181222150955","is_ascension_mode":true,"campfire_choices":[{"data":"Poisoned Stab","floor":6,"key":"SMITH"},{"data":"Footwork","floor":15,"key":"SMITH"},{"data":"Noxious Fumes","floor":23,"key":"SMITH"},{"data":"Bouncing Flask","floor":25,"key":"SMITH"},{"floor":30,"key":"REST"},{"data":"Deadly Poison","floor":32,"key":"SMITH"},{"floor":40,"key":"REST"},{"floor":42,"key":"REST"},{"data":"Caltrops","floor":44,"key":"SMITH"},{"data":"Crippling Poison","floor":46,"key":"SMITH"},{"floor":49,"key":"REST"}],"neow_cost":"NONE","seed_source_timestamp":93266575545091,"circlet_count":0,"master_deck":["AscendersBane","Defend_G+1","Defend_G+1","Defend_G+1","Defend_G+1","Defend_G+1","Strike_G+1","Strike_G+1","Strike_G+1","Survivor","Neutralize+1","PiercingWail","Poisoned Stab+1","Backflip","Caltrops+1","Tools of the Trade","Footwork+1","Dagger Spray","Poisoned Stab","Backflip","Noxious Fumes+1","Die Die Die","Crippling Poison+1","Deflect","Bouncing Flask+1","Underhanded Strike","Well Laid Plans+1","Deadly Poison+1","Deadly Poison","A Thousand Cuts+1","Dodge and Roll+1","Deadly Poison+1"],"relics":["Ring of the Snake","Tiny Chest","Anchor","Oddly Smooth Stone","Boot","Velvet Choker","Orichalcum","Medical Kit","Frozen Egg 2","Bronze Scales","Busted Crown","Blue Candle"],"potions_floor_usage":[10,10,29,33,41,50,50],"damage_taken":[{"damage":2,"enemies":"Cultist","floor":1,"turns":5},{"damage":4,"enemies":"Small Slimes","floor":2,"turns":5},{"damage":1,"enemies":"2 Louse","floor":3,"turns":3},{"damage":0,"enemies":"2 Fungi Beasts","floor":4,"turns":5},{"damage":0,"enemies":"Blue Slaver","floor":8,"turns":5},{"damage":5,"enemies":"Lagavulin","floor":10,"turns":9},{"damage":0,"enemies":"Looter","floor":12,"turns":3},{"damage":0,"enemies":"Exordium Wildlife","floor":13,"turns":2},{"damage":0,"enemies":"Gremlin Gang","floor":14,"turns":4},{"damage":6,"enemies":"The Guardian","floor":16,"turns":10},{"damage":0,"enemies":"Shell Parasite","floor":18,"turns":4},{"damage":10,"enemies":"Spheric Guardian","floor":20,"turns":5},{"damage":3,"enemies":"Centurion and Healer","floor":27,"turns":7},{"damage":0,"enemies":"Chosen and Byrds","floor":28,"turns":7},{"damage":21,"enemies":"Slavers","floor":29,"turns":4},{"damage":3,"enemies":"Snecko","floor":31,"turns":5},{"damage":29,"enemies":"Champ","floor":33,"turns":10},{"damage":8,"enemies":"3 Shapes","floor":35,"turns":3},{"damage":9,"enemies":"3 Darklings","floor":37,"turns":4},{"damage":0,"enemies":"Maw","floor":39,"turns":7},{"damage":14,"enemies":"4 Shapes","floor":41,"turns":4},{"damage":1,"enemies":"Sphere and 2 Shapes","floor":45,"turns":5},{"damage":18,"enemies":"Jaw Worm Horde","floor":47,"turns":3},{"damage":1,"enemies":"Maw","floor":48,"turns":6},{"damage":85,"enemies":"Awakened One","floor":50,"turns":9}],"seed_played":"-5677224324642570885","potions_obtained":[{"floor":1,"key":"EssenceOfSteel"},{"floor":3,"key":"Weak Potion"},{"floor":4,"key":"Ancient Potion"},{"floor":8,"key":"SteroidPotion"},{"floor":16,"key":"PowerPotion"},{"floor":20,"key":"PowerPotion"},{"floor":29,"key":"Strength Potion"},{"floor":31,"key":"Swift Potion"},{"floor":33,"key":"GamblersBrew"},{"floor":39,"key":"Poison Potion"},{"floor":48,"key":"Fire Potion"}],"is_trial":false,"path_per_floor":["M","M","M","M","?","R","?","M","T","E","$","M","M","M","R","B",null,"M","?","M","?","T","R","$","R","T","M","M","E","R","M","R","B",null,"M","?","M","T","M","R","M","R","T","R","M","R","M","M","R","B"],"character_chosen":"THE_SILENT","items_purchased":["Footwork","Dagger Spray","Poisoned Stab","Medical Kit","Bouncing Flask"],"campfire_rested":4,"item_purchase_floors":[11,11,11,24,24],"current_hp_per_floor":[61,57,56,56,31,31,31,31,31,26,26,26,26,26,26,20,58,58,58,48,48,48,48,48,48,48,45,45,24,45,42,42,13,56,48,48,39,39,39,60,46,67,67,67,66,66,48,47,68,0],"gold":349,"neow_bonus":"RANDOM_COMMON_RELIC","is_prod":false,"is_daily":false,"chose_seed":false,"campfire_upgraded":7,"win_rate":0,"timestamp":1545487795,"path_taken":["M","M","?","M","?","R","?","M","T","E","$","M","M","?","R","BOSS","M","?","M","?","?","R","?","R","T","M","M","E","R","M","R","BOSS","M","?","?","?","M","R","M","R","T","R","M","R","M","M","R","BOSS"],"build_version":"2018-12-20","purchased_purges":1,"victory":false,"max_hp_per_floor":[70,70,70,70,70,70,70,70,70,70,70,70,70,70,70,70,70,70,70,70,70,70,70,70,70,70,70,70,70,70,70,70,70,70,70,70,70,70,70,70,70,70,70,70,70,70,70,70,70,70],"card_choices":[{"not_picked":["Eviscerate","Slice"],"picked":"PiercingWail","floor":1},{"not_picked":["Slice","Escape Plan"],"picked":"Poisoned Stab","floor":2},{"not_picked":["Cloak And Dagger","Backstab"],"picked":"Backflip","floor":3},{"not_picked":["Acrobatics","Outmaneuver","PiercingWail"],"picked":"SKIP","floor":4},{"not_picked":["Underhanded Strike","Masterful Stab"],"picked":"Caltrops","floor":8},{"not_picked":["Bouncing Flask","Blade Dance"],"picked":"Tools of the Trade","floor":10},{"not_picked":["Sucker Punch","Infinite Blades","Cloak And Dagger"],"picked":"SKIP","floor":12},{"not_picked":["Setup","Skewer"],"picked":"Backflip","floor":13},{"not_picked":["Flying Knee","Dagger Throw"],"picked":"Noxious Fumes","floor":14},{"not_picked":["Bullet Time","After Image"],"picked":"Die Die Die","floor":16},{"not_picked":["Cloak And Dagger+1","Expertise"],"picked":"Crippling Poison","floor":18},{"not_picked":["Flechettes","All Out Attack"],"picked":"Deflect","floor":20},{"not_picked":["Blade Dance","Terror+1"],"picked":"Underhanded Strike","floor":27},{"not_picked":["Cloak And Dagger","Outmaneuver"],"picked":"Well Laid Plans+1","floor":28},{"not_picked":["Infinite Blades+1","Deflect"],"picked":"Deadly Poison","floor":29},{"not_picked":["Quick Slash","Dagger Throw"],"picked":"Deadly Poison","floor":31},{"not_picked":["Unload","Adrenaline"],"picked":"A Thousand Cuts+1","floor":33},{"not_picked":["Outmaneuver"],"picked":"SKIP","floor":35},{"not_picked":[],"picked":"Dodge and Roll+1","floor":37},{"not_picked":["Underhanded Strike+1"],"picked":"SKIP","floor":39},{"not_picked":["Quick Slash"],"picked":"SKIP","floor":41},{"not_picked":["Sucker Punch+1"],"picked":"SKIP","floor":45},{"not_picked":[],"picked":"Deadly Poison+1","floor":47},{"not_picked":["Distraction+1"],"picked":"SKIP","floor":48}],"player_experience":778082,"relics_obtained":[{"floor":9,"key":"Oddly Smooth Stone"},{"floor":10,"key":"Boot"},{"floor":22,"key":"Orichalcum"},{"floor":26,"key":"Frozen Egg 2"},{"floor":29,"key":"Bronze Scales"},{"floor":43,"key":"Blue Candle"}],"event_choices":[{"damage_healed":0,"gold_gain":0,"player_choice":"Success","damage_taken":25,"relics_obtained":["Anchor"],"max_hp_gain":0,"max_hp_loss":0,"event_name":"Scrap Ooze","floor":5,"gold_loss":0},{"damage_healed":0,"gold_gain":0,"player_choice":"Forge","damage_taken":0,"max_hp_gain":0,"max_hp_loss":0,"event_name":"Accursed Blacksmith","floor":7,"gold_loss":0,"cards_upgraded":["Neutralize"]},{"damage_healed":0,"gold_gain":99,"player_choice":"Stole From Cult","damage_taken":0,"max_hp_gain":0,"max_hp_loss":0,"event_name":"Nest","floor":19,"gold_loss":0},{"damage_healed":0,"gold_gain":0,"player_choice":"Simplicity","damage_taken":0,"max_hp_gain":0,"max_hp_loss":0,"event_name":"Back to Basics","floor":21,"gold_loss":0,"cards_upgraded":["Defend_G","Defend_G","Defend_G","Defend_G","Defend_G","Strike_G","Strike_G","Strike_G","Strike_G"]},{"cards_removed":["Strike_G"],"damage_healed":0,"gold_gain":0,"player_choice":"Purged","damage_taken":0,"max_hp_gain":0,"max_hp_loss":0,"event_name":"Purifier","floor":36,"gold_loss":0}],"is_beta":false,"boss_relics":[{"not_picked":["WristBlade","Pandora\u0027s Box"],"picked":"Velvet Choker"},{"not_picked":["White Beast Statue","Ring of the Serpent"],"picked":"Busted Crown"}],"items_purged_floors":[11],"is_endless":false,"potions_floor_spawned":[1,3,4,8,16,20,29,31,33,37,39,48],"killed_by":"Awakened One","ascension_level":13}