{"gold_per_floor":[115,115,127,138,109,138,138,138,207,6,24,36,36,54,54,159,159,178,178,228,243,263,263,291,311,381,398,398,55,74,74,74,174,224,234,250,57,67,86,86,1,1,1,1,13,32,44,63,63,63],"floor_reached":50,"playtime":7029,"items_purged":[],"score":522,"play_id":"fc6048e9-baeb-40f9-8cb2-b83ec5fd5fc9","local_time":"20190221005148","is_ascension_mode":false,"campfire_choices":[{"floor":8.0,"key":"REST"},{"floor":13.0,"key":"REST"},{"floor":15.0,"key":"REST"},{"data":"Seeing Red","floor":23.0,"key":"SMITH"},{"floor":28.0,"key":"REST"},{"data":"Shrug It Off","floor":32.0,"key":"SMITH"},{"floor":40,"key":"REST"},{"floor":44,"key":"REST"},{"floor":49,"key":"REST"}],"neow_cost":"","seed_source_timestamp":0,"circlet_count":0,"master_deck":["Strike_R+1","Strike_R+1","Strike_R+1","Strike_R+1","Strike_R+1","Defend_R+1","Defend_R+1","Defend_R+1","Defend_R+1","Bash","Seeing Red+1","Shrug It Off+1","Dropkick+1","Flex","Clothesline","Thunderclap+1","Whirlwind+1","Armaments","Flex","Flame Barrier","Searing Blow+1","Body Slam+1","Impervious","Warcry+1","Anger+1","Thunderclap+1","Uppercut+1","Cleave+1","Twin Strike+1","Pommel Strike+1","Iron Wave+1","Impervious","Warcry","Rampage+1","Thunderclap+1","Dodge and Roll","Mayhem","Headbutt+1","Pummel+1","Madness","Madness","Rage+1","Twin Strike+1","Coolheaded","Parasite","Deflect"],"special_seed":0,"relics":["Burning Blood","Mango","Molten Egg 2","Busted Crown","Red Skull","Kunai","Mummified Hand","Tiny House","PrismaticShard","Ginger"],"potions_floor_usage":[50,50],"damage_taken":[{"damage":2.0,"enemies":"2 Louse","floor":1.0,"turns":3.0},{"damage":5.0,"enemies":"Small Slimes","floor":3.0,"turns":4.0},{"damage":5.0,"enemies":"Cultist","floor":4.0,"turns":4.0},{"damage":21.0,"enemies":"Exordium Thugs","floor":5.0,"turns":5.0},{"damage":64.0,"enemies":"Gremlin Nob","floor":6.0,"turns":5.0},{"damage":14.0,"enemies":"Looter","floor":11.0,"turns":3.0},{"damage":14.0,"enemies":"Red Slaver","floor":12.0,"turns":5.0},{"damage":18.0,"enemies":"Lots of Slimes","floor":14.0,"turns":3.0},{"damage":62.0,"enemies":"The Guardian","floor":16.0,"turns":12.0},{"damage":5.0,"enemies":"3 Byrds","floor":18.0,"turns":3.0},{"damage":0.0,"enemies":"Spheric Guardian","floor":21.0,"turns":3.0},{"damage":18.0,"enemies":"Snake Plant","floor":22.0,"turns":3.0},{"damage":33.0,"enemies":"Book of Stabbing","floor":24.0,"turns":6.0},{"damage":20.0,"enemies":"Shelled Parasite and Fungi","floor":25.0,"turns":3.0},{"damage":0.0,"enemies":"Centurion and Healer","floor":27.0,"turns":3.0},{"damage":21.0,"enemies":"Snake Plant","floor":30.0,"turns":2.0},{"damage":64.0,"enemies":"Champ","floor":33.0,"turns":10.0},{"damage":0,"enemies":"3 Shapes","floor":35,"turns":3},{"damage":18,"enemies":"Orb Walker","floor":36,"turns":3},{"damage":22,"enemies":"Maw","floor":38,"turns":9},{"damage":35,"enemies":"Transient","floor":39,"turns":5},{"damage":21,"enemies":"Sphere and 2 Shapes","floor":45,"turns":5},{"damage":27,"enemies":"4 Shapes","floor":46,"turns":4},{"damage":9,"enemies":"Maw","floor":47,"turns":7},{"damage":8,"enemies":"Writhing Mass","floor":48,"turns":4},{"damage":86,"enemies":"Awakened One","floor":50,"turns":14}],"seed_played":"3591293183887639398","potions_obtained":[{"floor":1.0,"key":"SneckoOil"},{"floor":5.0,"key":"Regen Potion"},{"floor":7.0,"key":"AttackPotion"},{"floor":7.0,"key":"Energy Potion"},{"floor":12.0,"key":"BloodPotion"},{"floor":25.0,"key":"GamblersBrew"},{"floor":30.0,"key":"FearPotion"},{"floor":33.0,"key":"Dexterity Potion"},{"floor":34,"key":"SneckoOil"},{"floor":36,"key":"Energy Potion"},{"floor":39,"key":"BloodPotion"},{"floor":47,"key":"Ancient Potion"}],"is_trial":false,"path_per_floor":["M","?","M","M","M","E","?","R","T","$","M","M","R","M","R","B",null,"M","?","?","M","M","R","E","M","T","M","R","$","M","?","R","B",null,"M","M","$","M","M","R","$","?","T","R","M","M","M","M","R","B"],"character_chosen":"IRONCLAD","items_purchased":["Thunderclap+1","Whirlwind+1","Armaments","Flex","Mummified Hand","Pommel Strike+1","Iron Wave+1","PrismaticShard","Headbutt+1","Pummel+1"],"campfire_rested":7,"item_purchase_floors":[10,10,10,10,29,29,29,37,41,41],"current_hp_per_floor":[80,80,80,80,65,21,21,49,49,49,41,33,61,49,77,30,94,94,94,94,94,82,82,55,41,41,47,75,75,60,94,94,36,99,99,87,87,71,42,71,71,59,59,88,73,52,49,47,76,0],"gold":63,"neow_bonus":"","is_prod":false,"is_daily":false,"chose_seed":false,"campfire_upgraded":2,"win_rate":0.0,"timestamp":1550681508,"path_taken":["M","?","M","M","M","E","?","R","T","$","M","?","R","M","R","BOSS","M","?","?","M","?","R","E","M","T","M","R","$","M","?","R","BOSS","M","M","$","M","?","R","$","?","T","R","M","M","M","M","R","BOSS"],"build_version":"2019-01-23","purchased_purges":0,"victory":false,"max_hp_per_floor":[80,80,80,80,80,94,94,94,94,94,94,94,94,94,94,94,94,94,94,94,94,94,94,94,94,94,94,94,94,94,94,94,94,99,99,99,99,99,99,99,99,99,99,99,99,99,99,99,99,99],"card_choices":[{"not_picked":["Searing Blow","Iron Wave"],"picked":"Seeing Red","floor":1.0},{"not_picked":["True Grit","Infernal Blade"],"picked":"Shrug It Off","floor":3.0},{"not_picked":["Inflame","True Grit"],"picked":"Dropkick","floor":4.0},{"not_picked":["Ghostly Armor","Power Through"],"picked":"Flex","floor":5.0},{"not_picked":["Flex","Berserk"],"picked":"Clothesline","floor":6.0},{"not_picked":["Thunderclap+1","Shrug It Off"],"picked":"Flame Barrier","floor":11.0},{"not_picked":["Rupture","Clash+1"],"picked":"Searing Blow+1","floor":12.0},{"not_picked":["Shrug It Off","Clothesline+1"],"picked":"Body Slam+1","floor":14.0},{"not_picked":["Dark Embrace","Demon Form"],"picked":"Impervious","floor":16.0},{"not_picked":[],"picked":"Warcry+1","floor":18.0},{"not_picked":[],"picked":"Anger+1","floor":21.0},{"not_picked":[],"picked":"Thunderclap+1","floor":22.0},{"not_picked":[],"picked":"Uppercut+1","floor":24.0},{"not_picked":[],"picked":"Cleave+1","floor":25.0},{"not_picked":[],"picked":"Twin Strike+1","floor":27.0},{"not_picked":[],"picked":"Flame Barrier","floor":30.0},{"not_picked":[],"picked":"Impervious","floor":33.0},{"not_picked":[],"picked":"Warcry","floor":34},{"not_picked":[],"picked":"Rampage+1","floor":35},{"not_picked":[],"picked":"Thunderclap+1","floor":36},{"not_picked":[],"picked":"Dodge and Roll","floor":38},{"not_picked":[],"picked":"Mayhem","floor":39},{"not_picked":[],"picked":"Rage+1","floor":45},{"not_picked":[],"picked":"Twin Strike+1","floor":46},{"not_picked":[],"picked":"Coolheaded","floor":47},{"not_picked":[],"picked":"Deflect","floor":48}],"player_experience":0,"relics_obtained":[{"floor":6.0,"key":"Mango"},{"floor":9.0,"key":"Molten Egg 2"},{"floor":24.0,"key":"Red Skull"},{"floor":26.0,"key":"Kunai"},{"floor":43,"key":"Ginger"}],"event_choices":[{"damage_healed":0.0,"max_hp_gain":0.0,"max_hp_loss":0.0,"gold_gain":0.0,"event_name":"The Cleric","player_choice":"Leave","floor":2.0,"gold_loss":0.0,"damage_taken":0.0},{"damage_healed":0.0,"max_hp_gain":0.0,"max_hp_loss":0.0,"gold_gain":0.0,"event_name":"Lab","player_choice":"Got Potions","floor":7.0,"gold_loss":0.0,"damage_taken":0.0},{"damage_healed":0.0,"max_hp_gain":0.0,"max_hp_loss":0.0,"gold_gain":0.0,"event_name":"Back to Basics","player_choice":"Simplicity","floor":19.0,"gold_loss":0.0,"damage_taken":0.0,"cards_upgraded":["Strike_R","Strike_R","Strike_R","Strike_R","Strike_R","Defend_R","Defend_R","Defend_R","Defend_R"]},{"damage_healed":0.0,"max_hp_gain":0.0,"max_hp_loss":0.0,"gold_gain":100.0,"event_name":"The Joust","player_choice":"Bet on Murderer","floor":20.0,"gold_loss":50.0,"damage_taken":0.0},{"cards_removed":["Flame Barrier"],"damage_healed":34.0,"max_hp_gain":0.0,"max_hp_loss":0.0,"gold_gain":0.0,"event_name":"Bonfire Elementals","player_choice":"Offered Uncommon","floor":31.0,"gold_loss":0.0,"damage_taken":0.0},{"damage_healed":0,"gold_gain":0,"player_choice":"Embrace Madness","damage_taken":12,"max_hp_gain":0,"max_hp_loss":0,"event_name":"Winding Halls","floor":42,"gold_loss":0,"cards_obtained":["Madness","Madness"]}],"is_beta":false,"boss_relics":[{"not_picked":["Calling Bell","Mark of Pain"],"picked":"Busted Crown"},{"not_picked":["Snecko Eye","Sozu"],"picked":"Tiny House"}],"items_purged_floors":[],"is_endless":false,"potions_floor_spawned":[1,5,12,25,30,33,36,39,47],"killed_by":"Awakened One","ascension_level":0}