{"gold_per_floor":[118,135,152,172,17,17,35,35,82,82,82,82,82,93,93,198,198,211,211,211,265,276,276],"floor_reached":23,"playtime":1611,"items_purged":["Strike_R"],"score":281,"play_id":"fa90522d-72c7-4827-a30b-5a2ce25d5cba","local_time":"20190129223015","is_ascension_mode":true,"campfire_choices":[{"data":"Corruption","floor":6,"key":"SMITH"},{"data":"Feel No Pain","floor":11,"key":"SMITH"},{"data":"Bash","floor":13,"key":"SMITH"},{"floor":15,"key":"REST"}],"neow_cost":"TEN_PERCENT_HP_LOSS","seed_source_timestamp":14882017102203,"circlet_count":0,"master_deck":["AscendersBane","Strike_R","Defend_R","Defend_R","Defend_R","Defend_R","Bash+1","Metallicize","Feel No Pain+1","Havoc+1","Seeing Red","Corruption+1","Burning Pact","Twin Strike","RitualDagger","True Grit"],"special_seed":0,"relics":["Burning Blood","Regal Pillow","Velvet Choker","Vajra"],"potions_floor_usage":[4,16,16,22,22],"damage_taken":[{"damage":9.0,"enemies":"Jaw Worm","floor":1.0,"turns":6.0},{"damage":11.0,"enemies":"2 Louse","floor":2.0,"turns":3.0},{"damage":4.0,"enemies":"Small Slimes","floor":3.0,"turns":4.0},{"damage":25,"enemies":"Exordium Thugs","floor":4,"turns":7},{"damage":1,"enemies":"3 Louse","floor":7,"turns":6},{"damage":24,"enemies":"Large Slime","floor":14,"turns":19},{"damage":46,"enemies":"The Guardian","floor":16,"turns":10},{"damage":11,"enemies":"Shell Parasite","floor":18,"turns":6},{"damage":45,"enemies":"3 Byrds","floor":22,"turns":8},{"damage":14,"enemies":"Gremlin Leader","floor":23,"turns":2}],"seed_played":"4255513233003687667","potions_obtained":[{"floor":2.0,"key":"Strength Potion"},{"floor":7,"key":"Swift Potion"},{"floor":12,"key":"Poison Potion"},{"floor":14,"key":"AttackPotion"},{"floor":16,"key":"EssenceOfSteel"},{"floor":18,"key":"SteroidPotion"}],"is_trial":false,"path_per_floor":["?","?","?","M","?","?","T","M"],"character_chosen":"IRONCLAD","items_purchased":["Corruption"],"campfire_rested":1,"item_purchase_floors":[5],"current_hp_per_floor":[69,64,66,47,47,47,52,52,52,45,45,45,45,27,63,23,60,55,49,49,49,10,0],"gold":276,"neow_bonus":"REMOVE_TWO","is_prod":false,"is_daily":false,"chose_seed":false,"campfire_upgraded":3,"win_rate":0,"timestamp":1548772215,"path_taken":["M","M","M","M","$","R","M","?","T","?","R","?","R","?","R","BOSS","M","?","?","?","?","E"],"build_version":"2019-01-23","purchased_purges":1,"victory":false,"max_hp_per_floor":[72,72,72,72,72,72,72,72,72,72,72,72,72,72,72,72,72,72,72,72,72,72,72],"card_choices":[{"not_picked":["Headbutt","True Grit"],"picked":"Metallicize","floor":1.0},{"not_picked":["Pommel Strike","Disarm"],"picked":"Feel No Pain","floor":2.0},{"not_picked":["Barricade","Dual Wield"],"picked":"Havoc","floor":3.0},{"not_picked":["Heavy Blade","Anger"],"picked":"Seeing Red","floor":4},{"not_picked":["True Grit","Uppercut"],"picked":"Burning Pact","floor":7},{"not_picked":["Armaments","Hemokinesis"],"picked":"Twin Strike","floor":14},{"not_picked":["Flex","Clothesline+1","Battle Trance"],"picked":"SKIP","floor":18},{"not_picked":["Anger","Hemokinesis"],"picked":"True Grit","floor":22}],"player_experience":134924,"relics_obtained":[{"floor":9,"key":"Regal Pillow"},{"floor":21,"key":"Vajra"}],"event_choices":[{"damage_healed":0,"gold_gain":0,"player_choice":"Grow","damage_taken":0,"max_hp_gain":0,"max_hp_loss":0,"event_name":"Living Wall","floor":8,"gold_loss":0,"cards_upgraded":["Havoc"]},{"cards_removed":["Strike_R"],"damage_healed":0,"gold_gain":0,"player_choice":"Card Removal","damage_taken":7,"max_hp_gain":0,"max_hp_loss":0,"event_name":"Golden Wing","floor":10,"gold_loss":0},{"damage_healed":0,"gold_gain":0,"player_choice":"Got Potions","damage_taken":0,"max_hp_gain":0,"max_hp_loss":0,"event_name":"Lab","floor":12,"gold_loss":0},{"damage_healed":0,"gold_gain":0,"player_choice":"Joined the Cult","damage_taken":6,"max_hp_gain":0,"max_hp_loss":0,"event_name":"Nest","floor":19,"gold_loss":0,"cards_obtained":["RitualDagger"]},{"damage_healed":0,"gold_gain":0,"player_choice":"Ignored","damage_taken":0,"max_hp_gain":0,"max_hp_loss":0,"event_name":"Vampires","floor":20,"gold_loss":0}],"is_beta":false,"boss_relics":[{"not_picked":["Busted Crown","Astrolabe"],"picked":"Velvet Choker"}],"items_purged_floors":[5],"is_endless":false,"potions_floor_spawned":[2,7,14,16,18],"killed_by":"Gremlin Leader","ascension_level":11}