{"gold_per_floor":[111,123,141,141,153,153,29,49,49,49,67,67,67,94,94,189,189,177,177,77,94,94,94,123,123,176,196,223,138,166,176,176,176],"floor_reached":33,"playtime":1309,"items_purged":["Defend_B","Strike_B"],"score":412,"play_id":"e6e7abab-da1b-4601-aa27-3b0c0b38580e","local_time":"20180907193824","is_ascension_mode":true,"campfire_choices":[{"floor":6,"key":"REST"},{"floor":13,"key":"REST"},{"data":"Hologram","floor":15,"key":"SMITH"},{"floor":23,"key":"REST"},{"floor":25,"key":"REST"},{"floor":32,"key":"REST"}],"neow_cost":"PERCENT_DAMAGE","seed_source_timestamp":27783019340626,"circlet_count":0,"master_deck":["Strike_B","Defend_B","Defend_B","Zap","Dualcast","Coolheaded","Hologram","Gash","Hologram+1","Conserve Battery","Beam Cell","Gash","Reinforced Body","Steam","All For One","Beam Cell+1","Leap","Go for the Eyes","Self Repair","Rebound+1","Hologram","Streamline+1"],"relics":["Cracked Core","Dream Catcher","Potion Belt","Ornamental Fan","Black Star","Strawberry","Omamori","Art of War","Molten Egg 2","Matryoshka","Cables","Symbiotic Virus","Sundial"],"potions_floor_usage":[5,14,16,24,28,30,33],"damage_taken":[{"damage":7,"enemies":"Jaw Worm","floor":1,"turns":4},{"damage":0,"enemies":"Cultist","floor":2,"turns":4},{"damage":1,"enemies":"2 Louse","floor":3,"turns":2},{"damage":8,"enemies":"Exordium Thugs","floor":5,"turns":4},{"damage":3,"enemies":"2 Fungi Beasts","floor":8,"turns":5},{"damage":5,"enemies":"Looter","floor":11,"turns":3},{"damage":13,"enemies":"Gremlin Nob","floor":14,"turns":3},{"damage":35,"enemies":"The Guardian","floor":16,"turns":11},{"damage":4,"enemies":"2 Thieves","floor":18,"turns":4},{"damage":16,"enemies":"Spheric Guardian","floor":21,"turns":4},{"damage":17,"enemies":"Slavers","floor":24,"turns":6},{"damage":27,"enemies":"Snake Plant","floor":27,"turns":6},{"damage":10,"enemies":"Book of Stabbing","floor":28,"turns":6},{"damage":12,"enemies":"Gremlin Leader","floor":30,"turns":6},{"damage":11,"enemies":"Chosen and Byrds","floor":31,"turns":6},{"damage":93,"enemies":"Champ","floor":33,"turns":11}],"seed_played":"3596079906323740948","potions_obtained":[{"floor":1,"key":"Energy Potion"},{"floor":5,"key":"Poison Potion"},{"floor":8,"key":"Regen Potion"},{"floor":11,"key":"SpeedPotion"},{"floor":21,"key":"Block Potion"},{"floor":24,"key":"Dexterity Potion"},{"floor":30,"key":"Regen Potion"}],"is_trial":false,"path_per_floor":["M","M","M","?","M","R","$","M","T","?","M","?","R","E","R","B",null,"M","?","$","M","?","R","E","R","T","M","E","?","E","M","R"],"character_chosen":"DEFECT","items_purchased":["Conserve Battery"],"campfire_rested":5,"item_purchase_floors":[7],"current_hp_per_floor":[43,43,42,42,34,56,56,53,53,41,36,36,58,45,45,25,63,59,59,59,43,43,65,55,79,79,52,49,49,37,33,57,0],"gold":176,"neow_bonus":"REMOVE_TWO","is_prod":false,"is_daily":false,"chose_seed":false,"campfire_upgraded":1,"win_rate":0,"timestamp":1536341904,"path_taken":["M","M","M","?","M","R","$","M","T","?","M","?","R","E","R","BOSS","M","?","$","?","?","R","E","R","T","M","E","?","E","M","R","BOSS"],"build_version":"2018-09-06","purchased_purges":2,"victory":false,"max_hp_per_floor":[75,75,75,75,75,75,75,75,75,75,75,75,75,75,75,75,75,75,75,75,75,75,75,82,82,82,82,82,82,82,82,82,82],"card_choices":[{"not_picked":["Consume","Double Energy"],"picked":"Coolheaded","floor":1},{"not_picked":["Redo","Lockon"],"picked":"Hologram","floor":2},{"not_picked":["Conserve Battery","Scrape"],"picked":"Gash","floor":3},{"not_picked":["Sunder","Storm"],"picked":"Hologram","floor":5},{"not_picked":["Barrage","Scrape"],"picked":"Beam Cell","floor":8},{"not_picked":["Barrage","Leap"],"picked":"Gash","floor":11},{"not_picked":["Reprogram","Static Discharge"],"picked":"Steam","floor":14},{"not_picked":["Multi-Cast","Amplify"],"picked":"All For One","floor":16},{"not_picked":["Hologram+1","Storm"],"picked":"Beam Cell+1","floor":18},{"not_picked":["Stack","Streamline","Sunder"],"picked":"SKIP","floor":21},{"not_picked":["Steam","White Noise"],"picked":"Leap","floor":23},{"not_picked":["Conserve Battery","Steam Power","Compile Driver"],"picked":"SKIP","floor":24},{"not_picked":["Heatsinks","Defragment+1"],"picked":"Go for the Eyes","floor":25},{"not_picked":["Rebound","Beam Cell"],"picked":"Self Repair","floor":27},{"not_picked":["Auto Shields","Redo+1"],"picked":"Rebound","floor":28},{"not_picked":["Machine Learning","Beam Cell+1"],"picked":"Hologram","floor":30},{"not_picked":["Ball Lightning+1","Aggregate"],"picked":"Streamline+1","floor":31}],"player_experience":392658,"relics_obtained":[{"floor":9,"key":"Dream Catcher"},{"floor":14,"key":"Ornamental Fan"},{"floor":24,"key":"Strawberry"},{"floor":24,"key":"Omamori"},{"floor":26,"key":"Art of War"},{"floor":28,"key":"Molten Egg 2"},{"floor":28,"key":"Matryoshka"},{"floor":30,"key":"Symbiotic Virus"},{"floor":30,"key":"Sundial"}],"event_choices":[{"event_name":"Shining Light","player_choice":"Ignored","floor":4,"damage_taken":0},{"event_name":"Scrap Ooze","player_choice":"success","floor":10,"damage_taken":12},{"event_name":"Transmorgrifier","player_choice":"Transform","floor":12,"damage_taken":0},{"event_name":"Ghosts","player_choice":"Ignored","floor":19,"damage_taken":0},{"event_name":"Vampires","player_choice":"Ignored","floor":22,"damage_taken":0},{"event_name":"Addict","player_choice":"Obtained Relic","floor":29,"damage_taken":0}],"is_beta":false,"boss_relics":[{"not_picked":["Ectoplasm","Nuclear Battery"],"picked":"Black Star"}],"items_purged_floors":[7,20],"is_endless":false,"potions_floor_spawned":[1,5,8,11,21,24,30],"killed_by":"Champ","ascension_level":7}