{"gold_per_floor":[110,110,110,123,185,216,216,250,274,274,290,290,18,31,31,135,135,152,163,176,192,205,205,218,218,218,218,231,1,1,20,20,116,116,135,0,0,999,287,287,619,638,638,638,653,653],"floor_reached":46,"playtime":3745,"items_purged":["Normality"],"score":608,"play_id":"990f6a6c-2385-4344-b851-d437371400fb","local_time":"20190225213148","is_ascension_mode":true,"campfire_choices":[{"floor":7,"key":"REST"},{"floor":10,"key":"REST"},{"data":"Immolate","floor":15,"key":"SMITH"},{"floor":23,"key":"REST"},{"floor":25,"key":"REST"},{"floor":27,"key":"REST"},{"data":"Shrug It Off","floor":32,"key":"SMITH"},{"data":"Armaments","floor":40,"key":"SMITH"}],"neow_cost":"NONE","seed_source_timestamp":286998455230619,"circlet_count":0,"master_deck":["Strike_R","Strike_R","Strike_R","Strike_R","Defend_R","Defend_R","Defend_R","Bash+1","Warcry+1","Immolate+1","Body Slam","Pummel","Whirlwind","Armaments+1","Disarm","Flame Barrier","Barricade","Havoc","Shrug It Off","Feel No Pain","True Grit","Whirlwind","Shrug It Off+1","Ghostly Armor","Clothesline+1","Second Wind+1","Corruption","Shrug It Off","Spot Weakness","Havoc","Impervious","Heavy Blade+1","Shrug It Off","Intimidate","Carnage","Panacea","Panache","Heavy Blade+1","Heavy Blade+1","Fiend Fire+1"],"relics":["Burning Blood","Bronze Scales","Vajra","Red Skull","Ancient Tea Set","Orrery","Dead Branch","Strawberry","Empty Cage","Red Mask","Membership Card","Pen Nib","Nunchaku","Old Coin","Molten Egg 2"],"potions_floor_usage":[19,21,31,33,33,45],"damage_taken":[{"damage":2,"enemies":"Small Slimes","floor":1,"turns":4},{"damage":1,"enemies":"Cultist","floor":4,"turns":3},{"damage":38,"enemies":"Lagavulin","floor":6,"turns":5},{"damage":26,"enemies":"3 Sentries","floor":8,"turns":5},{"damage":6,"enemies":"Jaw Worm","floor":11,"turns":2},{"damage":0,"enemies":"3 Louse","floor":14,"turns":1},{"damage":53,"enemies":"Hexaghost","floor":16,"turns":9},{"damage":12,"enemies":"Chosen","floor":18,"turns":5},{"damage":19,"enemies":"Spheric Guardian","floor":19,"turns":5},{"damage":24,"enemies":"Snake Plant","floor":20,"turns":5},{"damage":20,"enemies":"Cultist and Chosen","floor":21,"turns":6},{"damage":25,"enemies":"Shelled Parasite and Fungi","floor":22,"turns":4},{"damage":27,"enemies":"Centurion and Healer","floor":24,"turns":8},{"damage":5,"enemies":"Cultist and Chosen","floor":28,"turns":7},{"damage":11,"enemies":"Chosen and Byrds","floor":31,"turns":6},{"damage":78,"enemies":"Automaton","floor":33,"turns":12},{"damage":7,"enemies":"Orb Walker","floor":35,"turns":4},{"damage":51,"enemies":"Reptomancer","floor":41,"turns":7},{"damage":20,"enemies":"3 Shapes","floor":42,"turns":2},{"damage":35,"enemies":"Transient","floor":45,"turns":5}],"seed_played":"-6052289771678944836","potions_obtained":[{"floor":4,"key":"SneckoOil"},{"floor":6,"key":"Weak Potion"},{"floor":11,"key":"BloodPotion"},{"floor":18,"key":"Fruit Juice"},{"floor":19,"key":"PowerPotion"},{"floor":28,"key":"Block Potion"},{"floor":42,"key":"Weak Potion"}],"is_trial":false,"path_per_floor":["M","?","?","M","?","E","R","E","T","R","M","?","$","M","R","B",null,"M","M","M","M","M","R","M","R","T","R","M","$","?","M","R","B",null,"M","?","?","?","$","R","E","M","T","?","M","M"],"character_chosen":"IRONCLAD","items_purchased":["Ancient Tea Set","Armaments","Disarm","Strawberry","Spot Weakness","Membership Card","Shrug It Off","Intimidate","Carnage","Pen Nib","Nunchaku","Panacea","Panache"],"campfire_rested":5,"item_purchase_floors":[13,13,13,29,29,39,39,39,39,39,39,39,39],"current_hp_per_floor":[88,88,88,88,88,56,82,62,62,88,88,88,88,88,88,41,88,82,74,56,51,32,59,38,65,65,92,93,100,100,95,95,23,100,99,99,99,99,99,99,54,40,40,40,11,0],"gold":653,"neow_bonus":"TEN_PERCENT_HP_BONUS","is_prod":false,"is_daily":false,"chose_seed":false,"campfire_upgraded":3,"win_rate":0,"timestamp":1551101508,"path_taken":["M","?","?","?","?","E","R","E","T","R","M","?","?","?","R","BOSS","M","M","M","M","M","R","M","R","T","R","?","?","?","M","R","BOSS","M","?","?","?","$","R","E","M","T","?","?","M"],"build_version":"2019-01-23","purchased_purges":1,"victory":false,"max_hp_per_floor":[88,88,88,88,88,88,88,88,88,88,88,88,88,88,88,88,88,88,93,93,93,93,93,93,93,93,93,93,100,100,100,100,100,100,100,100,100,100,100,100,100,100,100,100,100,100],"card_choices":[{"not_picked":["Clothesline","Flex"],"picked":"Warcry","floor":1},{"not_picked":["Cleave","Wild Strike"],"picked":"Immolate","floor":4},{"not_picked":["Dark Embrace","Perfected Strike"],"picked":"Body Slam","floor":6},{"not_picked":["Dropkick","Dual Wield"],"picked":"Pummel","floor":8},{"not_picked":["Heavy Blade","Body Slam"],"picked":"Whirlwind","floor":11},{"not_picked":["True Grit","Havoc"],"picked":"Flame Barrier","floor":14},{"not_picked":["Exhume","Double Tap"],"picked":"Barricade","floor":16},{"not_picked":["Warcry","Clash"],"picked":"Havoc","floor":17},{"not_picked":["Warcry","Thunderclap"],"picked":"Shrug It Off","floor":17},{"not_picked":["Sword Boomerang","Twin Strike"],"picked":"Feel No Pain","floor":17},{"not_picked":["Thunderclap","Anger"],"picked":"True Grit","floor":17},{"not_picked":["Heavy Blade","Combust"],"picked":"Whirlwind","floor":17},{"not_picked":["Clothesline","Iron Wave"],"picked":"Shrug It Off","floor":18},{"not_picked":["Body Slam","Wild Strike"],"picked":"Ghostly Armor","floor":19},{"not_picked":["Exhume","Flex"],"picked":"True Grit","floor":20},{"not_picked":["Warcry","Twin Strike"],"picked":"Clothesline+1","floor":21},{"not_picked":["Iron Wave+1","Dropkick"],"picked":"Second Wind+1","floor":22},{"not_picked":["Flex","Pommel Strike"],"picked":"Corruption","floor":24},{"not_picked":["Headbutt","Combust+1"],"picked":"Shrug It Off","floor":28},{"not_picked":["Fire Breathing","Thunderclap+1"],"picked":"Havoc","floor":31},{"not_picked":["Fiend Fire","Feed"],"picked":"Impervious","floor":33},{"not_picked":["Reckless Charge+1","Rampage+1"],"picked":"Heavy Blade+1","floor":35},{"not_picked":["Flex","Searing Blow"],"picked":"Heavy Blade+1","floor":41},{"not_picked":["Wild Strike","Perfected Strike"],"picked":"Heavy Blade+1","floor":42},{"not_picked":["Thunderclap+1","Clash+1"],"picked":"Fiend Fire+1","floor":45}],"player_experience":73529,"relics_obtained":[{"floor":6,"key":"Bronze Scales"},{"floor":8,"key":"Vajra"},{"floor":9,"key":"Red Skull"},{"floor":26,"key":"Dead Branch"},{"floor":41,"key":"Old Coin"},{"floor":43,"key":"Molten Egg 2"}],"event_choices":[{"damage_healed":0,"gold_gain":0,"player_choice":"Grow","damage_taken":0,"max_hp_gain":0,"max_hp_loss":0,"event_name":"Living Wall","floor":2,"gold_loss":0,"cards_upgraded":["Bash"]},{"damage_healed":0,"gold_gain":0,"player_choice":"Forge","damage_taken":0,"max_hp_gain":0,"max_hp_loss":0,"event_name":"Accursed Blacksmith","floor":3,"gold_loss":0,"cards_upgraded":["Warcry"]},{"damage_healed":0,"gold_gain":62,"player_choice":"Gained Gold","damage_taken":0,"max_hp_gain":0,"max_hp_loss":0,"event_name":"Golden Wing","floor":5,"gold_loss":0},{"damage_healed":0,"gold_gain":0,"player_choice":"Leave","damage_taken":0,"max_hp_gain":0,"max_hp_loss":0,"event_name":"The Cleric","floor":12,"gold_loss":0},{"damage_healed":0,"gold_gain":0,"player_choice":"Ignored","damage_taken":0,"max_hp_gain":0,"max_hp_loss":0,"event_name":"Beggar","floor":30,"gold_loss":0},{"damage_healed":0,"gold_gain":0,"player_choice":"Paid","damage_taken":0,"relics_obtained":["Red Mask"],"max_hp_gain":0,"max_hp_loss":0,"event_name":"Tomb of Lord Red Mask","floor":36,"gold_loss":135},{"cards_removed":["True Grit"],"damage_healed":0,"gold_gain":0,"player_choice":"Removed Skill","damage_taken":0,"max_hp_gain":0,"max_hp_loss":0,"event_name":"Falling","floor":37,"gold_loss":0},{"damage_healed":0,"gold_gain":999,"player_choice":"Gold","damage_taken":0,"max_hp_gain":0,"max_hp_loss":0,"event_name":"MindBloom","floor":38,"gold_loss":0,"cards_obtained":["Normality","Normality"]},{"cards_removed":["Normality"],"damage_healed":0,"gold_gain":0,"player_choice":"Purged","damage_taken":0,"max_hp_gain":0,"max_hp_loss":0,"event_name":"Purifier","floor":44,"gold_loss":0}],"is_beta":false,"boss_relics":[{"not_picked":["Sozu","Lizard Tail"],"picked":"Orrery"},{"not_picked":["Runic Dome","Coffee Dripper"],"picked":"Empty Cage"}],"items_purged_floors":[39],"is_endless":false,"potions_floor_spawned":[4,6,11,14,18,19,20,28,42],"killed_by":"4 Shapes","ascension_level":1}