{"gold_per_floor":[113,127,127,0,0,0,32,44,126,126,30,30,30,43,43,147,147,131,146,146,146,146,146,11,44,44,44,44],"floor_reached":28,"playtime":1270,"items_purged":["Defend_G","Shame"],"score":325,"play_id":"19289cb3-587e-4ed3-b68b-1bc666c40b70","local_time":"20190223155308","is_ascension_mode":true,"campfire_choices":[{"data":"Neutralize","floor":6,"key":"SMITH"},{"data":"Bullet Time","floor":10,"key":"SMITH"},{"floor":13,"key":"REST"},{"data":"Footwork","floor":15,"key":"SMITH"},{"floor":23,"key":"REST"},{"floor":27,"key":"REST"}],"neow_cost":"NONE","seed_source_timestamp":610714685394095,"circlet_count":0,"master_deck":["Defend_G","Defend_G","Defend_G","Defend_G","Strike_G","Strike_G","Strike_G","Strike_G","Survivor","Neutralize+1","Deadly Poison","Deadly Poison","Acrobatics","Bullet Time+1","Footwork+1","Footwork","Cloak And Dagger","Poisoned Stab","Burst","Clumsy","Backflip","PiercingWail","Writhe","Decay","Dash+1","Caltrops+1"],"relics":["Ring of the Snake","Dream Catcher","Mercury Hourglass","NlothsMask","Calling Bell","Ancient Tea Set","StoneCalendar","Molten Egg 2","Enchiridion","Ninja Scroll"],"potions_floor_usage":[7],"damage_taken":[{"damage":7,"enemies":"Cultist","floor":1,"turns":6},{"damage":3,"enemies":"2 Louse","floor":2,"turns":4},{"damage":33,"enemies":"3 Sentries","floor":7,"turns":10},{"damage":1,"enemies":"Small Slimes","floor":8,"turns":4},{"damage":0,"enemies":"2 Fungi Beasts","floor":14,"turns":3},{"damage":19,"enemies":"Hexaghost","floor":16,"turns":10},{"damage":23,"enemies":"2 Thieves","floor":18,"turns":4},{"damage":10,"enemies":"Shell Parasite","floor":19,"turns":7},{"damage":23,"enemies":"Gremlin Leader","floor":25,"turns":9},{"damage":48,"enemies":"Book of Stabbing","floor":28,"turns":10}],"seed_played":"-8288591669866230925","potions_obtained":[{"floor":2,"key":"SkillPotion"},{"floor":14,"key":"LiquidBronze"}],"is_trial":false,"path_per_floor":["M","M","?","$","?","R","E","M","T","R","$","?","R","M","R","B",null,"M","M","?","?","?","R","$","E","T","R","E"],"character_chosen":"THE_SILENT","items_purchased":["Acrobatics","Footwork","Cloak And Dagger","Dash+1"],"campfire_rested":3,"item_purchase_floors":[4,11,11,24],"current_hp_per_floor":[63,60,53,53,58,58,25,24,24,24,24,24,48,48,48,29,69,46,36,20,20,20,44,44,21,21,45,0],"gold":44,"neow_bonus":"TEN_PERCENT_HP_BONUS","is_prod":false,"is_daily":false,"chose_seed":false,"campfire_upgraded":3,"win_rate":0,"timestamp":1550933588,"path_taken":["M","?","?","$","?","R","E","M","T","R","$","?","R","M","R","BOSS","M","M","?","?","?","R","$","E","T","R","E"],"build_version":"2019-01-23","purchased_purges":2,"victory":false,"max_hp_per_floor":[77,77,77,77,82,82,82,82,82,82,82,82,82,82,82,82,82,82,82,82,82,82,82,82,82,82,82,82],"card_choices":[{"not_picked":["Sucker Punch","Underhanded Strike"],"picked":"Deadly Poison","floor":1},{"not_picked":["Infinite Blades","Bane"],"picked":"Deadly Poison","floor":2},{"not_picked":["Infinite Blades","Eviscerate"],"picked":"Bullet Time","floor":7},{"not_picked":["Bane","Sucker Punch"],"picked":"Footwork","floor":8},{"not_picked":["Deflect","Choke"],"picked":"Poisoned Stab","floor":14},{"not_picked":["Malaise","Die Die Die"],"picked":"Burst","floor":16},{"not_picked":["Eviscerate+1","Poisoned Stab+1"],"picked":"Backflip","floor":18},{"not_picked":["Quick Slash+1","Sucker Punch+1"],"picked":"PiercingWail","floor":19},{"not_picked":["Slice+1","Expertise"],"picked":"Caltrops+1","floor":25}],"player_experience":450471,"relics_obtained":[{"floor":7,"key":"Dream Catcher"},{"floor":9,"key":"Mercury Hourglass"},{"floor":17,"key":"Ancient Tea Set"},{"floor":17,"key":"StoneCalendar"},{"floor":17,"key":"Molten Egg 2"},{"floor":20,"key":"Enchiridion"},{"floor":25,"key":"Ninja Scroll"}],"event_choices":[{"cards_removed":["Strike_G"],"damage_healed":0,"gold_gain":0,"player_choice":"Card Removal","damage_taken":7,"max_hp_gain":0,"max_hp_loss":0,"event_name":"Golden Wing","floor":3,"gold_loss":0},{"damage_healed":0,"gold_gain":0,"player_choice":"Donut","damage_taken":0,"max_hp_gain":5,"max_hp_loss":0,"event_name":"Big Fish","floor":5,"gold_loss":0},{"damage_healed":0,"gold_gain":0,"player_choice":"Trade","damage_taken":0,"relics_obtained":["NlothsMask"],"max_hp_gain":0,"max_hp_loss":0,"event_name":"FaceTrader","floor":12,"gold_loss":0},{"damage_healed":0,"gold_gain":0,"player_choice":"Obtained Book","damage_taken":16,"max_hp_gain":0,"max_hp_loss":0,"event_name":"Cursed Tome","floor":20,"gold_loss":0},{"damage_healed":0,"gold_gain":0,"cards_transformed":["Doubt","Injury"],"player_choice":"Became Test Subject","damage_taken":0,"max_hp_gain":0,"max_hp_loss":0,"event_name":"Drug Dealer","floor":21,"gold_loss":0,"cards_obtained":["Writhe","Shame"]},{"damage_healed":0,"gold_gain":0,"player_choice":"Smashed Altar","damage_taken":0,"max_hp_gain":0,"max_hp_loss":0,"event_name":"Forgotten Altar","floor":22,"gold_loss":0,"cards_obtained":["Decay"]}],"is_beta":false,"boss_relics":[{"not_picked":["Coffee Dripper","HoveringKite"],"picked":"Calling Bell"}],"items_purged_floors":[4,24],"is_endless":false,"potions_floor_spawned":[2,14],"killed_by":"Book of Stabbing","ascension_level":8}