{"gold_per_floor":[117,29,45,45,45,73,73,73,73,89,107,17,42,53,53,130,130,147,16,33,33,33,33,60,73,99,99,126,126,126,152,152,152],"floor_reached":33,"playtime":879,"items_purged":[],"score":672,"play_id":"82801cbf-0b72-4106-be65-d467de4a2d74","local_time":"20190129202000","is_ascension_mode":true,"campfire_choices":[{"data":"Glass Knife","floor":7,"key":"SMITH"},{"data":"Bouncing Flask","floor":15,"key":"SMITH"},{"floor":23,"key":"REST"},{"floor":27,"key":"REST"},{"floor":30,"key":"REST"},{"data":"Noxious Fumes","floor":32,"key":"SMITH"}],"neow_cost":"NONE","seed_source_timestamp":190382587632881,"circlet_count":0,"master_deck":["AscendersBane","Defend_G","Defend_G","Defend_G","Defend_G","Defend_G","Strike_G","Strike_G","Strike_G","Strike_G","Survivor","Neutralize+1","Dagger Spray+1","Footwork","Sucker Punch","Glass Knife+1","Dodge and Roll","Crippling Poison","Well Laid Plans","Glass Knife","Bouncing Flask+1","Bullet Time","Noxious Fumes+1","Dodge and Roll","Footwork","Leg Sweep","Injury","Backflip"],"special_seed":0,"relics":["Ring of the Snake","NeowsBlessing","Du-Vu Doll","Bronze Scales","Gremlin Horn","Singing Bowl","Cursed Key","Bag of Preparation","Art of War","Tingsha","Whetstone"],"potions_floor_usage":[13,16,24,31,33],"damage_taken":[{"damage":0.0,"enemies":"Small Slimes","floor":1.0,"turns":1.0},{"damage":0.0,"enemies":"Cultist","floor":3.0,"turns":1.0},{"damage":0.0,"enemies":"Gremlin Nob","floor":6.0,"turns":1.0},{"damage":2,"enemies":"Jaw Worm","floor":10,"turns":2},{"damage":0,"enemies":"3 Louse","floor":11,"turns":2},{"damage":6,"enemies":"Lagavulin","floor":13,"turns":5},{"damage":1,"enemies":"Blue Slaver","floor":14,"turns":3},{"damage":40,"enemies":"Hexaghost","floor":16,"turns":7},{"damage":15,"enemies":"Spheric Guardian","floor":18,"turns":4},{"damage":15,"enemies":"2 Thieves","floor":20,"turns":3},{"damage":12,"enemies":"Slavers","floor":24,"turns":5},{"damage":23,"enemies":"Shelled Parasite and Fungi","floor":25,"turns":5},{"damage":19,"enemies":"Book of Stabbing","floor":28,"turns":6},{"damage":10,"enemies":"Slavers","floor":31,"turns":5},{"damage":71,"enemies":"Champ","floor":33,"turns":12}],"seed_played":"-8803932814732414970","potions_obtained":[{"floor":3.0,"key":"Energy Potion"},{"floor":10,"key":"Fire Potion"},{"floor":14,"key":"Strength Potion"},{"floor":18,"key":"Energy Potion"},{"floor":25,"key":"Weak Potion"},{"floor":28,"key":"Regen Potion"}],"is_trial":false,"path_per_floor":["M","$","M","$","?","E","R","T","T","M","M","$","E","M","R","B",null,"M","$","M","?","?","R","E","M","T","R","E","?","R","E","R","B"],"character_chosen":"THE_SILENT","items_purchased":["Footwork","Well Laid Plans","Noxious Fumes","Dodge and Roll"],"campfire_rested":3,"item_purchase_floors":[2,12,19,19],"current_hp_per_floor":[59,59,59,59,59,59,59,59,59,57,57,57,51,50,50,10,52,39,39,24,24,24,44,34,11,11,32,15,29,50,40,40,0],"gold":152,"neow_bonus":"THREE_ENEMY_KILL","is_prod":false,"is_daily":false,"chose_seed":false,"campfire_upgraded":3,"win_rate":0,"timestamp":1548789600,"path_taken":["M","$","M","$","?","E","R","?","T","?","?","$","E","M","R","BOSS","M","$","M","?","?","R","E","M","T","R","E","?","R","E","R","BOSS"],"build_version":"2019-01-23","purchased_purges":0,"victory":false,"max_hp_per_floor":[66,66,66,66,66,66,66,66,66,66,66,66,66,66,66,66,66,68,68,68,68,68,68,70,70,70,70,72,72,72,72,72,72],"card_choices":[{"not_picked":["Dagger Throw","PiercingWail"],"picked":"Dagger Spray","floor":1.0},{"not_picked":["Bullet Time","Accuracy"],"picked":"Sucker Punch","floor":3.0},{"not_picked":["Backstab","Bane"],"picked":"Glass Knife","floor":6},{"not_picked":["Bane","Outmaneuver"],"picked":"Dodge and Roll","floor":10},{"not_picked":["Underhanded Strike","Deadly Poison"],"picked":"Crippling Poison","floor":11},{"not_picked":["Flechettes","All Out Attack"],"picked":"Glass Knife","floor":13},{"not_picked":["Flechettes","Sucker Punch"],"picked":"Bouncing Flask","floor":14},{"not_picked":["Unload","Venomology"],"picked":"Bullet Time","floor":16},{"not_picked":["Poisoned Stab","Bane","Outmaneuver"],"picked":"Singing Bowl","floor":18},{"not_picked":["Blade Dance","Reflex"],"picked":"Footwork","floor":20},{"not_picked":["Outmaneuver","Setup+1","Cloak And Dagger"],"picked":"Singing Bowl","floor":24},{"not_picked":["Dagger Spray","Quick Slash"],"picked":"Leg Sweep","floor":25},{"not_picked":["Poisoned Stab","Quick Slash","PiercingWail"],"picked":"Singing Bowl","floor":28},{"not_picked":["Venomology","Bane"],"picked":"Backflip","floor":31}],"player_experience":943754,"relics_obtained":[{"floor":6,"key":"Du-Vu Doll"},{"floor":8,"key":"Bronze Scales"},{"floor":9,"key":"Gremlin Horn"},{"floor":13,"key":"Singing Bowl"},{"floor":24,"key":"Bag of Preparation"},{"floor":26,"key":"Art of War"},{"floor":28,"key":"Tingsha"},{"floor":31,"key":"Whetstone"}],"event_choices":[{"cards_removed":["Strike_G"],"damage_healed":0.0,"max_hp_gain":0.0,"max_hp_loss":0.0,"gold_gain":0.0,"event_name":"Purifier","player_choice":"Purged","floor":5.0,"gold_loss":0.0,"damage_taken":0.0},{"damage_healed":0,"gold_gain":0,"player_choice":"Ignored","damage_taken":0,"max_hp_gain":0,"max_hp_loss":0,"event_name":"Beggar","floor":21,"gold_loss":0},{"damage_healed":14,"gold_gain":0,"player_choice":"Heal","damage_taken":0,"max_hp_gain":0,"max_hp_loss":0,"event_name":"The Library","floor":29,"gold_loss":0}],"is_beta":false,"boss_relics":[{"not_picked":["Velvet Choker","Lizard Tail"],"picked":"Cursed Key"}],"items_purged_floors":[],"is_endless":false,"potions_floor_spawned":[3,10,14,18,20,25,28],"killed_by":"Champ","ascension_level":20}