{"gold_per_floor":[114,131,131,146,165,165,175,255,255,267,65,65,32,50,50,155,155,168,168,168,168,195,195,207,207,234,248,208,16,32,32,32,136,186,203,425,88,104,204,204,204,204,204,224,244,244,244,259,259,259],"floor_reached":50,"playtime":10433,"items_purged":["Strike_B+1"],"score":459,"play_id":"0cd40ba3-559d-440a-b4f7-f130db159342","local_time":"20190225132950","is_ascension_mode":false,"campfire_choices":[{"floor":6.0,"key":"REST"},{"floor":15.0,"key":"REST"},{"floor":23.0,"key":"REST"},{"floor":25.0,"key":"REST"},{"floor":32.0,"key":"REST"},{"floor":40.0,"key":"REST"},{"data":"Machine Learning","floor":46.0,"key":"SMITH"},{"floor":49.0,"key":"REST"}],"neow_cost":"NONE","seed_source_timestamp":0,"circlet_count":0,"master_deck":["Strike_B+1","Strike_B+1","Strike_B+1","Defend_B+1","Defend_B+1","Defend_B+1","Zap","Dualcast","Genetic Algorithm+1","Sweeping Beam","Conserve Battery","Self Repair","Sweeping Beam","Rainbow","Compile Driver+1","Machine Learning+1","Go for the Eyes","Beam Cell","Streamline+1","Darkness","Beam Cell+1","Machine Learning","Barrage","Streamline+1","Defragment+1","Melter","Self Repair+1","Streamline+1","Storm+1","Madness","Madness","Sweeping Beam+1"],"special_seed":0,"relics":["Cracked Core","Anchor","Matryoshka","Shuriken","Mummified Hand","ClockworkSouvenir","Lizard Tail","Red Mask","Meat on the Bone","Bronze Scales","Membership Card","Tiny House","Toolbox","Frozen Egg 2","Thread and Needle","Bottled Flame"],"potions_floor_usage":[],"damage_taken":[{"damage":0.0,"enemies":"Small Slimes","floor":1.0,"turns":2.0},{"damage":0.0,"enemies":"Cultist","floor":2.0,"turns":4.0},{"damage":0.0,"enemies":"Jaw Worm","floor":4.0,"turns":3.0},{"damage":13.0,"enemies":"2 Fungi Beasts","floor":5.0,"turns":3.0},{"damage":0.0,"enemies":"3 Louse","floor":7.0,"turns":3.0},{"damage":0.0,"enemies":"Large Slime","floor":10.0,"turns":5.0},{"damage":10.0,"enemies":"Exordium Wildlife","floor":14.0,"turns":6.0},{"damage":63.0,"enemies":"The Guardian","floor":16.0,"turns":12.0},{"damage":13.0,"enemies":"Spheric Guardian","floor":18.0,"turns":8.0},{"damage":61.0,"enemies":"Masked Bandits","floor":22.0,"turns":7.0},{"damage":0.0,"enemies":"3 Byrds","floor":24.0,"turns":4.0},{"damage":11.0,"enemies":"Sentry and Sphere","floor":27.0,"turns":5.0},{"damage":16.0,"enemies":"3 Cultists","floor":30.0,"turns":5.0},{"damage":18.0,"enemies":"Champ","floor":33.0,"turns":8.0},{"damage":16.0,"enemies":"3 Shapes","floor":35.0,"turns":5.0},{"damage":2.0,"enemies":"3 Darklings","floor":38.0,"turns":5.0},{"damage":34.0,"enemies":"Mind Bloom Boss Battle","floor":39.0,"turns":8.0},{"damage":0.0,"enemies":"Jaw Worm Horde","floor":41.0,"turns":2.0},{"damage":11.0,"enemies":"Writhing Mass","floor":44.0,"turns":6.0},{"damage":10.0,"enemies":"Spire Growth","floor":45.0,"turns":3.0},{"damage":14.0,"enemies":"3 Darklings","floor":48.0,"turns":4.0},{"damage":148,"enemies":"Awakened One","floor":50,"turns":10}],"seed_played":"-6053459624933963213","potions_obtained":[{"floor":1.0,"key":"FearPotion"},{"floor":5.0,"key":"Swift Potion"},{"floor":14.0,"key":"Poison Potion"},{"floor":22.0,"key":"Energy Potion"},{"floor":24.0,"key":"Weak Potion"},{"floor":28.0,"key":"EssenceOfSteel"},{"floor":28.0,"key":"SmokeBomb"},{"floor":28.0,"key":"GamblersBrew"},{"floor":33.0,"key":"Weak Potion"},{"floor":34.0,"key":"Dexterity Potion"},{"floor":38.0,"key":"Dexterity Potion"},{"floor":45.0,"key":"Fire Potion"}],"is_trial":false,"path_per_floor":["M","M","?","M","M","R","M","T","T","M","$","?","?","M","R","B",null,"M","?","?","?","?","R","M","R","T","M","?","$","M","$","R","B",null,"M","?","$","M","?","R","M","?","T","M","M","R","?","M","R","B"],"character_chosen":"DEFECT","items_purchased":["ClockworkSouvenir","Membership Card","Toolbox","Frozen Egg 2","Defragment+1","Melter"],"campfire_rested":7,"item_purchase_floors":[11,29,37,37,37,37],"current_hp_per_floor":[75,75,75,75,62,75,75,75,75,75,75,75,75,65,75,12,75,69,69,69,75,21,43,50,72,72,68,68,68,59,59,75,64,80,71,71,71,76,59,80,80,80,80,80,80,80,70,73,80,0],"gold":259,"neow_bonus":"RANDOM_COMMON_RELIC","is_prod":false,"is_daily":false,"chose_seed":false,"campfire_upgraded":1,"win_rate":0.0,"timestamp":1551119390,"path_taken":["M","M","?","?","M","R","M","?","T","M","$","?","?","M","R","BOSS","M","?","?","?","?","R","M","R","T","?","?","?","M","$","R","BOSS","M","?","$","M","?","R","M","?","T","M","?","R","?","M","R","BOSS"],"build_version":"2019-01-23","purchased_purges":1,"victory":false,"max_hp_per_floor":[75,75,75,75,75,75,75,75,75,75,75,75,75,75,75,75,75,75,75,75,75,75,75,75,75,75,75,75,75,75,75,75,75,80,80,80,80,80,80,80,80,80,80,80,80,80,80,80,80,80],"card_choices":[{"not_picked":["Rebound","Self Repair"],"picked":"Genetic Algorithm","floor":1.0},{"not_picked":["Gash","Steam"],"picked":"Sweeping Beam","floor":2.0},{"not_picked":["Leap","Sweeping Beam"],"picked":"Conserve Battery","floor":4.0},{"not_picked":["Storm","Conserve Battery"],"picked":"Self Repair","floor":5.0},{"not_picked":["Chaos","Leap"],"picked":"Sweeping Beam","floor":7.0},{"not_picked":["Conserve Battery","Stack"],"picked":"Rainbow","floor":10.0},{"not_picked":["Streamline","Go for the Eyes"],"picked":"Compile Driver","floor":14.0},{"not_picked":["Seek","Echo Form"],"picked":"Machine Learning","floor":16.0},{"not_picked":["Streamline","FTL+1"],"picked":"Go for the Eyes","floor":18.0},{"not_picked":["Aggregate","Gash+1"],"picked":"Beam Cell","floor":22.0},{"not_picked":["Rebound","Beam Cell"],"picked":"Streamline+1","floor":24.0},{"not_picked":["Go for the Eyes+1","Glacier"],"picked":"Darkness","floor":27.0},{"not_picked":["Barrage","Self Repair"],"picked":"Beam Cell+1","floor":30.0},{"not_picked":["Biased Cognition","Echo Form"],"picked":"Machine Learning","floor":33.0},{"not_picked":["Scrape+1","Hologram"],"picked":"Barrage","floor":34.0},{"not_picked":["Hologram+1","Stack+1"],"picked":"Streamline+1","floor":35.0},{"not_picked":["Redo","Genetic Algorithm"],"picked":"Self Repair+1","floor":38.0},{"not_picked":["Beam Cell","Blizzard+1"],"picked":"Streamline+1","floor":39.0},{"not_picked":["Beam Cell","Cold Snap+1"],"picked":"Storm+1","floor":44.0},{"not_picked":["Barrage","Beam Cell","Reprogram"],"picked":"SKIP","floor":45.0},{"not_picked":["Hologram+1","FTL"],"picked":"Sweeping Beam+1","floor":48.0}],"player_experience":153263,"relics_obtained":[{"floor":8.0,"key":"Matryoshka"},{"floor":9.0,"key":"Shuriken"},{"floor":9.0,"key":"Mummified Hand"},{"floor":22.0,"key":"Red Mask"},{"floor":26.0,"key":"Meat on the Bone"},{"floor":26.0,"key":"Bronze Scales"},{"floor":39.0,"key":"Thread and Needle"},{"floor":43.0,"key":"Bottled Flame"}],"event_choices":[{"damage_healed":0.0,"max_hp_gain":0.0,"max_hp_loss":0.0,"gold_gain":0.0,"event_name":"Accursed Blacksmith","player_choice":"Forge","floor":3.0,"gold_loss":0.0,"damage_taken":0.0,"cards_upgraded":["Genetic Algorithm"]},{"damage_healed":0.0,"max_hp_gain":0.0,"max_hp_loss":0.0,"gold_gain":0.0,"event_name":"Scrap Ooze","player_choice":"Fled","floor":12.0,"gold_loss":0.0,"damage_taken":0.0},{"damage_healed":0.0,"max_hp_gain":0.0,"max_hp_loss":0.0,"gold_gain":0.0,"event_name":"World of Goop","player_choice":"Left Gold","floor":13.0,"gold_loss":33.0,"damage_taken":0.0},{"damage_healed":0.0,"max_hp_gain":0.0,"max_hp_loss":0.0,"gold_gain":0.0,"event_name":"Back to Basics","player_choice":"Simplicity","floor":19.0,"gold_loss":0.0,"damage_taken":0.0,"cards_upgraded":["Strike_B","Strike_B","Strike_B","Strike_B","Defend_B","Defend_B","Defend_B","Defend_B"]},{"damage_healed":0.0,"max_hp_gain":0.0,"max_hp_loss":0.0,"gold_gain":0.0,"event_name":"Vampires","player_choice":"Ignored","floor":20.0,"gold_loss":0.0,"damage_taken":0.0},{"damage_healed":25.0,"max_hp_gain":0.0,"max_hp_loss":0.0,"gold_gain":0.0,"event_name":"The Library","player_choice":"Heal","floor":21.0,"gold_loss":0.0,"damage_taken":0.0},{"damage_healed":0.0,"max_hp_gain":0.0,"max_hp_loss":0.0,"gold_gain":0.0,"event_name":"Masked Bandits","player_choice":"Fought Bandits","floor":22.0,"gold_loss":0.0,"damage_taken":0.0},{"damage_healed":0.0,"max_hp_gain":0.0,"max_hp_loss":0.0,"gold_gain":0.0,"event_name":"The Woman in Blue","player_choice":"Bought 3 Potions","floor":28.0,"gold_loss":0.0,"damage_taken":0.0},{"damage_healed":0.0,"max_hp_gain":0.0,"max_hp_loss":0.0,"gold_gain":222.0,"event_name":"Tomb of Lord Red Mask","player_choice":"Wore Mask","floor":36.0,"gold_loss":0.0,"damage_taken":0.0},{"damage_healed":0.0,"max_hp_gain":0.0,"max_hp_loss":0.0,"gold_gain":0.0,"event_name":"MindBloom","player_choice":"Fight","floor":39.0,"gold_loss":0.0,"damage_taken":0.0},{"cards_removed":["Defend_B"],"damage_healed":0.0,"max_hp_gain":0.0,"max_hp_loss":0.0,"gold_gain":0.0,"event_name":"Falling","player_choice":"Removed Skill","floor":42.0,"gold_loss":0.0,"damage_taken":0.0},{"damage_healed":0.0,"max_hp_gain":0.0,"max_hp_loss":0.0,"gold_gain":0.0,"event_name":"Winding Halls","player_choice":"Embrace Madness","floor":47.0,"gold_loss":0.0,"damage_taken":10.0,"cards_obtained":["Madness","Madness"]}],"is_beta":false,"boss_relics":[{"not_picked":["Sozu","Calling Bell"],"picked":"Lizard Tail"},{"not_picked":["Snecko Eye","Fusion Hammer"],"picked":"Tiny House"}],"items_purged_floors":[37],"is_endless":false,"potions_floor_spawned":[1,5,14,22,24,33,38,41,45],"killed_by":"Awakened One","ascension_level":0}