{"gold_per_floor":[116,191,191,116,132,132,32,51,51,65,65,91,91,119,119,223,223,236,111,111,111,122,122,122,122,122,122,135,135,170,84,84,189,189,208,208,208,285,285,316,316,316,343,383,411,437,183,183,183,183],"floor_reached":51,"playtime":1729,"items_purged":["Strike_B","Strike_B","Redo+1","Bandage Up+1"],"score":1238,"play_id":"ce065971-d7ed-46a7-9aa8-def9d59c1dd5","local_time":"20180921165447","is_ascension_mode":true,"campfire_choices":[{"data":"Zap","floor":6,"key":"SMITH"},{"floor":11,"key":"REST"},{"data":"Leap","floor":15,"key":"SMITH"},{"floor":23,"key":"REST"},{"data":"Beam Cell","floor":25,"key":"SMITH"},{"data":"Beam Cell","floor":27,"key":"SMITH"},{"floor":29,"key":"REST"},{"data":"Scrape","floor":32,"key":"SMITH"},{"floor":42,"key":"REST"},{"data":"Buffer","floor":49,"key":"SMITH"}],"neow_cost":"TEN_PERCENT_HP_LOSS","seed_source_timestamp":520468224033901,"circlet_count":0,"master_deck":["AscendersBane","Gash","Steam+1","Gash","Gash","Leap+1","Steam Power+1","Conserve Battery+1","Seek+1","Genetic Algorithm+1","Beam Cell+1","Beam Cell+1","Gash","FTL","Hologram+1","Go for the Eyes","Scrape+1","Steam+1","Leap+1","Sweeping Beam+1","Hologram+1","Buffer+1"],"relics":["Cracked Core","Toxic Egg 2","Shuriken","Blue Candle","Pandora\u0027s Box","Dream Catcher","Kunai","Empty Cage","Mercury Hourglass","Orichalcum","MawBank","Mummified Hand"],"potions_floor_usage":[12,16,33,33,50],"damage_taken":[{"damage":1,"enemies":"Jaw Worm","floor":1,"turns":2},{"damage":1,"enemies":"Cultist","floor":5,"turns":3},{"damage":8,"enemies":"Small Slimes","floor":8,"turns":3},{"damage":23,"enemies":"Gremlin Gang","floor":10,"turns":4},{"damage":0,"enemies":"Lagavulin","floor":12,"turns":5},{"damage":19,"enemies":"3 Sentries","floor":14,"turns":6},{"damage":20,"enemies":"The Guardian","floor":16,"turns":11},{"damage":7,"enemies":"3 Byrds","floor":18,"turns":5},{"damage":18,"enemies":"2 Thieves","floor":22,"turns":4},{"damage":5,"enemies":"Centurion and Healer","floor":28,"turns":5},{"damage":33,"enemies":"Gremlin Leader","floor":30,"turns":4},{"damage":9,"enemies":"Champ","floor":33,"turns":6},{"damage":0,"enemies":"3 Shapes","floor":35,"turns":3},{"damage":17,"enemies":"Nemesis","floor":40,"turns":5},{"damage":0,"enemies":"Giant Head","floor":44,"turns":5},{"damage":0,"enemies":"3 Darklings","floor":45,"turns":3},{"damage":0,"enemies":"Spire Growth","floor":46,"turns":3},{"damage":0,"enemies":"Awakened One","floor":50,"turns":8}],"seed_played":"1711577072513752705","potions_obtained":[{"floor":8,"key":"Energy Potion"},{"floor":10,"key":"SpeedPotion"},{"floor":14,"key":"Explosive Potion"},{"floor":22,"key":"Explosive Potion"},{"floor":24,"key":"Regen Potion"},{"floor":24,"key":"Regen Potion"},{"floor":45,"key":"Fire Potion"},{"floor":46,"key":"Weak Potion"}],"is_trial":false,"path_per_floor":["M","?","?","$","M","R","$","M","T","M","R","E","$","E","R","B",null,"M","$","?","?","M","R","?","R","T","R","M","R","E","$","R","B",null,"M","?","$","T","$","E","?","R","T","E","M","M","$","?","R","B"],"character_chosen":"DEFECT","items_purchased":["Scrape","Steam+1","Hologram+1","Buffer"],"campfire_rested":4,"item_purchase_floors":[31,31,47,47],"current_hp_per_floor":[67,61,61,61,60,60,60,52,52,29,49,49,49,30,30,10,54,47,47,47,47,29,49,49,49,49,49,44,64,31,31,31,62,67,67,67,67,67,67,51,51,68,68,68,68,68,68,68,68,68],"gold":183,"neow_bonus":"TRANSFORM_TWO_CARDS","is_prod":false,"is_daily":false,"chose_seed":false,"campfire_upgraded":6,"win_rate":0,"timestamp":1537541687,"path_taken":["M","?","?","$","?","R","$","?","T","M","R","E","?","E","R","BOSS","M","$","?","?","M","R","?","R","T","R","M","R","E","?","R","BOSS","M","?","?","?","$","E","?","R","T","E","M","M","$","?","R","BOSS"],"build_version":"2018-09-20","purchased_purges":4,"victory":true,"max_hp_per_floor":[68,68,68,68,68,68,68,68,68,68,68,68,68,68,68,68,68,68,68,68,68,68,68,68,68,68,68,68,68,68,68,68,68,68,68,68,68,68,68,68,68,68,68,68,68,68,68,68,68,68],"card_choices":[{"not_picked":["Compile Driver","Leap"],"picked":"Gash","floor":1},{"not_picked":["Glacier","Barrage"],"picked":"Gash","floor":5},{"not_picked":["Coolheaded","Ball Lightning"],"picked":"Leap","floor":8},{"not_picked":["Electrodynamics","Compile Driver","Stack+1"],"picked":"SKIP","floor":10},{"not_picked":["Heatsinks","Sunder"],"picked":"Steam Power+1","floor":12},{"not_picked":["Double Energy+1","Consume+1"],"picked":"Conserve Battery+1","floor":14},{"not_picked":["Rainbow+1","Multi-Cast+1"],"picked":"Seek+1","floor":16},{"not_picked":["Go for the Eyes","Rip and Tear","Genetic Algorithm+1"],"picked":"SKIP","floor":18},{"not_picked":["Lockon","Fusion+1","Doom and Gloom+1"],"picked":"SKIP","floor":22},{"not_picked":["Streamline+1","Barrage+1"],"picked":"FTL","floor":28},{"not_picked":["Hello World+1","White Noise+1"],"picked":"Hologram+1","floor":29},{"not_picked":["Multi-Cast+1","Rip and Tear"],"picked":"Go for the Eyes","floor":30},{"not_picked":["Conserve Battery+1","Stack+1","Undo+1"],"picked":"SKIP","floor":35},{"not_picked":["Mind Blast","Purity+1"],"picked":"Bandage Up+1","floor":36},{"not_picked":["Redo+1","Sweeping Beam"],"picked":"Leap+1","floor":40},{"not_picked":["Beam Cell","Sweeping Beam+1","Ball Lightning+1"],"picked":"SKIP","floor":44},{"not_picked":["Beam Cell","Ball Lightning+1"],"picked":"Sweeping Beam+1","floor":44},{"not_picked":["Recycle+1","Coolheaded+1","Redo+1"],"picked":"SKIP","floor":45},{"not_picked":["Defragment+1","Sweeping Beam","Steam+1"],"picked":"SKIP","floor":46}],"player_experience":435380,"relics_obtained":[{"floor":9,"key":"Toxic Egg 2"},{"floor":12,"key":"Shuriken"},{"floor":14,"key":"Blue Candle"},{"floor":26,"key":"Dream Catcher"},{"floor":30,"key":"Kunai"},{"floor":38,"key":"Mercury Hourglass"},{"floor":40,"key":"Orichalcum"},{"floor":43,"key":"MawBank"},{"floor":44,"key":"Mummified Hand"}],"event_choices":[{"event_name":"FaceTrader","player_choice":"Touch","floor":2,"damage_taken":0},{"event_name":"Upgrade Shrine","player_choice":"Upgraded","floor":3,"damage_taken":0},{"event_name":"The Library","player_choice":"Read","floor":20,"damage_taken":0},{"event_name":"Ghosts","player_choice":"Ignored","floor":21,"damage_taken":0},{"event_name":"The Lab","player_choice":"Got Potions","floor":24,"damage_taken":0},{"event_name":"SensoryStone","player_choice":"Memory 1","floor":36,"damage_taken":0},{"event_name":"Tomb of Lord Red Mask","player_choice":"Ignored","floor":41,"damage_taken":0},{"event_name":"Mysterious Sphere","player_choice":"Ignore","floor":48,"damage_taken":0}],"is_beta":false,"boss_relics":[{"not_picked":["Tiny House","Coffee Dripper"],"picked":"Pandora\u0027s Box"},{"not_picked":["Cursed Key","Busted Crown"],"picked":"Empty Cage"}],"items_purged_floors":[4,7,19,47],"is_endless":false,"potions_floor_spawned":[8,10,14,22,30,45,46],"ascension_level":10}