{"gold_per_floor":[116,33,51,70,70,101,101,101,171,187,205,205,248,28,28,156,156,171,190,1,1,26,26,26],"floor_reached":24,"playtime":967,"items_purged":["Regret"],"score":278,"play_id":"edb483c4-1f83-4e34-8c31-8efabec8f4cf","local_time":"20180907200127","is_ascension_mode":true,"campfire_choices":[{"data":"Sunder","floor":7,"key":"SMITH"},{"data":"Zap","floor":12,"key":"SMITH"},{"data":"Thunder Strike","floor":15,"key":"SMITH"},{"floor":23,"key":"REST"}],"neow_cost":"NONE","seed_source_timestamp":29507642716220,"circlet_count":0,"master_deck":["Strike_B","Strike_B","Defend_B","Defend_B","Zap+1","Dualcast","Hello World","Sunder+1","Leap","Melter","Self Repair","Reinforced Body","Beam Cell","Gash","Leap+1","Thunder Strike+1","Creative AI","Chaos+1","Gash+1","All For One","Rebound","Auto Shields+1"],"relics":["Cracked Core","Bag of Preparation","Singing Bowl","Golden Idol","Bottled Tornado","Toxic Egg 2","Empty Cage"],"potions_floor_usage":[6,13,16,24,24],"damage_taken":[{"damage":9,"enemies":"Jaw Worm","floor":1,"turns":4},{"damage":0,"enemies":"2 Louse","floor":3,"turns":2},{"damage":1,"enemies":"Cultist","floor":4,"turns":3},{"damage":30,"enemies":"Lagavulin","floor":6,"turns":8},{"damage":3,"enemies":"Large Slime","floor":10,"turns":5},{"damage":3,"enemies":"Blue Slaver","floor":11,"turns":3},{"damage":19,"enemies":"3 Sentries","floor":13,"turns":5},{"damage":11,"enemies":"The Guardian","floor":16,"turns":13},{"damage":0,"enemies":"2 Thieves","floor":18,"turns":5},{"damage":15,"enemies":"Chosen","floor":19,"turns":6},{"damage":29,"enemies":"Shelled Parasite and Fungi","floor":22,"turns":4},{"damage":62,"enemies":"Gremlin Leader","floor":24,"turns":8}],"seed_played":"5796162150682774261","potions_obtained":[{"floor":1,"key":"EssenceOfSteel"},{"floor":10,"key":"Dexterity Potion"},{"floor":11,"key":"SpeedPotion"},{"floor":16,"key":"FearPotion"},{"floor":19,"key":"FearPotion"},{"floor":22,"key":"Regen Potion"}],"is_trial":false,"path_per_floor":["M","$","M","M","?","E","R","?","T","M","M","R","E","$","R","B",null,"M","M","$","?","M","R"],"character_chosen":"DEFECT","items_purchased":["Leap","Melter","Thunder Strike","All For One","Rebound"],"campfire_rested":1,"item_purchase_floors":[2,2,14,20,20],"current_hp_per_floor":[59,59,59,65,65,42,42,42,42,48,52,52,40,40,40,36,62,62,54,54,54,25,46,0],"gold":26,"neow_bonus":"TRANSFORM_CARD","is_prod":false,"is_daily":false,"chose_seed":false,"campfire_upgraded":3,"win_rate":0,"timestamp":1536343287,"path_taken":["M","$","M","M","?","E","R","?","T","M","M","R","E","$","R","BOSS","M","M","$","?","M","R","E"],"build_version":"2018-09-06","purchased_purges":1,"victory":false,"max_hp_per_floor":[75,75,75,75,75,75,75,69,69,71,71,71,71,71,71,71,71,71,71,71,71,71,71,71],"card_choices":[{"not_picked":["Go for the Eyes","Stack"],"picked":"Sunder","floor":1},{"not_picked":["Coolheaded","Redo"],"picked":"Self Repair","floor":3},{"not_picked":["Compile Driver","Fusion"],"picked":"Reinforced Body","floor":4},{"not_picked":["Multi-Cast","Chaos"],"picked":"Beam Cell","floor":6},{"not_picked":["Hologram","Reinforced Body","Reprogram"],"picked":"Singing Bowl","floor":10},{"not_picked":["Darkness","Scrape"],"picked":"Gash","floor":11},{"not_picked":["Recycle","Compile Driver"],"picked":"Leap","floor":13},{"not_picked":["Fission+1","Thunder Strike"],"picked":"Creative AI","floor":16},{"not_picked":["Conserve Battery+1","Turbo+1"],"picked":"Chaos+1","floor":18},{"not_picked":["Streamline","Darkness+1"],"picked":"Gash+1","floor":19},{"not_picked":["Beam Cell","Undo+1"],"picked":"Auto Shields+1","floor":22}],"player_experience":393967,"relics_obtained":[{"floor":6,"key":"Singing Bowl"},{"floor":9,"key":"Bottled Tornado"},{"floor":13,"key":"Toxic Egg 2"}],"event_choices":[{"event_name":"Big Fish","player_choice":"Box","floor":5,"damage_taken":0},{"event_name":"Golden Idol","player_choice":"Lose Max HP","floor":8,"damage_taken":0},{"event_name":"Purifier","player_choice":"One Purge","floor":21,"damage_taken":0}],"is_beta":false,"boss_relics":[{"not_picked":["Busted Crown","Coffee Dripper"],"picked":"Empty Cage"}],"items_purged_floors":[14],"is_endless":false,"potions_floor_spawned":[1,10,11,16,19,22],"killed_by":"Gremlin Leader","ascension_level":7}