{"gold_per_floor":[20,35,35,35,53,53,85,85,142,154,154,169,203,217,217,315,315,327,327,342,342,267,267,301,301,327,360,360,372,392,411,411,411],"floor_reached":33,"playtime":2733,"items_purged":[],"score":416,"play_id":"565178f0-129a-49a8-a31e-89501594e87c","local_time":"20190129102058","is_ascension_mode":true,"campfire_choices":[{"data":"Flex","floor":6.0,"key":"SMITH"},{"data":"Cleave","floor":8.0,"key":"SMITH"},{"data":"Pommel Strike","floor":11.0,"key":"SMITH"},{"data":"Ghostly Armor","floor":15.0,"key":"SMITH"},{"data":"Pummel","floor":23.0,"key":"SMITH"},{"data":"Double Tap","floor":25.0,"key":"SMITH"},{"floor":32,"key":"REST"}],"neow_cost":"NO_GOLD","seed_source_timestamp":0,"circlet_count":0,"master_deck":["Strike_R","Strike_R+1","Strike_R","Defend_R","Defend_R+1","Defend_R+1","Defend_R","Bash+1","Flex+1","Cleave+1","Combust","Reaper","Pommel Strike+1","Pummel+1","Ghostly Armor+1","Double Tap+1","Thunderclap+1"],"special_seed":0,"relics":["Burning Blood","Gambling Chip","Boot","Tiny Chest","Whetstone","Eternal Feather","Enchiridion","Happy Flower","War Paint","Bottled Flame"],"potions_floor_usage":[33,33],"damage_taken":[{"damage":4.0,"enemies":"Small Slimes","floor":1.0,"turns":4.0},{"damage":1.0,"enemies":"Cultist","floor":2.0,"turns":3.0},{"damage":1.0,"enemies":"2 Louse","floor":5.0,"turns":2.0},{"damage":30.0,"enemies":"Lagavulin","floor":7.0,"turns":5.0},{"damage":7.0,"enemies":"Looter","floor":10.0,"turns":3.0},{"damage":0.0,"enemies":"2 Fungi Beasts","floor":12.0,"turns":2.0},{"damage":23.0,"enemies":"3 Sentries","floor":13.0,"turns":4.0},{"damage":0.0,"enemies":"Lots of Slimes","floor":14.0,"turns":1.0},{"damage":47.0,"enemies":"The Guardian","floor":16.0,"turns":11.0},{"damage":3.0,"enemies":"Spheric Guardian","floor":18.0,"turns":3.0},{"damage":12.0,"enemies":"Chosen","floor":20.0,"turns":5.0},{"damage":12.0,"enemies":"Gremlin Leader","floor":24.0,"turns":8.0},{"damage":7.0,"enemies":"Slavers","floor":27.0,"turns":4.0},{"damage":5.0,"enemies":"Colosseum Slavers","floor":28.0,"turns":2.0},{"damage":22.0,"enemies":"Sentry and Sphere","floor":29.0,"turns":4.0},{"damage":27,"enemies":"Snake Plant","floor":30,"turns":5},{"damage":28,"enemies":"Shelled Parasite and Fungi","floor":31,"turns":6},{"damage":87,"enemies":"Champ","floor":33,"turns":9}],"seed_played":"5337630688237391892","potions_obtained":[{"floor":10.0,"key":"Strength Potion"},{"floor":12.0,"key":"Dexterity Potion"},{"floor":13.0,"key":"Poison Potion"},{"floor":14.0,"key":"Swift Potion"},{"floor":16.0,"key":"Energy Potion"},{"floor":20.0,"key":"AttackPotion"},{"floor":31,"key":"EssenceOfSteel"}],"is_trial":false,"path_per_floor":["?","?","M","?","?","?","?"],"character_chosen":"IRONCLAD","items_purchased":[],"campfire_rested":1,"item_purchase_floors":[],"current_hp_per_floor":[74,79,79,79,80,80,56,56,56,55,55,71,63,69,69,34,69,72,72,68,52,52,61,79,80,80,80,80,64,43,21,54,0],"gold":411,"neow_bonus":"ONE_RARE_RELIC","is_prod":false,"is_daily":false,"chose_seed":false,"campfire_upgraded":6,"win_rate":0,"timestamp":1548728458,"path_taken":["M","M","?","?","M","R","E","R","T","M","R","M","E","?","R","BOSS","M","?","M","?","?","R","E","R","T","E","?","M","M","M","R","BOSS"],"build_version":"2019-01-23","purchased_purges":0,"victory":false,"max_hp_per_floor":[80,80,80,80,80,80,80,80,80,80,80,80,80,80,80,80,80,80,80,80,80,80,80,80,80,80,80,80,80,80,80,80,80],"card_choices":[{"not_picked":["Sword Boomerang","True Grit"],"picked":"Flex","floor":1.0},{"not_picked":["Corruption","Seeing Red"],"picked":"Cleave","floor":2.0},{"not_picked":["Flex","Fire Breathing"],"picked":"Combust","floor":5.0},{"not_picked":["Thunderclap","Armaments"],"picked":"Reaper","floor":7.0},{"not_picked":["Clash","Sword Boomerang"],"picked":"Pommel Strike","floor":10.0},{"not_picked":["Clash","Twin Strike"],"picked":"Pummel","floor":12.0},{"not_picked":["Rupture","Second Wind"],"picked":"Ghostly Armor","floor":13.0},{"not_picked":["True Grit","Twin Strike","Cleave"],"picked":"SKIP","floor":14.0},{"not_picked":["Berserk","Brutality"],"picked":"Double Tap","floor":16.0},{"not_picked":["Heavy Blade","Body Slam","Second Wind"],"picked":"SKIP","floor":18.0},{"not_picked":["Burning Pact","Anger","Combust"],"picked":"SKIP","floor":20.0},{"not_picked":["Dropkick","Flame Barrier","Fiend Fire"],"picked":"SKIP","floor":24.0},{"not_picked":["Carnage+1","Cleave"],"picked":"Thunderclap+1","floor":27.0},{"not_picked":["Thunderclap+1","True Grit","Armaments+1"],"picked":"SKIP","floor":29.0},{"not_picked":["Armaments","Anger","True Grit"],"picked":"SKIP","floor":30},{"not_picked":["Thunderclap","Twin Strike+1","Shrug It Off"],"picked":"SKIP","floor":31}],"player_experience":108639,"relics_obtained":[{"floor":7.0,"key":"Boot"},{"floor":9.0,"key":"Tiny Chest"},{"floor":13.0,"key":"Whetstone"},{"floor":21.0,"key":"Enchiridion"},{"floor":24.0,"key":"Happy Flower"},{"floor":26.0,"key":"War Paint"},{"floor":27.0,"key":"Bottled Flame"}],"event_choices":[{"damage_healed":0.0,"max_hp_gain":0.0,"max_hp_loss":0.0,"gold_gain":0.0,"event_name":"The Cleric","player_choice":"Leave","floor":3.0,"gold_loss":0.0,"damage_taken":0.0},{"cards_removed":["Strike_R"],"damage_healed":0.0,"max_hp_gain":0.0,"max_hp_loss":0.0,"gold_gain":0.0,"event_name":"Bonfire Elementals","player_choice":"Offered Basic","floor":4.0,"gold_loss":0.0,"damage_taken":0.0},{"damage_healed":0.0,"max_hp_gain":0.0,"max_hp_loss":0.0,"gold_gain":0.0,"event_name":"Ghosts","player_choice":"Ignored","floor":19.0,"gold_loss":0.0,"damage_taken":0.0},{"damage_healed":0.0,"max_hp_gain":0.0,"max_hp_loss":0.0,"gold_gain":0.0,"event_name":"Cursed Tome","player_choice":"Obtained Book","floor":21.0,"gold_loss":0.0,"damage_taken":16.0},{"cards_removed":["Strike_R"],"damage_healed":0.0,"max_hp_gain":0.0,"max_hp_loss":0.0,"gold_gain":0.0,"event_name":"Beggar","player_choice":"Gave Gold","floor":22.0,"gold_loss":75.0,"damage_taken":0.0},{"damage_healed":0.0,"max_hp_gain":0.0,"max_hp_loss":0.0,"gold_gain":0.0,"event_name":"Colosseum","player_choice":"Fight","floor":28.0,"gold_loss":0.0,"damage_taken":0.0},{"damage_healed":0.0,"max_hp_gain":0.0,"max_hp_loss":0.0,"gold_gain":0.0,"event_name":"Colosseum","player_choice":"Fled From Nobs","floor":28.0,"gold_loss":0.0,"damage_taken":0.0}],"is_beta":false,"boss_relics":[{"not_picked":["White Beast Statue","Fusion Hammer"],"picked":"Eternal Feather"}],"items_purged_floors":[],"is_endless":false,"potions_floor_spawned":[10,12,13,14,16,20,28,31],"killed_by":"Champ","ascension_level":8}