{"gold_per_floor":[109,123,137,137,156,156,189,189,189,269,269,269],"floor_reached":12,"playtime":404,"items_purged":[],"score":125,"play_id":"790c4409-6153-498f-8815-d0b548ab2ccf","local_time":"20180925154920","is_ascension_mode":true,"campfire_choices":[{"data":"Streamline","floor":6.0,"key":"SMITH"},{"data":"Coolheaded","floor":8.0,"key":"SMITH"}],"neow_cost":"NONE","seed_source_timestamp":0,"circlet_count":0,"master_deck":["Strike_B","Strike_B","Strike_B","Defend_B","Defend_B","Defend_B","Defend_B","Zap","Dualcast","AscendersBane","Streamline+1","Coolheaded+1","Rebound","Glacier+1","Electrodynamics"],"special_seed":0,"relics":["Black Star","Golden Idol","Matryoshka","Toxic Egg 2","Cables","Question Card"],"potions_floor_usage":[],"damage_taken":[{"damage":6.0,"enemies":"2 Louse","floor":1.0,"turns":2.0},{"damage":0.0,"enemies":"Small Slimes","floor":2.0,"turns":3.0},{"damage":6.0,"enemies":"Jaw Worm","floor":3.0,"turns":4.0},{"damage":14.0,"enemies":"Looter","floor":5.0,"turns":5.0},{"damage":13.0,"enemies":"3 Sentries","floor":7.0,"turns":7.0},{"damage":15,"enemies":"Gremlin Nob","floor":12,"turns":6}],"seed_played":"1826074910130947214","potions_obtained":[{"floor":2.0,"key":"Strength Potion"},{"floor":3.0,"key":"EssenceOfSteel"}],"is_trial":false,"path_per_floor":["M","M","M","?","M","R","E","R","T","?","?"],"character_chosen":"DEFECT","items_purchased":[],"campfire_rested":0,"item_purchase_floors":[],"current_hp_per_floor":[62,62,56,56,42,42,29,29,29,29,29,14],"gold":269,"neow_bonus":"BOSS_RELIC","is_prod":false,"is_daily":false,"chose_seed":false,"campfire_upgraded":2,"win_rate":0,"timestamp":1537883360,"path_taken":["M","M","M","?","M","R","E","R","T","?","?","E"],"build_version":"2018-09-20","purchased_purges":0,"victory":false,"max_hp_per_floor":[75,75,75,69,69,69,69,69,69,69,69,69],"card_choices":[{"not_picked":["Static Discharge","Scrape"],"picked":"Streamline","floor":1.0},{"not_picked":["Barrage","Compile Driver","Stack"],"picked":"SKIP","floor":2.0},{"not_picked":["Blizzard","Compile Driver"],"picked":"Coolheaded","floor":3.0},{"not_picked":["Conserve Battery","Sweeping Beam"],"picked":"Rebound","floor":5.0},{"not_picked":["Sweeping Beam","Rainbow"],"picked":"Glacier","floor":7.0}],"player_experience":441487,"relics_obtained":[{"floor":7.0,"key":"Matryoshka"},{"floor":7.0,"key":"Toxic Egg 2"},{"floor":9.0,"key":"Cables"},{"floor":9.0,"key":"Question Card"}],"event_choices":[{"event_name":"Golden Idol","player_choice":"Lose Max HP","floor":4.0,"damage_taken":0.0},{"event_name":"Golden Wing","player_choice":"Gained Gold","floor":10.0,"damage_taken":0.0},{"event_name":"Transmorgrifier","player_choice":"Transform","floor":11.0,"damage_taken":0.0}],"is_beta":false,"boss_relics":[],"items_purged_floors":[],"is_endless":false,"potions_floor_spawned":[2,3,5],"killed_by":"Gremlin Nob","ascension_level":12}