{"gold_per_floor":[113,38,12,0,18,18,18,59,59,82,101,136,136,174,174,269,269,294,254,52,66,116,116,116,135,135,135,154,154,178,203,203,203],"floor_reached":33,"playtime":1005,"items_purged":["Strike_G"],"score":593,"play_id":"978a2ea9-6b36-45d5-b3c9-b4de675be6bb","local_time":"20190122135322","is_ascension_mode":true,"campfire_choices":[{"data":"Deadly Poison","floor":6.0,"key":"SMITH"},{"data":"Deadly Poison","floor":13.0,"key":"SMITH"},{"data":"Leg Sweep","floor":15.0,"key":"SMITH"},{"floor":23.0,"key":"REST"},{"data":"Catalyst","floor":29.0,"key":"SMITH"},{"floor":32.0,"key":"REST"}],"neow_cost":"NONE","seed_source_timestamp":0,"circlet_count":0,"master_deck":["AscendersBane","Defend_G","Defend_G","Defend_G","Defend_G","Defend_G","Strike_G","Strike_G","Strike_G","Survivor","Neutralize","Deadly Poison+1","Deadly Poison+1","Leg Sweep+1","Blur","Backflip","Glass Knife","PiercingWail","Backflip","Catalyst+1","Footwork","Dodge and Roll","Writhe","Dagger Spray+1","Deflect","Backflip"],"special_seed":0,"relics":["Ring of the Snake","NeowsBlessing","Golden Idol","StoneCalendar","Darkstone Periapt","Du-Vu Doll","Strawberry","Cursed Key","Shuriken"],"potions_floor_usage":[33],"damage_taken":[{"damage":0.0,"enemies":"Jaw Worm","floor":1.0,"turns":1.0},{"damage":0.0,"enemies":"Small Slimes","floor":5.0,"turns":1.0},{"damage":0.0,"enemies":"3 Sentries","floor":8.0,"turns":1.0},{"damage":0.0,"enemies":"2 Louse","floor":10.0,"turns":3.0},{"damage":0.0,"enemies":"Blue Slaver","floor":11.0,"turns":4.0},{"damage":5.0,"enemies":"Lagavulin","floor":12.0,"turns":7.0},{"damage":6.0,"enemies":"3 Sentries","floor":14.0,"turns":7.0},{"damage":37.0,"enemies":"The Guardian","floor":16.0,"turns":9.0},{"damage":2.0,"enemies":"3 Byrds","floor":18.0,"turns":6.0},{"damage":3.0,"enemies":"2 Thieves","floor":19.0,"turns":5.0},{"damage":14.0,"enemies":"Shelled Parasite and Fungi","floor":21.0,"turns":7.0},{"damage":0.0,"enemies":"Slavers","floor":24.0,"turns":1.0},{"damage":21.0,"enemies":"Snecko","floor":25.0,"turns":4.0},{"damage":0.0,"enemies":"Centurion and Healer","floor":28.0,"turns":6.0},{"damage":12.0,"enemies":"Shelled Parasite and Fungi","floor":30.0,"turns":5.0},{"damage":20.0,"enemies":"Snake Plant","floor":31.0,"turns":2.0},{"damage":67,"enemies":"Collector","floor":33,"turns":6}],"seed_played":"-2309845898839220502","potions_obtained":[{"floor":10.0,"key":"Explosive Potion"},{"floor":11.0,"key":"GamblersBrew"},{"floor":12.0,"key":"Strength Potion"},{"floor":16.0,"key":"EntropicBrew"},{"floor":21.0,"key":"SmokeBomb"},{"floor":28.0,"key":"Explosive Potion"},{"floor":31.0,"key":"Ancient Potion"}],"is_trial":false,"path_per_floor":["M","?","$","?","M","R","?","E","T","M","M","E","R","E","R","B",null,"M","M","$","M","?","R","E","M","T","?","M","R","M","M","R","B"],"character_chosen":"THE_SILENT","items_purchased":["Deadly Poison","Catalyst","Footwork"],"campfire_rested":2,"item_purchase_floors":[3,20,20],"current_hp_per_floor":[59,59,59,59,59,59,59,59,59,59,59,54,54,55,55,18,55,53,50,50,36,36,56,56,35,41,56,56,56,44,24,45,0],"gold":203,"neow_bonus":"THREE_ENEMY_KILL","is_prod":false,"is_daily":false,"chose_seed":false,"campfire_upgraded":4,"win_rate":0,"timestamp":1548161602,"path_taken":["M","?","$","?","M","R","?","E","T","M","M","E","R","E","R","BOSS","M","M","$","M","?","R","E","M","T","?","M","R","M","M","R","BOSS"],"build_version":"2019-01-17v2","purchased_purges":1,"victory":false,"max_hp_per_floor":[66,66,66,66,66,66,60,60,60,60,60,60,60,67,67,67,67,67,67,67,67,67,67,67,67,73,73,73,73,73,73,73,73],"card_choices":[{"not_picked":["Dodge and Roll","Poisoned Stab"],"picked":"Deadly Poison","floor":1.0},{"not_picked":["Dagger Throw","Cloak And Dagger","Predator"],"picked":"SKIP","floor":5.0},{"not_picked":["Accuracy","Calculated Gamble"],"picked":"Leg Sweep","floor":8.0},{"not_picked":["Flying Knee","Dodge and Roll"],"picked":"Blur","floor":10.0},{"not_picked":["Dagger Throw","Choke","Cloak And Dagger"],"picked":"SKIP","floor":11.0},{"not_picked":["Endless Agony","Underhanded Strike","Concentrate"],"picked":"SKIP","floor":12.0},{"not_picked":["Skewer","Dagger Spray"],"picked":"Backflip","floor":14.0},{"not_picked":["Grand Finale","Phantasmal Killer"],"picked":"Glass Knife","floor":16.0},{"not_picked":["Heel Hook","Concentrate+1"],"picked":"PiercingWail","floor":18.0},{"not_picked":["Masterful Stab+1","Outmaneuver"],"picked":"Backflip","floor":19.0},{"not_picked":["Slice","Blade Dance"],"picked":"Dodge and Roll","floor":21.0},{"not_picked":["Dagger Spray","Unload","Underhanded Strike"],"picked":"SKIP","floor":25.0},{"not_picked":["Prepared+1","Predator"],"picked":"Dagger Spray+1","floor":28.0},{"not_picked":["Prepared","Infinite Blades"],"picked":"Deflect","floor":30.0},{"not_picked":["Dash","Endless Agony"],"picked":"Backflip","floor":31.0}],"player_experience":905656,"relics_obtained":[{"floor":8.0,"key":"StoneCalendar"},{"floor":9.0,"key":"Darkstone Periapt"},{"floor":12.0,"key":"Du-Vu Doll"},{"floor":14.0,"key":"Strawberry"},{"floor":26.0,"key":"Shuriken"}],"event_choices":[{"cards_removed":["Strike_G"],"damage_healed":0.0,"max_hp_gain":0.0,"max_hp_loss":0.0,"gold_gain":0.0,"event_name":"The Cleric","player_choice":"Card Removal","floor":2.0,"gold_loss":75.0,"damage_taken":0.0},{"damage_healed":0.0,"max_hp_gain":0.0,"max_hp_loss":0.0,"gold_gain":0.0,"event_name":"World of Goop","player_choice":"Left Gold","floor":4.0,"gold_loss":12.0,"damage_taken":0.0},{"damage_healed":0.0,"max_hp_gain":0.0,"max_hp_loss":6.0,"gold_gain":0.0,"event_name":"Golden Idol","player_choice":"Lose Max HP","floor":7.0,"gold_loss":0.0,"damage_taken":0.0,"relics_obtained":["Golden Idol"]},{"damage_healed":0.0,"max_hp_gain":0.0,"max_hp_loss":0.0,"gold_gain":50.0,"event_name":"Nest","player_choice":"Stole From Cult","floor":22.0,"gold_loss":0.0,"damage_taken":0.0},{"damage_healed":15.0,"max_hp_gain":0.0,"max_hp_loss":0.0,"gold_gain":0.0,"event_name":"The Library","player_choice":"Heal","floor":27.0,"gold_loss":0.0,"damage_taken":0.0}],"is_beta":false,"boss_relics":[{"not_picked":["Velvet Choker","Snecko Eye"],"picked":"Cursed Key"}],"items_purged_floors":[20],"is_endless":false,"potions_floor_spawned":[10,11,12,16,21,28,31],"killed_by":"Collector","ascension_level":18}