{"gold_per_floor":[116,135,150,168,168,199,199,229,229,229,12,12,27,27,27,123,123,133,146,146,157,167,167,167],"floor_reached":24,"playtime":1923,"items_purged":[],"score":312,"play_id":"4d9e19f6-473e-446e-91e7-e6dcf3600a80","local_time":"20181018233337","is_ascension_mode":true,"campfire_choices":[{"data":"Uppercut","floor":7,"key":"SMITH"},{"floor":12,"key":"REST"},{"floor":15,"key":"REST"},{"floor":23,"key":"REST"}],"neow_cost":"NONE","seed_source_timestamp":694785365503543,"circlet_count":0,"master_deck":["Bash","AscendersBane","Cleave","Flex","Uppercut+1","Blood for Blood","Feed","Rampage","Pommel Strike","Anger","Berserk","Cleave","Havoc","Ghostly Armor","Power Through","Hemokinesis","Second Wind","Body Slam","Burning Pact","Shrug It Off","Clothesline+1","Intimidate","Bloodletting+1"],"relics":["Burning Blood","NeowsBlessing","Potion Belt","Kunai","Ornamental Fan","Toy Ornithopter","Pandora\u0027s Box"],"potions_floor_usage":[6,16,21,22],"damage_taken":[{"damage":0,"enemies":"Cultist","floor":1,"turns":1},{"damage":0,"enemies":"2 Louse","floor":2,"turns":1},{"damage":0,"enemies":"Small Slimes","floor":3,"turns":1},{"damage":16,"enemies":"Blue Slaver","floor":4,"turns":4},{"damage":38,"enemies":"Gremlin Nob","floor":6,"turns":5},{"damage":35,"enemies":"3 Sentries","floor":8,"turns":7},{"damage":15,"enemies":"3 Louse","floor":13,"turns":3},{"damage":37,"enemies":"Hexaghost","floor":16,"turns":9},{"damage":25,"enemies":"3 Byrds","floor":18,"turns":5},{"damage":27,"enemies":"Shell Parasite","floor":19,"turns":6},{"damage":30,"enemies":"Shelled Parasite and Fungi","floor":21,"turns":3},{"damage":5,"enemies":"Centurion and Healer","floor":22,"turns":6},{"damage":51,"enemies":"Book of Stabbing","floor":24,"turns":7}],"seed_played":"-8739111655891557857","potions_obtained":[{"floor":1,"key":"SneckoOil"},{"floor":2,"key":"Block Potion"},{"floor":13,"key":"SpeedPotion"},{"floor":18,"key":"Strength Potion"}],"is_trial":false,"path_per_floor":["M","M","M","M","?","E","R","E","T","?","$","R","M","$","R","B",null,"M","M","?","M","M","R"],"character_chosen":"IRONCLAD","items_purchased":["Toy Ornithopter","Pommel Strike"],"campfire_rested":3,"item_purchase_floors":[11,11],"current_hp_per_floor":[78,80,80,70,75,43,43,14,14,14,14,39,30,30,55,32,74,55,34,34,15,21,47,0],"gold":167,"neow_bonus":"THREE_ENEMY_KILL","is_prod":false,"is_daily":false,"chose_seed":false,"campfire_upgraded":1,"win_rate":0,"timestamp":1539930817,"path_taken":["M","M","M","M","?","E","R","E","T","?","?","R","M","$","R","BOSS","M","M","?","M","?","R","E"],"build_version":"2018-10-18","purchased_purges":0,"victory":false,"max_hp_per_floor":[80,80,80,80,85,85,85,85,85,85,85,85,85,85,85,88,88,88,88,88,88,88,88,88],"card_choices":[{"not_picked":["Entrench","Spot Weakness"],"picked":"Cleave","floor":1},{"not_picked":["Perfected Strike","Wild Strike"],"picked":"Flex","floor":2},{"not_picked":["Fire Breathing","Twin Strike"],"picked":"Uppercut","floor":3},{"not_picked":["Wild Strike","Sword Boomerang"],"picked":"Blood for Blood","floor":4},{"not_picked":["Cleave","Reckless Charge"],"picked":"Feed","floor":6},{"not_picked":["Heavy Blade","Battle Trance"],"picked":"Rampage","floor":8},{"not_picked":["Seeing Red","True Grit"],"picked":"Anger","floor":13},{"not_picked":["Immolate","Juggernaut"],"picked":"Berserk","floor":16},{"not_picked":["Iron Wave","Havoc"],"picked":"Clothesline","floor":18},{"not_picked":["Perfected Strike","Bloodletting"],"picked":"Clothesline+1","floor":19},{"not_picked":["Reckless Charge","Sword Boomerang"],"picked":"Bloodletting+1","floor":21},{"not_picked":["Cleave","Hemokinesis","Clothesline"],"picked":"SKIP","floor":22}],"player_experience":349327,"relics_obtained":[{"floor":6,"key":"Potion Belt"},{"floor":8,"key":"Kunai"},{"floor":9,"key":"Ornamental Fan"}],"event_choices":[{"damage_healed":0,"gold_gain":0,"player_choice":"Donut","damage_taken":0,"max_hp_gain":5,"max_hp_loss":0,"event_name":"Big Fish","floor":5,"gold_loss":0},{"damage_healed":0,"gold_gain":30,"player_choice":"Searched \u00271\u0027 times","damage_taken":0,"max_hp_gain":0,"max_hp_loss":0,"event_name":"Dead Adventurer","floor":10,"gold_loss":0},{"damage_healed":0,"gold_gain":0,"cards_transformed":["Clothesline"],"player_choice":"Transformed","damage_taken":0,"max_hp_gain":0,"max_hp_loss":0,"event_name":"Transmorgrifier","floor":20,"gold_loss":0,"cards_obtained":["Intimidate"]}],"is_beta":false,"boss_relics":[{"not_picked":["Fusion Hammer","Empty Cage"],"picked":"Pandora\u0027s Box"}],"items_purged_floors":[],"is_endless":false,"potions_floor_spawned":[1,2,13,18],"killed_by":"Book of Stabbing","ascension_level":10}