{"gold_per_floor":[16,33,33,33,49,49,62,62,62,86,120,120,120,144,144,239,239,264,264],"floor_reached":19,"playtime":1953,"items_purged":[],"score":313,"play_id":"ba5af0b5-2035-4cfc-b272-ba57b5df7270","local_time":"20190131175716","is_ascension_mode":true,"campfire_choices":[{"floor":6,"key":"REST"},{"floor":12,"key":"REST"},{"data":"Bash","floor":13,"key":"SMITH"},{"data":"Armaments","floor":15,"key":"SMITH"}],"neow_cost":"NO_GOLD","seed_source_timestamp":4483150490664,"circlet_count":0,"master_deck":["AscendersBane","Strike_R+1","Strike_R","Strike_R+1","Strike_R","Defend_R","Defend_R","Defend_R","Defend_R","Bash+1","Intimidate","Anger","Shrug It Off","Injury","Carnage","Shockwave","Armaments+1","Double Tap"],"relics":["Burning Blood","Gambling Chip","Golden Idol","WingedGreaves","Incense Burner","Mark of Pain"],"potions_floor_usage":[10,18,18,19,19,19,19,19],"damage_taken":[{"damage":14,"enemies":"Jaw Worm","floor":1,"turns":6},{"damage":11,"enemies":"2 Louse","floor":2,"turns":4},{"damage":4,"enemies":"Small Slimes","floor":5,"turns":3},{"damage":18,"enemies":"Exordium Thugs","floor":7,"turns":5},{"damage":7,"enemies":"2 Fungi Beasts","floor":10,"turns":5},{"damage":18,"enemies":"Gremlin Nob","floor":11,"turns":4},{"damage":11,"enemies":"3 Louse","floor":14,"turns":4},{"damage":36,"enemies":"The Guardian","floor":16,"turns":11},{"damage":41,"enemies":"Shell Parasite","floor":18,"turns":7},{"damage":52,"enemies":"Masked Bandits","floor":19,"turns":5}],"seed_played":"-564746902811490585","potions_obtained":[{"floor":5,"key":"Fruit Juice"},{"floor":14,"key":"Regen Potion"},{"floor":16,"key":"GamblersBrew"},{"floor":18,"key":"EntropicBrew"}],"is_trial":false,"path_per_floor":["?","?","?","?"],"character_chosen":"IRONCLAD","items_purchased":[],"campfire_rested":2,"item_purchase_floors":[],"current_hp_per_floor":[60,55,32,25,27,49,37,37,37,41,29,53,53,48,48,18,65,45,0],"gold":264,"neow_bonus":"ONE_RARE_RELIC","is_prod":false,"is_daily":false,"chose_seed":false,"campfire_upgraded":2,"win_rate":0,"timestamp":1548928636,"path_taken":["M","M","?","?","M","R","M","?","T","M","E","R","R","M","R","BOSS","M","?"],"build_version":"2019-01-23","purchased_purges":0,"victory":false,"max_hp_per_floor":[75,75,75,75,75,75,75,75,75,80,80,80,80,80,80,80,80,80,80],"card_choices":[{"not_picked":["Pommel Strike","Heavy Blade"],"picked":"Intimidate","floor":1},{"not_picked":["Uppercut","Armaments"],"picked":"Anger","floor":2},{"not_picked":["Heavy Blade","Twin Strike","Entrench"],"picked":"SKIP","floor":5},{"not_picked":["Disarm","Pummel"],"picked":"Shrug It Off","floor":7},{"not_picked":["Shrug It Off","Warcry"],"picked":"Carnage","floor":10},{"not_picked":["Spot Weakness","Bludgeon"],"picked":"Shockwave","floor":11},{"not_picked":["Heavy Blade","Sword Boomerang"],"picked":"Armaments","floor":14},{"not_picked":["Dark Embrace","Reaper"],"picked":"Double Tap","floor":16},{"not_picked":["Sword Boomerang","Havoc","Pommel Strike"],"picked":"SKIP","floor":18}],"player_experience":188156,"relics_obtained":[{"floor":9,"key":"WingedGreaves"},{"floor":11,"key":"Incense Burner"}],"event_choices":[{"damage_healed":0,"gold_gain":0,"player_choice":"Entered Light","damage_taken":23,"max_hp_gain":0,"max_hp_loss":0,"event_name":"Shining Light","floor":3,"gold_loss":0,"cards_upgraded":["Strike_R","Strike_R"]},{"cards_removed":["Strike_R"],"damage_healed":0,"gold_gain":0,"player_choice":"Card Removal","damage_taken":7,"max_hp_gain":0,"max_hp_loss":0,"event_name":"Golden Wing","floor":4,"gold_loss":0},{"damage_healed":0,"gold_gain":0,"player_choice":"Take Wound","damage_taken":0,"relics_obtained":["Golden Idol"],"max_hp_gain":0,"max_hp_loss":0,"event_name":"Golden Idol","floor":8,"gold_loss":0,"cards_obtained":["Injury"]},{"damage_healed":0,"gold_gain":0,"player_choice":"Fought Bandits","damage_taken":0,"max_hp_gain":0,"max_hp_loss":0,"event_name":"Masked Bandits","floor":19,"gold_loss":0}],"is_beta":false,"boss_relics":[{"not_picked":["Velvet Choker","Sozu"],"picked":"Mark of Pain"}],"items_purged_floors":[],"is_endless":false,"potions_floor_spawned":[5,14,16,18],"killed_by":"Masked Bandits","ascension_level":17}