{"gold_per_floor":[110,110,123,123,143,143,57,100,171,171,191,226,251,281,281,376,376,395,136,161,186,186],"floor_reached":22,"playtime":989,"items_purged":[],"score":353,"play_id":"d8554b15-301e-4ba7-940f-6f68ca48be24","local_time":"20190201084015","is_ascension_mode":true,"campfire_choices":[{"data":"Immolate","floor":6,"key":"SMITH"},{"floor":15,"key":"REST"}],"neow_cost":"NONE","seed_source_timestamp":291197160101936,"circlet_count":0,"master_deck":["AscendersBane","Strike_R","Strike_R","Strike_R","Strike_R","Strike_R","Defend_R","Defend_R","Defend_R","Defend_R","Bash","Perfected Strike","Hemokinesis","Immolate+1","Pommel Strike","Armaments","Warcry","Parasite","Headbutt","Feel No Pain","Perfected Strike","Feed","Flex","Apotheosis","Body Slam+1","Perfected Strike+1"],"relics":["Burning Blood","Anchor","Bronze Scales","Golden Idol","Darkstone Periapt","Paper Frog","Peace Pipe","White Beast Statue"],"potions_floor_usage":[12,16,18,20,21,21,22],"damage_taken":[{"damage":0,"enemies":"2 Louse","floor":1,"turns":3},{"damage":2,"enemies":"Small Slimes","floor":3,"turns":3},{"damage":5,"enemies":"Jaw Worm","floor":5,"turns":3},{"damage":34,"enemies":"Lagavulin","floor":8,"turns":6},{"damage":1,"enemies":"Looter","floor":11,"turns":2},{"damage":10,"enemies":"3 Sentries","floor":12,"turns":3},{"damage":11,"enemies":"Exordium Thugs","floor":13,"turns":3},{"damage":49,"enemies":"Hexaghost","floor":16,"turns":7},{"damage":14,"enemies":"2 Thieves","floor":18,"turns":3},{"damage":25,"enemies":"Spheric Guardian","floor":20,"turns":3},{"damage":40,"enemies":"Shelled Parasite and Fungi","floor":21,"turns":5},{"damage":13,"enemies":"Snake Plant","floor":22,"turns":2}],"seed_played":"8966346995685067319","potions_obtained":[{"floor":8,"key":"Strength Potion"},{"floor":11,"key":"FearPotion"},{"floor":12,"key":"Explosive Potion"},{"floor":18,"key":"BloodPotion"},{"floor":20,"key":"Energy Potion"},{"floor":21,"key":"Poison Potion"}],"is_trial":false,"path_per_floor":["M","?","M","?","M","R","$","E","T","?","M","E","M","?","R","B",null,"M","$","M","M","M"],"character_chosen":"IRONCLAD","items_purchased":["Pommel Strike","Armaments","Apotheosis","PowerPotion"],"campfire_rested":1,"item_purchase_floors":[7,7,19,19],"current_hp_per_floor":[74,63,67,41,42,42,42,14,14,38,43,39,34,34,58,15,65,57,57,46,12,0],"gold":186,"neow_bonus":"RANDOM_COMMON_RELIC","is_prod":false,"is_daily":false,"chose_seed":false,"campfire_upgraded":1,"win_rate":0,"timestamp":1549039215,"path_taken":["M","?","M","?","M","R","$","E","T","?","M","E","M","?","R","BOSS","M","$","M","M","M"],"build_version":"2019-01-23","purchased_purges":0,"victory":false,"max_hp_per_floor":[75,75,75,75,75,75,75,75,75,81,81,81,81,81,81,81,81,81,81,81,81,81],"card_choices":[{"not_picked":["Twin Strike","True Grit"],"picked":"Perfected Strike","floor":1},{"not_picked":["Heavy Blade","Carnage"],"picked":"Hemokinesis","floor":3},{"not_picked":["Searing Blow","Clash"],"picked":"Immolate","floor":5},{"not_picked":["Anger","Clash"],"picked":"Warcry","floor":8},{"not_picked":["Carnage","Havoc"],"picked":"Headbutt","floor":11},{"not_picked":["Warcry","Combust"],"picked":"Feel No Pain","floor":12},{"not_picked":["Body Slam","Sword Boomerang"],"picked":"Perfected Strike","floor":13},{"not_picked":["Reaper","Bludgeon"],"picked":"Feed","floor":16},{"not_picked":["Clash","Iron Wave"],"picked":"Flex","floor":18},{"not_picked":["Corruption","Seeing Red"],"picked":"Body Slam+1","floor":20},{"not_picked":["Clash+1","Infernal Blade"],"picked":"Perfected Strike+1","floor":21}],"player_experience":520544,"relics_obtained":[{"floor":8,"key":"Darkstone Periapt"},{"floor":9,"key":"Paper Frog"},{"floor":12,"key":"Peace Pipe"}],"event_choices":[{"damage_healed":0,"gold_gain":0,"player_choice":"Success","damage_taken":11,"relics_obtained":["Bronze Scales"],"max_hp_gain":0,"max_hp_loss":0,"event_name":"Scrap Ooze","floor":2,"gold_loss":0},{"damage_healed":0,"gold_gain":0,"player_choice":"Take Damage","damage_taken":26,"relics_obtained":["Golden Idol"],"max_hp_gain":0,"max_hp_loss":0,"event_name":"Golden Idol","floor":4,"gold_loss":0},{"damage_healed":18,"gold_gain":0,"player_choice":"Healed and dodged fight","damage_taken":0,"max_hp_gain":0,"max_hp_loss":0,"event_name":"Mushrooms","floor":10,"gold_loss":0,"cards_obtained":["Parasite"]},{"damage_healed":0,"gold_gain":30,"player_choice":"Searched \u00272\u0027 times","damage_taken":0,"max_hp_gain":0,"max_hp_loss":0,"event_name":"Dead Adventurer","floor":14,"gold_loss":0}],"is_beta":false,"boss_relics":[{"not_picked":["Fusion Hammer","Black Star"],"picked":"White Beast Statue"}],"items_purged_floors":[],"is_endless":false,"potions_floor_spawned":[8,11,12,18,20,21],"killed_by":"Snake Plant","ascension_level":16}