{"gold_per_floor":[116,116,127,144,219,219,235,254,280,280,300,44,59,88,88,166,166,184,283,283,301,301,301,320,320,367,381,396,199,199,199,199,270,270,280,280,109,109,124,124,143,143],"floor_reached":42,"playtime":3175,"items_purged":["Strike_B","Strike_B"],"score":685,"play_id":"5ffd84b9-e789-44dd-8ad0-4974c5c41dfa","local_time":"20190221150314","is_ascension_mode":true,"campfire_choices":[{"floor":6,"key":"REST"},{"floor":10,"key":"REST"},{"floor":15,"key":"REST"},{"floor":25,"key":"REST"},{"floor":30,"key":"REST"},{"data":"Enlightenment","floor":32,"key":"SMITH"},{"floor":40,"key":"REST"}],"neow_cost":"NONE","seed_source_timestamp":499838993713132,"circlet_count":0,"master_deck":["AscendersBane","Defend_B","Defend_B","Defend_B","Zap","Dualcast","Consume","Turbo","Chill","Static Discharge","Coolheaded","Cold Snap","FTL","Barrage","Seek","Steam","Capacitor","Leap","Auto Shields","Go for the Eyes+1","Reboot","Stack","Reprogram","Sunder","Enlightenment+1","Fusion","Echo Form","Doom and Gloom","Deep Breath"],"relics":["Cracked Core","Strawberry","Runic Capacitor","Regal Pillow","Orrery","Bottled Lightning","Oddly Smooth Stone","Shuriken","Runic Pyramid"],"potions_floor_usage":[8,28,33,41,42],"damage_taken":[{"damage":7,"enemies":"Small Slimes","floor":1,"turns":3},{"damage":0,"enemies":"Cultist","floor":3,"turns":3},{"damage":18,"enemies":"Jaw Worm","floor":4,"turns":4},{"damage":18,"enemies":"Red Slaver","floor":7,"turns":5},{"damage":27,"enemies":"Large Slime","floor":8,"turns":6},{"damage":7,"enemies":"Looter","floor":11,"turns":4},{"damage":11,"enemies":"Gremlin Gang","floor":13,"turns":5},{"damage":10,"enemies":"3 Sentries","floor":14,"turns":10},{"damage":41,"enemies":"Slime Boss","floor":16,"turns":9},{"damage":8,"enemies":"Chosen","floor":18,"turns":6},{"damage":3,"enemies":"3 Byrds","floor":21,"turns":6},{"damage":40,"enemies":"Snecko","floor":24,"turns":6},{"damage":16,"enemies":"Shelled Parasite and Fungi","floor":27,"turns":7},{"damage":15,"enemies":"Centurion and Healer","floor":28,"turns":14},{"damage":58,"enemies":"Automaton","floor":33,"turns":16},{"damage":16,"enemies":"3 Shapes","floor":35,"turns":7},{"damage":13,"enemies":"Orb Walker","floor":39,"turns":6},{"damage":48,"enemies":"3 Darklings","floor":41,"turns":6},{"damage":39,"enemies":"Giant Head","floor":42,"turns":11}],"seed_played":"-7775567086420757470","potions_obtained":[{"floor":1,"key":"Swift Potion"},{"floor":2,"key":"Regen Potion"},{"floor":3,"key":"Energy Potion"},{"floor":27,"key":"Fire Potion"},{"floor":28,"key":"PowerPotion"},{"floor":33,"key":"Energy Potion"},{"floor":39,"key":"SkillPotion"},{"floor":41,"key":"Weak Potion"}],"is_trial":false,"path_per_floor":["M","?","M","M","?","R","M","M","T","R","M","$","M","E","R","B",null,"M","?","?","M","?","T","M","R","T","M","M","$","R","T","R","B",null,"M","?","$","?","M","R","M","E"],"character_chosen":"DEFECT","items_purchased":["Runic Capacitor","Cold Snap","Enlightenment","Fusion","Doom and Gloom"],"campfire_rested":6,"item_purchase_floors":[12,12,29,29,37],"current_hp_per_floor":[68,68,68,50,39,63,45,30,37,63,56,56,45,35,76,35,76,68,68,68,65,48,48,8,51,51,35,20,20,63,63,63,5,72,56,56,56,56,43,86,38,0],"gold":143,"neow_bonus":"TEN_PERCENT_HP_BONUS","is_prod":false,"is_daily":false,"chose_seed":false,"campfire_upgraded":1,"win_rate":0,"timestamp":1550739794,"path_taken":["M","?","?","M","?","R","M","M","T","R","M","?","?","E","R","BOSS","M","?","?","M","?","?","M","R","T","M","?","?","R","?","R","BOSS","M","?","$","?","M","R","M","E"],"build_version":"2019-01-23","purchased_purges":2,"victory":false,"max_hp_per_floor":[82,82,82,82,82,82,82,82,89,89,89,89,89,89,89,89,89,89,89,89,89,94,94,94,94,94,94,94,94,94,94,94,94,94,94,94,94,94,94,94,94,94],"card_choices":[{"not_picked":["Force Field","Gash","Heatsinks"],"picked":"SKIP","floor":1},{"not_picked":["Leap","Coolheaded"],"picked":"Consume","floor":3},{"not_picked":["Storm","Compile Driver"],"picked":"Turbo","floor":4},{"not_picked":["Sweeping Beam","Steam"],"picked":"Chill","floor":7},{"not_picked":["Reprogram","Stack"],"picked":"Static Discharge","floor":8},{"not_picked":["Capacitor","Sweeping Beam"],"picked":"Coolheaded","floor":11},{"not_picked":["Hello World","Buffer"],"picked":"FTL","floor":13},{"not_picked":["Sweeping Beam","Hello World"],"picked":"Barrage","floor":14},{"not_picked":["Biased Cognition","All For One"],"picked":"Seek","floor":16},{"not_picked":["Chaos","Ball Lightning"],"picked":"Steam","floor":17},{"not_picked":["Steam Power","Compile Driver"],"picked":"Capacitor","floor":17},{"not_picked":["Rip and Tear","Rebound"],"picked":"Leap","floor":17},{"not_picked":["Gash","Sweeping Beam"],"picked":"Auto Shields","floor":17},{"not_picked":["Stack","White Noise","Go for the Eyes+1"],"picked":"SKIP","floor":18},{"not_picked":["Stack","White Noise"],"picked":"Go for the Eyes+1","floor":18},{"not_picked":["Reinforced Body","Rebound"],"picked":"Reprogram","floor":21},{"not_picked":["Sweeping Beam","Gash"],"picked":"Sunder","floor":24},{"not_picked":["Amplify","Compile Driver","Turbo"],"picked":"SKIP","floor":27},{"not_picked":["Hologram","Rebound","Beam Cell"],"picked":"SKIP","floor":28},{"not_picked":["Thunder Strike","Electrodynamics"],"picked":"Echo Form","floor":33},{"not_picked":["Steam","Double Energy","Gash"],"picked":"SKIP","floor":35},{"not_picked":["Magnetism","Panache"],"picked":"Deep Breath","floor":38},{"not_picked":["Leap","Force Field+1","Self Repair+1"],"picked":"SKIP","floor":39},{"not_picked":["Self Repair","Rebound","Scrape"],"picked":"SKIP","floor":41}],"player_experience":848946,"relics_obtained":[{"floor":9,"key":"Strawberry"},{"floor":14,"key":"Regal Pillow"},{"floor":23,"key":"Bottled Lightning"},{"floor":26,"key":"Oddly Smooth Stone"},{"floor":31,"key":"Shuriken"}],"event_choices":[{"damage_healed":0,"gold_gain":0,"player_choice":"Got Potions","damage_taken":0,"max_hp_gain":0,"max_hp_loss":0,"event_name":"Lab","floor":2,"gold_loss":0},{"damage_healed":0,"gold_gain":75,"player_choice":"Gather Gold","damage_taken":11,"max_hp_gain":0,"max_hp_loss":0,"event_name":"World of Goop","floor":5,"gold_loss":0},{"damage_healed":0,"gold_gain":99,"player_choice":"Stole From Cult","damage_taken":0,"max_hp_gain":0,"max_hp_loss":0,"event_name":"Nest","floor":19,"gold_loss":0},{"damage_healed":0,"gold_gain":0,"cards_transformed":["Strike_B","Strike_B"],"player_choice":"Became Test Subject","damage_taken":0,"max_hp_gain":0,"max_hp_loss":0,"event_name":"Drug Dealer","floor":20,"gold_loss":0,"cards_obtained":["Reboot","Stack"]},{"damage_healed":0,"gold_gain":0,"player_choice":"Shed Blood","damage_taken":22,"max_hp_gain":5,"max_hp_loss":0,"event_name":"Forgotten Altar","floor":22,"gold_loss":0},{"cards_removed":["Defend_B"],"damage_healed":0,"gold_gain":0,"player_choice":"Removed Skill","damage_taken":0,"max_hp_gain":0,"max_hp_loss":0,"event_name":"Falling","floor":36,"gold_loss":0},{"damage_healed":0,"gold_gain":0,"player_choice":"Memory 1","damage_taken":0,"max_hp_gain":0,"max_hp_loss":0,"event_name":"SensoryStone","floor":38,"gold_loss":0}],"is_beta":false,"boss_relics":[{"not_picked":["Velvet Choker","Cursed Key"],"picked":"Orrery"},{"not_picked":["Tiny House","Black Star"],"picked":"Runic Pyramid"}],"items_purged_floors":[29,37],"is_endless":false,"potions_floor_spawned":[1,3,7,27,28,33,39,41],"killed_by":"Giant Head","ascension_level":13}