{"gold_per_floor":[17,92,92,106,122,153,153,172,172,188,188,188,188,214,214,214],"floor_reached":16,"playtime":804,"items_purged":[],"score":204,"play_id":"270165fc-6b91-4e23-8453-aed37cfa48cd","local_time":"20190131201022","is_ascension_mode":true,"campfire_choices":[{"floor":7.0,"key":"REST"},{"floor":11.0,"key":"REST"},{"data":"Flex","floor":13.0,"key":"SMITH"},{"data":"Bash","floor":15.0,"key":"SMITH"}],"neow_cost":"NO_GOLD","seed_source_timestamp":13312366147339,"circlet_count":0,"master_deck":["AscendersBane","Strike_R","Strike_R","Strike_R","Defend_R","Defend_R","Defend_R","Defend_R","Bash+1","Offering","Anger","Flex+1","Pommel Strike","Intimidate+1","Second Wind+1","Shockwave+1"],"special_seed":0,"relics":["Burning Blood","Toxic Egg 2","Frozen Egg 2","Centennial Puzzle"],"potions_floor_usage":[],"damage_taken":[{"damage":13.0,"enemies":"Cultist","floor":1.0,"turns":4.0},{"damage":8.0,"enemies":"2 Louse","floor":4.0,"turns":3.0},{"damage":15.0,"enemies":"Jaw Worm","floor":5.0,"turns":4.0},{"damage":26.0,"enemies":"Lagavulin","floor":6.0,"turns":7.0},{"damage":25.0,"enemies":"Exordium Thugs","floor":8.0,"turns":4.0},{"damage":9.0,"enemies":"Blue Slaver","floor":10.0,"turns":3.0},{"damage":20.0,"enemies":"3 Sentries","floor":14.0,"turns":8.0},{"damage":44,"enemies":"The Guardian","floor":16,"turns":11}],"seed_played":"2977232216096842449","potions_obtained":[{"floor":6.0,"key":"Fire Potion"},{"floor":8.0,"key":"SkillPotion"},{"floor":10.0,"key":"Regen Potion"}],"is_trial":false,"path_per_floor":["?","?","M","?"],"character_chosen":"IRONCLAD","items_purchased":[],"campfire_rested":2,"item_purchase_floors":[],"current_hp_per_floor":[61,50,50,48,39,19,41,22,22,19,41,41,41,42,42,0],"gold":214,"neow_bonus":"THREE_RARE_CARDS","is_prod":false,"is_daily":false,"chose_seed":false,"campfire_upgraded":2,"win_rate":0,"timestamp":1548936622,"path_taken":["M","?","?","M","?","E","R","M","T","M","R","?","R","E","R","BOSS"],"build_version":"2019-01-23","purchased_purges":0,"victory":false,"max_hp_per_floor":[75,75,75,75,75,75,75,75,75,75,75,75,75,75,75,75],"card_choices":[{"not_picked":["Exhume","Double Tap"],"picked":"Offering","floor":0.0},{"not_picked":["Body Slam","Warcry","Seeing Red"],"picked":"SKIP","floor":1.0},{"not_picked":["Havoc","Seeing Red"],"picked":"Flex","floor":4.0},{"not_picked":["Feel No Pain","Heavy Blade"],"picked":"Pommel Strike","floor":5.0},{"not_picked":["Perfected Strike","Armaments"],"picked":"Intimidate","floor":6.0},{"not_picked":["Thunderclap","Fiend Fire"],"picked":"Second Wind+1","floor":8.0},{"not_picked":["Perfected Strike","Uppercut","Evolve+1"],"picked":"SKIP","floor":10.0},{"not_picked":["Wild Strike","Sword Boomerang"],"picked":"Shockwave+1","floor":14.0}],"player_experience":195392,"relics_obtained":[{"floor":6.0,"key":"Toxic Egg 2"},{"floor":9.0,"key":"Frozen Egg 2"},{"floor":14.0,"key":"Centennial Puzzle"}],"event_choices":[{"damage_healed":0.0,"max_hp_gain":0.0,"max_hp_loss":0.0,"gold_gain":75.0,"event_name":"World of Goop","player_choice":"Gather Gold","floor":2.0,"gold_loss":0.0,"damage_taken":11.0},{"damage_healed":0.0,"max_hp_gain":0.0,"max_hp_loss":0.0,"gold_gain":0.0,"cards_transformed":["Strike_R"],"event_name":"Transmorgrifier","player_choice":"Transformed","floor":3.0,"gold_loss":0.0,"damage_taken":0.0,"cards_obtained":["Anger"]},{"cards_removed":["Strike_R"],"damage_healed":0.0,"max_hp_gain":0.0,"max_hp_loss":0.0,"gold_gain":0.0,"event_name":"Living Wall","player_choice":"Forget","floor":12.0,"gold_loss":0.0,"damage_taken":0.0}],"is_beta":false,"boss_relics":[],"items_purged_floors":[],"is_endless":false,"potions_floor_spawned":[6,8,10],"killed_by":"The Guardian","ascension_level":17}