{"gold_per_floor":[115,115,115,190,155,155,189,210,234,234,275,290,290],"floor_reached":13,"playtime":212,"items_purged":[],"score":232,"play_id":"00d95e3b-469b-4eea-b3b1-de951a65a0b9","local_time":"20190205115604","is_ascension_mode":true,"campfire_choices":[{"data":"Neutralize","floor":6,"key":"SMITH"},{"data":"Riddle With Holes","floor":10,"key":"SMITH"}],"neow_cost":"NONE","seed_source_timestamp":505791093189413,"circlet_count":0,"master_deck":["AscendersBane","Defend_G","Defend_G","Defend_G","Defend_G","Defend_G","Strike_G","Strike_G","Strike_G","Strike_G","Strike_G","Survivor","Neutralize+1","Dash","Backstab","Riddle With Holes+1","Footwork","Cloak And Dagger"],"relics":["Ring of the Snake","NeowsBlessing","Golden Idol","Snake Skull","Smiling Mask","Boot","Matryoshka"],"potions_floor_usage":[11],"damage_taken":[{"damage":0,"enemies":"Jaw Worm","floor":1,"turns":1},{"damage":0,"enemies":"Gremlin Nob","floor":7,"turns":1},{"damage":0,"enemies":"Small Slimes","floor":8,"turns":1},{"damage":17,"enemies":"3 Sentries","floor":11,"turns":10},{"damage":0,"enemies":"2 Louse","floor":12,"turns":2},{"damage":26,"enemies":"Gremlin Nob","floor":13,"turns":3}],"seed_played":"-547042143974810903","potions_obtained":[{"floor":1,"key":"Regen Potion"}],"is_trial":false,"path_per_floor":["M","?","?","?","?","R","E","M","T","R","E","M","E"],"character_chosen":"THE_SILENT","items_purchased":[],"campfire_rested":0,"item_purchase_floors":[],"current_hp_per_floor":[59,59,24,13,28,28,28,28,28,28,26,26,0],"gold":290,"neow_bonus":"THREE_ENEMY_KILL","is_prod":false,"is_daily":false,"chose_seed":false,"campfire_upgraded":2,"win_rate":0,"timestamp":1549364164,"path_taken":["M","?","?","?","?","R","E","M","T","R","E","M","E"],"build_version":"2019-01-23","purchased_purges":0,"victory":false,"max_hp_per_floor":[66,60,60,60,60,60,60,60,60,60,60,60,60],"card_choices":[{"not_picked":["Sucker Punch","Deadly Poison"],"picked":"Dash","floor":1},{"not_picked":["Outmaneuver","Quick Slash"],"picked":"Backstab","floor":7},{"not_picked":["Endless Agony","Prepared"],"picked":"Riddle With Holes","floor":8},{"not_picked":["Phantasmal Killer","Backstab"],"picked":"Footwork","floor":11},{"not_picked":["Heel Hook","Quick Slash"],"picked":"Cloak And Dagger","floor":12}],"player_experience":954487,"relics_obtained":[{"floor":7,"key":"Smiling Mask"},{"floor":9,"key":"Boot"},{"floor":11,"key":"Matryoshka"}],"event_choices":[{"damage_healed":0,"gold_gain":0,"player_choice":"Lose Max HP","damage_taken":0,"relics_obtained":["Golden Idol"],"max_hp_gain":0,"max_hp_loss":6,"event_name":"Golden Idol","floor":2,"gold_loss":0},{"damage_healed":0,"gold_gain":0,"player_choice":"Success","damage_taken":35,"relics_obtained":["Snake Skull"],"max_hp_gain":0,"max_hp_loss":0,"event_name":"Scrap Ooze","floor":3,"gold_loss":0},{"damage_healed":0,"gold_gain":75,"player_choice":"Gather Gold","damage_taken":11,"max_hp_gain":0,"max_hp_loss":0,"event_name":"World of Goop","floor":4,"gold_loss":0},{"damage_healed":15,"gold_gain":0,"player_choice":"Healed","damage_taken":0,"max_hp_gain":0,"max_hp_loss":0,"event_name":"The Cleric","floor":5,"gold_loss":35}],"is_beta":false,"boss_relics":[],"items_purged_floors":[],"is_endless":false,"potions_floor_spawned":[1],"killed_by":"Gremlin Nob","ascension_level":20}