{"gold_per_floor":[109,125,125,200,200,229,246,273,300,300,265,291,310,310,310,310],"floor_reached":16,"playtime":722,"items_purged":[],"score":212,"play_id":"f45fffcd-20c7-4bf7-a273-ffa713083eb7","local_time":"20190217182842","is_ascension_mode":true,"campfire_choices":[{"floor":10,"key":"REST"},{"floor":15,"key":"REST"}],"neow_cost":"NONE","seed_source_timestamp":64541754560584,"circlet_count":0,"master_deck":["AscendersBane","Strike_R","Strike_R","Strike_R","Strike_R","Strike_R","Defend_R","Defend_R","Defend_R","Defend_R","Bash","Dark Embrace","Havoc","Whirlwind","Pommel Strike","Spot Weakness","True Grit","Flex","Impervious"],"relics":["Burning Blood","Bag of Preparation","Oddly Smooth Stone","Strawberry","Centennial Puzzle","Potion Belt","Sundial"],"potions_floor_usage":[7,8,16],"damage_taken":[{"damage":11,"enemies":"Jaw Worm","floor":1,"turns":4},{"damage":3,"enemies":"2 Louse","floor":2,"turns":4},{"damage":40,"enemies":"Gremlin Nob","floor":6,"turns":5},{"damage":20,"enemies":"Small Slimes","floor":7,"turns":4},{"damage":24,"enemies":"3 Sentries","floor":8,"turns":5},{"damage":52,"enemies":"Gremlin Nob","floor":12,"turns":6},{"damage":5,"enemies":"Looter","floor":13,"turns":3},{"damage":44,"enemies":"The Guardian","floor":16,"turns":14}],"seed_played":"-3842962746399778668","potions_obtained":[{"floor":6,"key":"BloodPotion"},{"floor":7,"key":"Fire Potion"},{"floor":13,"key":"FearPotion"}],"is_trial":false,"path_per_floor":["M","M","?","?","?","E","M","E","T","R","?","E","M","T","R","B"],"character_chosen":"IRONCLAD","items_purchased":[],"campfire_rested":2,"item_purchase_floors":[],"current_hp_per_floor":[63,66,55,44,69,35,28,17,17,41,61,15,16,16,40,0],"gold":310,"neow_bonus":"ONE_RANDOM_RARE_CARD","is_prod":false,"is_daily":false,"chose_seed":false,"campfire_upgraded":0,"win_rate":0,"timestamp":1550456922,"path_taken":["M","M","?","?","?","E","M","E","T","R","?","E","M","?","R","BOSS"],"build_version":"2019-01-23","purchased_purges":0,"victory":false,"max_hp_per_floor":[75,75,75,75,75,75,75,82,82,82,82,82,82,82,82,82],"card_choices":[{"not_picked":["Iron Wave","Spot Weakness"],"picked":"Havoc","floor":1},{"not_picked":["Warcry","Havoc"],"picked":"Whirlwind","floor":2},{"not_picked":["Searing Blow","Flame Barrier"],"picked":"Pommel Strike","floor":6},{"not_picked":["Fire Breathing","Iron Wave"],"picked":"Spot Weakness","floor":7},{"not_picked":["Intimidate","Twin Strike"],"picked":"True Grit","floor":8},{"not_picked":["Thunderclap","Evolve"],"picked":"Flex","floor":12},{"not_picked":["Clash","Evolve"],"picked":"Impervious","floor":13}],"player_experience":539795,"relics_obtained":[{"floor":6,"key":"Oddly Smooth Stone"},{"floor":8,"key":"Strawberry"},{"floor":9,"key":"Centennial Puzzle"},{"floor":12,"key":"Potion Belt"},{"floor":14,"key":"Sundial"}],"event_choices":[{"damage_healed":0,"gold_gain":0,"player_choice":"Success","damage_taken":11,"relics_obtained":["Bag of Preparation"],"max_hp_gain":0,"max_hp_loss":0,"event_name":"Scrap Ooze","floor":3,"gold_loss":0},{"damage_healed":0,"gold_gain":75,"player_choice":"Gather Gold","damage_taken":11,"max_hp_gain":0,"max_hp_loss":0,"event_name":"World of Goop","floor":4,"gold_loss":0},{"damage_healed":25,"gold_gain":0,"player_choice":"Banana","damage_taken":0,"max_hp_gain":0,"max_hp_loss":0,"event_name":"Big Fish","floor":5,"gold_loss":0},{"damage_healed":20,"gold_gain":0,"player_choice":"Healed","damage_taken":0,"max_hp_gain":0,"max_hp_loss":0,"event_name":"The Cleric","floor":11,"gold_loss":35}],"is_beta":false,"boss_relics":[],"items_purged_floors":[],"is_endless":false,"potions_floor_spawned":[6,7,13],"killed_by":"The Guardian","ascension_level":16}