{"gold_per_floor":[113,188,208,223,223,223,233,233,233,264,275,275,306,108,108,203,203,217,217,21,18,18,18,18,36,36,36,50,50,68,68,68,68],"floor_reached":33,"playtime":3173,"items_purged":["Strike_R","Strike_R"],"score":293,"play_id":"ea88172e-c1bd-45ca-959e-3c150825a41e","local_time":"20180913220757","is_ascension_mode":true,"campfire_choices":[{"data":"Shrug It Off","floor":6,"key":"SMITH"},{"data":"Headbutt","floor":8,"key":"SMITH"},{"floor":12,"key":"REST"},{"floor":15,"key":"REST"},{"floor":23,"key":"REST"},{"floor":29,"key":"REST"},{"floor":32,"key":"REST"}],"neow_cost":"","seed_source_timestamp":162620355765116,"circlet_count":0,"master_deck":["Strike_R","Strike_R","Defend_R","Defend_R","Defend_R","Defend_R","Bash","Shrug It Off+1","Headbutt+1","Iron Wave","Evolve","Seeing Red","Ghostly Armor","Anger","Dark Embrace","Dual Wield","Havoc","Decay","Headbutt+1","Warcry","Shockwave+1"],"relics":["Burning Blood","Du-Vu Doll","Ginger","Pear","White Beast Statue","Dodecahedron","MutagenicStrength"],"potions_floor_usage":[10,13,16,16,16,21,21,28,28,30,33],"damage_taken":[{"damage":8,"enemies":"2 Louse","floor":1,"turns":4},{"damage":7,"enemies":"Jaw Worm","floor":3,"turns":7},{"damage":6,"enemies":"Cultist","floor":4,"turns":3},{"damage":2,"enemies":"Exordium Wildlife","floor":7,"turns":6},{"damage":48,"enemies":"Lagavulin","floor":10,"turns":13},{"damage":9,"enemies":"3 Louse","floor":11,"turns":3},{"damage":15,"enemies":"3 Sentries","floor":13,"turns":12},{"damage":26,"enemies":"The Guardian","floor":16,"turns":17},{"damage":65,"enemies":"3 Byrds","floor":18,"turns":12},{"damage":13,"enemies":"2 Thieves","floor":21,"turns":4},{"damage":51,"enemies":"Snake Plant","floor":25,"turns":7},{"damage":17,"enemies":"Snecko","floor":28,"turns":5},{"damage":47,"enemies":"Shelled Parasite and Fungi","floor":30,"turns":13},{"damage":63,"enemies":"Automaton","floor":33,"turns":6}],"seed_played":"380034522242099422","potions_obtained":[{"floor":3,"key":"SpeedPotion"},{"floor":11,"key":"Weak Potion"},{"floor":13,"key":"EssenceOfSteel"},{"floor":18,"key":"Poison Potion"},{"floor":21,"key":"SteroidPotion"},{"floor":25,"key":"Weak Potion"},{"floor":28,"key":"EssenceOfSteel"},{"floor":30,"key":"Fire Potion"}],"is_trial":false,"path_per_floor":["M","?","M","M","?","R","M","R","T","E","M","R","E","$","R","B",null,"M","?","$","M","?","R","?","M","T","?","M","R","M","?","R"],"character_chosen":"IRONCLAD","items_purchased":["LiquidBronze","Block Potion","Havoc","PowerPotion"],"campfire_rested":5,"item_purchase_floors":[14,14,20,20],"current_hp_per_floor":[78,67,66,66,66,66,70,70,70,28,25,49,50,50,77,57,90,31,31,31,24,24,51,81,36,36,36,25,52,11,11,38,0],"gold":68,"neow_bonus":"","is_prod":false,"is_daily":false,"chose_seed":false,"campfire_upgraded":2,"win_rate":0,"timestamp":1536894477,"path_taken":["M","?","M","M","?","R","?","R","T","E","M","R","E","$","R","BOSS","M","?","$","M","?","R","?","M","T","?","?","R","M","?","R","BOSS"],"build_version":"2018-09-06","purchased_purges":2,"victory":false,"max_hp_per_floor":[80,80,80,80,80,80,80,80,80,80,80,80,90,90,90,90,90,90,90,90,90,90,90,90,90,90,90,90,90,90,90,90,90],"card_choices":[{"not_picked":["Pommel Strike","Clothesline"],"picked":"Shrug It Off","floor":1},{"not_picked":["Reckless Charge","Perfected Strike"],"picked":"Headbutt","floor":3},{"not_picked":["Armaments","Infernal Blade"],"picked":"Iron Wave","floor":4},{"not_picked":["Wild Strike","Whirlwind"],"picked":"Evolve","floor":7},{"not_picked":["Heavy Blade","Cleave"],"picked":"Seeing Red","floor":10},{"not_picked":["Warcry","Iron Wave"],"picked":"Ghostly Armor","floor":11},{"not_picked":["Sword Boomerang","Twin Strike"],"picked":"Anger","floor":13},{"not_picked":["Reaper","Demon Form"],"picked":"Dark Embrace","floor":16},{"not_picked":["Armaments","Clash"],"picked":"Dual Wield","floor":18},{"not_picked":["Carnage","Perfected Strike+1","Havoc+1"],"picked":"SKIP","floor":21},{"not_picked":["Feel No Pain","Hemokinesis"],"picked":"Headbutt+1","floor":25},{"not_picked":["Thunderclap+1","Iron Wave+1"],"picked":"Warcry","floor":28},{"not_picked":["Shrug It Off","Sever Soul"],"picked":"Shockwave+1","floor":30}],"player_experience":236935,"relics_obtained":[{"floor":9,"key":"Du-Vu Doll"},{"floor":10,"key":"Ginger"},{"floor":13,"key":"Pear"},{"floor":26,"key":"Dodecahedron"}],"event_choices":[{"event_name":"World of Goop","player_choice":"Gather Gold","floor":2,"damage_taken":0},{"event_name":"Liars Game","player_choice":"disagreed","floor":5,"damage_taken":0},{"event_name":"Cursed Tome","player_choice":"Ignored","floor":19,"damage_taken":0},{"event_name":"Forgotten Altar","player_choice":"Smashed Altar","floor":22,"damage_taken":0},{"event_name":"The Library","player_choice":"Heal","floor":24,"damage_taken":0},{"event_name":"Drug Dealer","player_choice":"Inject Mutagens","floor":27,"damage_taken":0},{"event_name":"Back to Basics","player_choice":"Elegance","floor":31,"damage_taken":0}],"is_beta":false,"boss_relics":[{"not_picked":["Orrery","Pandora\u0027s Box"],"picked":"White Beast Statue"}],"items_purged_floors":[14,20],"is_endless":false,"potions_floor_spawned":[3,11,13,18,21,25,28,30],"killed_by":"Automaton","ascension_level":3}