{"gold_per_floor":[119,119,65,78,91,91,122,122,148,148,165,195,195,228,228,300,300,220,5,5,5,5,5,5,5,5,5,5,5,5,5,5,5,5,5,5,5,5,5,5,5,5,5,5,5,5,5,5,5,5],"floor_reached":50,"playtime":3593,"items_purged":[],"score":1166,"play_id":"c3056db3-eb58-43b3-a1f1-3dc99ebafa70","local_time":"20190206144926","is_ascension_mode":true,"campfire_choices":[{"data":"Neutralize","floor":6.0,"key":"SMITH"},{"data":"Skewer","floor":8.0,"key":"SMITH"},{"floor":10.0,"key":"REST"},{"data":"Deadly Poison","floor":13.0,"key":"SMITH"},{"data":"Well Laid Plans","floor":15.0,"key":"SMITH"},{"data":"Ghostly","floor":24.0,"key":"SMITH"},{"data":"Ghostly","floor":25.0,"key":"SMITH"},{"data":"Ghostly","floor":27.0,"key":"SMITH"},{"data":"Burst","floor":32.0,"key":"SMITH"},{"floor":41.0,"key":"REST"},{"data":"Deadly Poison","floor":45.0,"key":"SMITH"},{"floor":49,"key":"REST"}],"neow_cost":"NONE","seed_source_timestamp":599127631771495,"circlet_count":0,"master_deck":["AscendersBane","Defend_G","Defend_G+1","Defend_G","Defend_G","Defend_G","Strike_G+1","Strike_G","Strike_G","Survivor","Neutralize+1","Dagger Spray","Well Laid Plans+1","Dagger Spray","Skewer+1","Deadly Poison+1","Burst+1","Caltrops","Ghostly+1","Ghostly+1","Ghostly+1","Slice","Glass Knife","Deadly Poison+1","PiercingWail+1","Caltrops","Deadly Poison+1","Crippling Poison","Phantasmal Killer","Escape Plan+1","Deflect+1","PiercingWail+1"],"special_seed":0,"relics":["Ring of the Snake","Orichalcum","Regal Pillow","WingedGreaves","Ice Cream","Ectoplasm","Bag of Preparation","The Courier","Pear","Tingsha","Busted Crown","Oddly Smooth Stone","Ornamental Fan","Old Coin"],"potions_floor_usage":[48],"damage_taken":[{"damage":4.0,"enemies":"Jaw Worm","floor":1.0,"turns":3.0},{"damage":0.0,"enemies":"Small Slimes","floor":4.0,"turns":4.0},{"damage":0.0,"enemies":"2 Louse","floor":5.0,"turns":2.0},{"damage":18.0,"enemies":"Lagavulin","floor":7.0,"turns":6.0},{"damage":1.0,"enemies":"Blue Slaver","floor":11.0,"turns":4.0},{"damage":12.0,"enemies":"3 Sentries","floor":12.0,"turns":5.0},{"damage":19.0,"enemies":"Lagavulin","floor":14.0,"turns":5.0},{"damage":11.0,"enemies":"The Guardian","floor":16.0,"turns":10.0},{"damage":6.0,"enemies":"2 Thieves","floor":18.0,"turns":5.0},{"damage":0.0,"enemies":"Chosen","floor":22.0,"turns":4.0},{"damage":16.0,"enemies":"Gremlin Leader","floor":23.0,"turns":6.0},{"damage":0.0,"enemies":"Snake Plant","floor":28.0,"turns":4.0},{"damage":1.0,"enemies":"Snecko","floor":29.0,"turns":5.0},{"damage":0.0,"enemies":"Sentry and Sphere","floor":30.0,"turns":6.0},{"damage":7.0,"enemies":"Slavers","floor":31.0,"turns":7.0},{"damage":24.0,"enemies":"Champ","floor":33.0,"turns":12.0},{"damage":5.0,"enemies":"Orb Walker","floor":35.0,"turns":4.0},{"damage":12.0,"enemies":"3 Darklings","floor":36.0,"turns":4.0},{"damage":5.0,"enemies":"4 Shapes","floor":38.0,"turns":8.0},{"damage":9.0,"enemies":"Giant Head","floor":40.0,"turns":6.0},{"damage":0.0,"enemies":"Sphere and 2 Shapes","floor":44.0,"turns":6.0},{"damage":0.0,"enemies":"Nemesis","floor":46.0,"turns":5.0},{"damage":0,"enemies":"3 Darklings","floor":48,"turns":6},{"damage":45,"enemies":"Donu and Deca","floor":50,"turns":9}],"seed_played":"154196470305823129","potions_obtained":[{"floor":0.0,"key":"Fruit Juice"},{"floor":0.0,"key":"FearPotion"},{"floor":0.0,"key":"SteroidPotion"},{"floor":1.0,"key":"Block Potion"},{"floor":11.0,"key":"GhostInAJar"},{"floor":12.0,"key":"LiquidBronze"},{"floor":22.0,"key":"Block Potion"},{"floor":23.0,"key":"AttackPotion"},{"floor":29.0,"key":"EntropicBrew"},{"floor":30.0,"key":"Regen Potion"},{"floor":36.0,"key":"Weak Potion"},{"floor":38.0,"key":"FearPotion"},{"floor":44.0,"key":"Strength Potion"}],"is_trial":false,"path_per_floor":["M","?","$","M","M","R","E","R","T","R","M","E","R","E","R","B",null,"M","$","?","?","M","E","R","R","T","R","M","M","M","E","R","B",null,"M","M","?","M","?","E","R","T","T","M","R","E","?","M","R","B"],"character_chosen":"THE_SILENT","items_purchased":["Dagger Spray","Bag of Preparation","Caltrops"],"campfire_rested":3,"item_purchase_floors":[3,19,19],"current_hp_per_floor":[60,39,39,39,39,39,21,21,21,57,56,44,44,25,25,14,57,51,51,35,35,35,19,19,19,29,29,29,28,28,36,36,12,37,32,20,20,15,15,6,34,34,34,34,34,34,34,34,45,0],"gold":5,"neow_bonus":"THREE_SMALL_POTIONS","is_prod":false,"is_daily":false,"chose_seed":false,"campfire_upgraded":9,"win_rate":0,"timestamp":1549460966,"path_taken":["M","?","$","M","M","R","E","R","T","R","M","E","R","E","R","BOSS","M","$","?","?","M","E","R","R","T","R","M","M","M","E","R","BOSS","M","M","?","M","?","E","R","?","T","M","R","E","?","?","R","BOSS"],"build_version":"2019-01-23","purchased_purges":0,"victory":false,"max_hp_per_floor":[71,71,71,71,71,71,71,71,71,71,71,71,71,71,71,71,71,71,71,35,35,35,35,35,35,45,45,45,45,45,45,45,45,45,45,45,45,45,45,45,45,45,45,45,45,45,45,45,45,45],"card_choices":[{"not_picked":["Acrobatics","Bane"],"picked":"Dagger Throw","floor":1.0},{"not_picked":["Heel Hook","Blade Dance"],"picked":"Well Laid Plans","floor":4.0},{"not_picked":["Dodge and Roll","Catalyst"],"picked":"Dagger Spray","floor":5.0},{"not_picked":["Deflect","Infinite Blades"],"picked":"Skewer","floor":7.0},{"not_picked":["Concentrate","Grand Finale"],"picked":"Deadly Poison","floor":11.0},{"not_picked":["Well Laid Plans","Outmaneuver","Underhanded Strike"],"picked":"SKIP","floor":12.0},{"not_picked":["Blade Dance","Sucker Punch","Finisher"],"picked":"SKIP","floor":14.0},{"not_picked":["Glass Knife","Corpse Explosion"],"picked":"Burst","floor":16.0},{"not_picked":["Bane","Tactician","Cloak And Dagger"],"picked":"SKIP","floor":18.0},{"not_picked":["Heel Hook","Cloak And Dagger"],"picked":"Deadly Poison","floor":22.0},{"not_picked":["Deadly Poison","Dagger Throw"],"picked":"PiercingWail+1","floor":23.0},{"not_picked":["Prepared","Poisoned Stab"],"picked":"Caltrops","floor":28.0},{"not_picked":["Blade Dance+1","Cloak And Dagger","Dodge and Roll"],"picked":"SKIP","floor":29.0},{"not_picked":["Well Laid Plans","Endless Agony"],"picked":"Deadly Poison+1","floor":30.0},{"not_picked":["Dagger Throw","Distraction+1"],"picked":"Crippling Poison","floor":31.0},{"not_picked":["After Image","Envenom"],"picked":"Phantasmal Killer","floor":33.0},{"not_picked":[],"picked":"Escape Plan+1","floor":35.0},{"not_picked":["Quick Slash"],"picked":"SKIP","floor":36.0},{"not_picked":[],"picked":"Deflect+1","floor":38.0},{"not_picked":["Outmaneuver"],"picked":"SKIP","floor":40.0},{"not_picked":[],"picked":"PiercingWail+1","floor":44.0},{"not_picked":["Bane"],"picked":"SKIP","floor":46.0},{"not_picked":["Quick Slash+1"],"picked":"SKIP","floor":48}],"player_experience":965376,"relics_obtained":[{"floor":7.0,"key":"Orichalcum"},{"floor":9.0,"key":"Regal Pillow"},{"floor":12.0,"key":"WingedGreaves"},{"floor":14.0,"key":"Ice Cream"},{"floor":23.0,"key":"The Courier"},{"floor":26.0,"key":"Pear"},{"floor":31.0,"key":"Tingsha"},{"floor":40.0,"key":"Oddly Smooth Stone"},{"floor":42.0,"key":"Ornamental Fan"},{"floor":46.0,"key":"Old Coin"}],"event_choices":[{"damage_healed":0.0,"max_hp_gain":0.0,"max_hp_loss":0.0,"gold_gain":0.0,"event_name":"Shining Light","player_choice":"Entered Light","floor":2.0,"gold_loss":0.0,"damage_taken":21.0,"cards_upgraded":["Strike_G","Defend_G"]},{"damage_healed":0.0,"max_hp_gain":0.0,"max_hp_loss":36.0,"gold_gain":0.0,"event_name":"Ghosts","player_choice":"Became a Ghost","floor":20.0,"gold_loss":0.0,"damage_taken":0.0,"cards_obtained":["Ghostly","Ghostly","Ghostly"]},{"damage_healed":0.0,"max_hp_gain":0.0,"max_hp_loss":0.0,"gold_gain":0.0,"cards_transformed":["Strike_G","Strike_G"],"event_name":"Drug Dealer","player_choice":"Became Test Subject","floor":21.0,"gold_loss":0.0,"damage_taken":0.0,"cards_obtained":["Slice","Glass Knife"]},{"damage_healed":0.0,"max_hp_gain":0.0,"max_hp_loss":0.0,"gold_gain":0.0,"event_name":"Mysterious Sphere","player_choice":"Ignored","floor":37.0,"gold_loss":0.0,"damage_taken":0.0},{"damage_healed":0.0,"max_hp_gain":0.0,"max_hp_loss":0.0,"gold_gain":0.0,"event_name":"SensoryStone","player_choice":"Memory 1","floor":39.0,"gold_loss":0.0,"damage_taken":0.0},{"cards_removed":["Dagger Throw"],"damage_healed":0.0,"max_hp_gain":0.0,"max_hp_loss":0.0,"gold_gain":0.0,"event_name":"Falling","player_choice":"Removed Attack","floor":47.0,"gold_loss":0.0,"damage_taken":0.0}],"is_beta":false,"boss_relics":[{"not_picked":["Tiny House","Pandora\u0027s Box"],"picked":"Ectoplasm"},{"not_picked":["HoveringKite","Eternal Feather"],"picked":"Busted Crown"}],"items_purged_floors":[],"is_endless":false,"potions_floor_spawned":[1,11,12,14,16,22,23,29,30,36,38,44],"killed_by":"Donu and Deca","ascension_level":20}