{"gold_per_floor":[111,36,54,73,73,73,111,111,111,135,150,164,91,76],"floor_reached":14,"playtime":416,"items_purged":["Strike_R"],"score":147,"play_id":"edac6958-3156-4337-ba53-2b896791103c","local_time":"20181011231232","is_ascension_mode":true,"campfire_choices":[{"data":"Fiend Fire","floor":6,"key":"SMITH"},{"data":"Rage","floor":8,"key":"SMITH"}],"neow_cost":"TEN_PERCENT_HP_LOSS","seed_source_timestamp":126979907183322,"circlet_count":0,"master_deck":["Strike_R","Strike_R","Strike_R","Strike_R","Defend_R","Defend_R","Defend_R","Defend_R","Bash","AscendersBane","Fiend Fire+1","Spot Weakness","Flex","Rage+1","True Grit","Battle Trance","Armaments","Metallicize"],"relics":["Burning Blood","Golden Idol","Calipers","Shuriken"],"potions_floor_usage":[3,4],"damage_taken":[{"damage":1,"enemies":"Cultist","floor":1,"turns":3},{"damage":1,"enemies":"Small Slimes","floor":3,"turns":4},{"damage":6,"enemies":"Jaw Worm","floor":4,"turns":1},{"damage":25,"enemies":"Lagavulin","floor":7,"turns":7},{"damage":18,"enemies":"Exordium Thugs","floor":10,"turns":4},{"damage":19,"enemies":"2 Fungi Beasts","floor":11,"turns":5},{"damage":5,"enemies":"Large Slime","floor":12,"turns":3},{"damage":11,"enemies":"Looter","floor":14,"turns":1}],"seed_played":"-453960267263208376","potions_obtained":[{"floor":1,"key":"SkillPotion"},{"floor":3,"key":"SkillPotion"},{"floor":11,"key":"Explosive Potion"}],"is_trial":false,"path_per_floor":["M","$","M","M","?","R","E","R","T","M","M","M","$"],"character_chosen":"IRONCLAD","items_purchased":["Metallicize"],"campfire_rested":0,"item_purchase_floors":[13],"current_hp_per_floor":[72,72,72,72,54,54,35,35,35,23,10,11,11,0],"gold":76,"neow_bonus":"THREE_RARE_CARDS","is_prod":false,"is_daily":false,"chose_seed":false,"campfire_upgraded":2,"win_rate":0,"timestamp":1539292352,"path_taken":["M","?","M","M","?","R","E","R","T","M","?","M","$","M"],"build_version":"2018-10-04v2","purchased_purges":1,"victory":false,"max_hp_per_floor":[72,72,72,72,72,72,72,72,72,72,72,72,72,72],"card_choices":[{"not_picked":["Limit Break","Exhume"],"picked":"Fiend Fire","floor":0},{"not_picked":["Pummel","Sword Boomerang"],"picked":"Spot Weakness","floor":1},{"not_picked":["Sever Soul","Clothesline"],"picked":"Flex","floor":3},{"not_picked":["Wild Strike","Thunderclap"],"picked":"Rage","floor":4},{"not_picked":["Pummel","Rupture","Clothesline"],"picked":"SKIP","floor":7},{"not_picked":["Disarm","Uppercut"],"picked":"True Grit","floor":10},{"not_picked":["Heavy Blade","True Grit"],"picked":"Battle Trance","floor":11},{"not_picked":["Rupture","Feed"],"picked":"Armaments","floor":12}],"player_experience":506854,"relics_obtained":[{"floor":7,"key":"Calipers"},{"floor":9,"key":"Shuriken"}],"event_choices":[{"event_name":"Golden Idol","player_choice":"Take Damage","floor":5,"damage_taken":0}],"is_beta":false,"boss_relics":[],"items_purged_floors":[2],"is_endless":false,"potions_floor_spawned":[1,3,11],"killed_by":"Looter","ascension_level":12}