{"gold_per_floor":[114,128,148,162,162,223,223,250,277,311,324,352,363,381,381,479,479,492,492,478,478],"floor_reached":21,"playtime":1456,"items_purged":[],"score":308,"play_id":"ed0b0bb5-92a8-4b0f-9deb-9b389314b9b0","local_time":"20181006002144","is_ascension_mode":true,"campfire_choices":[{"data":"Demon Form","floor":7,"key":"SMITH"},{"data":"Armaments","floor":15,"key":"SMITH"}],"neow_cost":"NONE","seed_source_timestamp":795164538664673,"circlet_count":0,"master_deck":["Strike_R","Strike_R","Strike_R","Strike_R+1","Strike_R","Defend_R","Defend_R","Defend_R","Defend_R","Heavy Blade","Armaments+1","Sever Soul","Cleave+1","Flex","Demon Form+1","Wild Strike","Limit Break"],"relics":["Burning Blood","Tiny Chest","Smiling Mask","Whetstone","Ginger","Busted Crown","Nloth\u0027s Gift"],"potions_floor_usage":[6,6,8,10,12,18],"damage_taken":[{"damage":2,"enemies":"Jaw Worm","floor":1,"turns":5},{"damage":1,"enemies":"Cultist","floor":2,"turns":3},{"damage":10,"enemies":"Small Slimes","floor":3,"turns":3},{"damage":11,"enemies":"Looter","floor":4,"turns":5},{"damage":2,"enemies":"3 Sentries","floor":6,"turns":3},{"damage":16,"enemies":"Gremlin Nob","floor":8,"turns":3},{"damage":22,"enemies":"3 Sentries","floor":10,"turns":8},{"damage":5,"enemies":"3 Louse","floor":11,"turns":3},{"damage":0,"enemies":"Gremlin Nob","floor":12,"turns":2},{"damage":8,"enemies":"Red Slaver","floor":13,"turns":4},{"damage":1,"enemies":"2 Fungi Beasts","floor":14,"turns":3},{"damage":58,"enemies":"The Guardian","floor":16,"turns":9},{"damage":24,"enemies":"Shell Parasite","floor":18,"turns":5},{"damage":24,"enemies":"2 Thieves","floor":20,"turns":4},{"damage":38,"enemies":"Centurion and Healer","floor":21,"turns":4}],"seed_played":"461844944259465816","potions_obtained":[{"floor":2,"key":"Dexterity Potion"},{"floor":3,"key":"PowerPotion"},{"floor":4,"key":"AttackPotion"},{"floor":6,"key":"FearPotion"},{"floor":10,"key":"FearPotion"},{"floor":16,"key":"EssenceOfSteel"}],"is_trial":false,"path_per_floor":["M","M","M","M","?","E","R","E","T","E","M","?","M","M","R","B",null,"M","?","M"],"character_chosen":"IRONCLAD","items_purchased":[],"campfire_rested":0,"item_purchase_floors":[],"current_hp_per_floor":[76,80,76,71,71,75,75,65,65,49,50,56,54,59,59,7,62,44,44,26,0],"gold":478,"neow_bonus":"THREE_CARDS","is_prod":false,"is_daily":false,"chose_seed":false,"campfire_upgraded":2,"win_rate":0,"timestamp":1538799704,"path_taken":["M","M","M","M","?","E","R","E","T","E","M","?","M","?","R","BOSS","M","?","?","M"],"build_version":"2018-10-04","purchased_purges":0,"victory":false,"max_hp_per_floor":[80,80,80,80,80,80,80,80,80,80,80,80,80,80,80,80,80,80,80,80,80],"card_choices":[{"not_picked":["Second Wind","Iron Wave"],"picked":"Heavy Blade","floor":0},{"not_picked":["Metallicize","Body Slam"],"picked":"Armaments","floor":1},{"not_picked":["Combust","Fire Breathing"],"picked":"Sever Soul","floor":2},{"not_picked":["Sentinel","Iron Wave"],"picked":"Cleave","floor":3},{"not_picked":["Sword Boomerang","Rage"],"picked":"Flex","floor":4},{"not_picked":["Clothesline","Twin Strike"],"picked":"Demon Form","floor":6},{"not_picked":["Perfected Strike","Rage","Thunderclap"],"picked":"SKIP","floor":8},{"not_picked":["Whirlwind","Headbutt","Thunderclap"],"picked":"SKIP","floor":10},{"not_picked":["Wild Strike","Twin Strike","Pommel Strike"],"picked":"SKIP","floor":11},{"not_picked":["Twin Strike","Pommel Strike"],"picked":"Wild Strike","floor":11},{"not_picked":["Uppercut","Headbutt","Twin Strike"],"picked":"SKIP","floor":13},{"not_picked":["Anger","Dual Wield","Cleave"],"picked":"SKIP","floor":14},{"not_picked":["Double Tap","Feed"],"picked":"Limit Break","floor":16},{"not_picked":["Havoc"],"picked":"SKIP","floor":18},{"not_picked":["Sword Boomerang"],"picked":"SKIP","floor":20}],"player_experience":309937,"relics_obtained":[{"floor":6,"key":"Tiny Chest"},{"floor":8,"key":"Smiling Mask"},{"floor":9,"key":"Potion Belt"},{"floor":10,"key":"Whetstone"}],"event_choices":[{"event_name":"Bonfire Elementals","player_choice":"BASIC","floor":5,"damage_taken":0},{"event_name":"Dead Adventurer","player_choice":"Searched \u00273\u0027 times","floor":12,"damage_taken":0},{"event_name":"N\u0027loth","player_choice":"Traded a Potion Belt","floor":19,"damage_taken":0}],"is_beta":false,"boss_relics":[{"not_picked":["Sozu","Ectoplasm"],"picked":"Busted Crown"}],"items_purged_floors":[],"is_endless":false,"potions_floor_spawned":[2,3,4,6,10,16],"killed_by":"Centurion and Healer","ascension_level":7}