{"gold_per_floor":[15,27,27,41,0,27,27,44,44,44,57,89,104,133,133,211,211,224,243,20,40,53,53,67,67,67,67,102,113,130,35,35,107,107,123,133,144,61,61,61,93,143],"floor_reached":42,"playtime":3238,"items_purged":[],"score":922,"play_id":"8ba5ad47-9889-44fd-a26f-66fcabd53c9a","local_time":"20190122145228","is_ascension_mode":true,"campfire_choices":[{"floor":7,"key":"REST"},{"data":"Leg Sweep","floor":15,"key":"SMITH"},{"data":"Crippling Poison","floor":23,"key":"SMITH"},{"floor":25,"key":"REST"},{"data":"Panache","floor":32,"key":"SMITH"},{"floor":40,"key":"REST"}],"neow_cost":"NO_GOLD","seed_source_timestamp":7923176029846,"circlet_count":0,"master_deck":["AscendersBane","Survivor","Neutralize","Deadly Poison","Dagger Spray","Quick Slash","Deadly Poison","Leg Sweep+1","Crippling Poison+1","Poisoned Stab","PiercingWail","Corpse Explosion","Envenom+1","Glass Knife","Slice","Endless Agony","Underhanded Strike","Dagger Spray","PiercingWail","Poisoned Stab","Grand Finale","Acrobatics+1","Deflect","Panache+1","Leg Sweep","Backflip","Crippling Poison+1","Slice","Backflip","Dagger Spray","Panacea","Backflip+1","Noxious Fumes","Leg Sweep","Parasite"],"relics":["Ring of the Snake","Ice Cream","Bottled Flame","Mummified Hand","Meat on the Bone","Nunchaku","Pandora\u0027s Box","Bag of Preparation","Pantograph","Sozu","SsserpentHead","Ninja Scroll"],"potions_floor_usage":[6,14,14,16,22,28,33,33],"damage_taken":[{"damage":6,"enemies":"Small Slimes","floor":1,"turns":5},{"damage":0,"enemies":"2 Louse","floor":2,"turns":3},{"damage":0,"enemies":"Cultist","floor":4,"turns":4},{"damage":37,"enemies":"3 Sentries","floor":6,"turns":11},{"damage":9,"enemies":"3 Louse","floor":8,"turns":3},{"damage":5,"enemies":"Gremlin Gang","floor":11,"turns":4},{"damage":15,"enemies":"Lagavulin","floor":12,"turns":7},{"damage":0,"enemies":"Red Slaver","floor":13,"turns":4},{"damage":8,"enemies":"Gremlin Nob","floor":14,"turns":3},{"damage":26,"enemies":"The Guardian","floor":16,"turns":9},{"damage":12,"enemies":"Chosen","floor":18,"turns":4},{"damage":14,"enemies":"2 Thieves","floor":19,"turns":3},{"damage":5,"enemies":"Centurion and Healer","floor":21,"turns":5},{"damage":16,"enemies":"Cultist and Chosen","floor":22,"turns":5},{"damage":25,"enemies":"Shelled Parasite and Fungi","floor":24,"turns":5},{"damage":11,"enemies":"Slavers","floor":28,"turns":2},{"damage":22,"enemies":"Snecko","floor":29,"turns":5},{"damage":3,"enemies":"Sentry and Sphere","floor":30,"turns":3},{"damage":31,"enemies":"Collector","floor":33,"turns":6},{"damage":0,"enemies":"3 Shapes","floor":35,"turns":6},{"damage":18,"enemies":"3 Darklings","floor":36,"turns":3},{"damage":26,"enemies":"Transient","floor":37,"turns":6},{"damage":41,"enemies":"Reptomancer","floor":41,"turns":7},{"damage":21,"enemies":"Writhing Mass","floor":42,"turns":5}],"seed_played":"-6063540166266096336","potions_obtained":[{"floor":2,"key":"Energy Potion"},{"floor":12,"key":"Explosive Potion"},{"floor":13,"key":"SkillPotion"},{"floor":14,"key":"Block Potion"},{"floor":19,"key":"Ancient Potion"},{"floor":22,"key":"SteroidPotion"},{"floor":28,"key":"Explosive Potion"},{"floor":29,"key":"LiquidBronze"}],"is_trial":false,"path_per_floor":["M","M","?","M","?","E","R","M","T","?","M","E","M","E","R","B",null,"M","M","$","M","M","R","M","R","T","?","E","M","M","$","R","B",null,"M","M","M","$","?","R","E","M"],"character_chosen":"THE_SILENT","items_purchased":["Panache","Leg Sweep","Panacea","Noxious Fumes"],"campfire_rested":3,"item_purchase_floors":[20,20,31,38],"current_hp_per_floor":[53,53,46,46,46,9,28,19,19,66,61,46,46,38,38,24,56,44,42,42,37,33,33,20,39,39,39,40,30,39,39,39,45,61,61,43,29,29,29,48,19,0],"gold":143,"neow_bonus":"ONE_RARE_RELIC","is_prod":false,"is_daily":false,"chose_seed":false,"campfire_upgraded":3,"win_rate":0,"timestamp":1548165148,"path_taken":["M","M","?","M","?","E","R","M","T","?","M","E","?","E","R","BOSS","M","M","$","M","M","R","M","R","T","?","E","M","?","?","R","BOSS","M","?","M","$","?","R","E","?"],"build_version":"2019-01-17v2","purchased_purges":0,"victory":false,"max_hp_per_floor":[66,66,66,66,66,66,66,66,66,66,66,66,66,66,66,66,66,66,66,66,66,66,66,66,66,66,66,66,66,66,66,66,66,66,66,66,66,66,66,66,66,66],"card_choices":[{"not_picked":["Slice","Flying Knee"],"picked":"Deadly Poison","floor":1},{"not_picked":["Cloak And Dagger","Eviscerate"],"picked":"Dagger Spray","floor":2},{"not_picked":["Cloak And Dagger","Blade Dance"],"picked":"Quick Slash","floor":4},{"not_picked":["Doppelganger","Calculated Gamble"],"picked":"Escape Plan","floor":6},{"not_picked":["Deflect","Choke"],"picked":"Deadly Poison","floor":8},{"not_picked":["Sucker Punch","Slice"],"picked":"Leg Sweep","floor":11},{"not_picked":["Grand Finale","Bane"],"picked":"Crippling Poison","floor":12},{"not_picked":["Dodge and Roll","Deflect"],"picked":"Poisoned Stab","floor":13},{"not_picked":["Bane","Backstab"],"picked":"PiercingWail","floor":14},{"not_picked":["Night Terror","Doppelganger"],"picked":"Corpse Explosion","floor":16},{"not_picked":["Dagger Spray","Bane"],"picked":"Acrobatics+1","floor":18},{"not_picked":["Slice+1","Escape Plan"],"picked":"Deflect","floor":19},{"not_picked":["Prepared","Sucker Punch","Dodge and Roll"],"picked":"SKIP","floor":21},{"not_picked":["Endless Agony+1","Sucker Punch"],"picked":"Backflip","floor":22},{"not_picked":["After Image","Quick Slash"],"picked":"Crippling Poison+1","floor":24},{"not_picked":["Bane","Blade Dance"],"picked":"Slice","floor":28},{"not_picked":["Deflect","Venomology"],"picked":"Backflip","floor":29},{"not_picked":["Bane","PiercingWail","Dagger Spray"],"picked":"SKIP","floor":30},{"not_picked":["Bane","PiercingWail"],"picked":"Dagger Spray","floor":30},{"not_picked":["Backstab+1","Terror+1"],"picked":"Backflip+1","floor":35},{"not_picked":["Dagger Throw","Deadly Poison","Backflip"],"picked":"SKIP","floor":36},{"not_picked":["Deadly Poison","Finisher+1","Distraction"],"picked":"SKIP","floor":37},{"not_picked":["Endless Agony+1","Terror"],"picked":"Leg Sweep","floor":41}],"player_experience":906661,"relics_obtained":[{"floor":6,"key":"Bottled Flame"},{"floor":9,"key":"Mummified Hand"},{"floor":12,"key":"Meat on the Bone"},{"floor":14,"key":"Nunchaku"},{"floor":26,"key":"Bag of Preparation"},{"floor":28,"key":"Pantograph"},{"floor":41,"key":"Ninja Scroll"}],"event_choices":[{"cards_removed":["Strike_G"],"damage_healed":0,"gold_gain":0,"player_choice":"Card Removal","damage_taken":7,"max_hp_gain":0,"max_hp_loss":0,"event_name":"Golden Wing","floor":3,"gold_loss":0},{"damage_healed":0,"gold_gain":0,"player_choice":"Left Gold","damage_taken":0,"max_hp_gain":0,"max_hp_loss":0,"event_name":"World of Goop","floor":5,"gold_loss":41},{"cards_removed":["Escape Plan"],"damage_healed":47,"gold_gain":0,"player_choice":"Offered Uncommon","damage_taken":0,"max_hp_gain":0,"max_hp_loss":0,"event_name":"Bonfire Elementals","floor":10,"gold_loss":0},{"damage_healed":0,"gold_gain":0,"player_choice":"Forge","damage_taken":0,"max_hp_gain":0,"max_hp_loss":0,"event_name":"Accursed Blacksmith","floor":27,"gold_loss":0,"cards_upgraded":["Envenom"]},{"damage_healed":0,"gold_gain":0,"player_choice":"Trade","damage_taken":0,"relics_obtained":["SsserpentHead"],"max_hp_gain":0,"max_hp_loss":0,"event_name":"FaceTrader","floor":39,"gold_loss":0}],"is_beta":false,"boss_relics":[{"not_picked":["Snecko Eye","Velvet Choker"],"picked":"Pandora\u0027s Box"},{"not_picked":["Astrolabe","White Beast Statue"],"picked":"Sozu"}],"items_purged_floors":[],"is_endless":false,"potions_floor_spawned":[2,12,13,14,19,22,28,29,30,36,41],"killed_by":"Writhing Mass","ascension_level":18}