{"gold_per_floor":[110,128,128,128,144,173,173,184,259,11,11,29,29],"floor_reached":13,"playtime":544,"items_purged":[],"score":149,"play_id":"62cad6d8-d060-4e31-815d-4029d0293174","local_time":"20190223171658","is_ascension_mode":true,"campfire_choices":[{"floor":7,"key":"REST"},{"floor":11,"key":"REST"}],"neow_cost":"PERCENT_DAMAGE","seed_source_timestamp":238130039926903,"circlet_count":0,"master_deck":["AscendersBane","Defend_G","Defend_G","Defend_G","Defend_G","Defend_G","Strike_G","Strike_G","Strike_G","Strike_G","Survivor","Neutralize","Dagger Throw","Well Laid Plans","Catalyst","Poisoned Stab","Predator","Blade Dance","Caltrops","Calculated Gamble","Quick Slash"],"relics":["Ring of the Snake","Turnip","Peace Pipe","Bottled Flame","Membership Card"],"potions_floor_usage":[6,6,13],"damage_taken":[{"damage":4,"enemies":"2 Louse","floor":1,"turns":5},{"damage":4,"enemies":"Jaw Worm","floor":2,"turns":5},{"damage":5,"enemies":"Cultist","floor":5,"turns":5},{"damage":24,"enemies":"3 Sentries","floor":6,"turns":7},{"damage":21,"enemies":"Large Slime","floor":8,"turns":7},{"damage":3,"enemies":"3 Louse","floor":12,"turns":4},{"damage":23,"enemies":"Lagavulin","floor":13,"turns":6}],"seed_played":"-7905542074848578983","potions_obtained":[{"floor":2,"key":"AttackPotion"},{"floor":5,"key":"PowerPotion"},{"floor":6,"key":"PowerPotion"}],"is_trial":false,"path_per_floor":["M","M","?","?","M","E","R","M","T","$","R","M","E"],"character_chosen":"THE_SILENT","items_purchased":["Membership Card","Caltrops","Calculated Gamble"],"campfire_rested":2,"item_purchase_floors":[10,10,10],"current_hp_per_floor":[40,36,36,36,31,7,26,5,5,5,24,21,0],"gold":29,"neow_bonus":"ONE_RARE_RELIC","is_prod":false,"is_daily":false,"chose_seed":false,"campfire_upgraded":0,"win_rate":0,"timestamp":1550971018,"path_taken":["M","M","?","?","M","E","R","M","T","$","R","?","E"],"build_version":"2019-01-23","purchased_purges":0,"victory":false,"max_hp_per_floor":[66,66,66,66,66,66,66,66,66,66,66,66,66],"card_choices":[{"not_picked":["Deflect","Skewer"],"picked":"Dagger Throw","floor":1},{"not_picked":["Quick Slash","Slice"],"picked":"Well Laid Plans","floor":2},{"not_picked":["Blade Dance","Catalyst"],"picked":"Poisoned Stab","floor":5},{"not_picked":["Grand Finale","Prepared"],"picked":"Predator","floor":6},{"not_picked":["Underhanded Strike","Prepared"],"picked":"Blade Dance","floor":8},{"not_picked":["Deflect","Predator"],"picked":"Quick Slash","floor":12}],"player_experience":236017,"relics_obtained":[{"floor":6,"key":"Peace Pipe"},{"floor":9,"key":"Bottled Flame"}],"event_choices":[{"damage_healed":0,"gold_gain":0,"cards_transformed":["Strike_G"],"player_choice":"Change","damage_taken":0,"max_hp_gain":0,"max_hp_loss":0,"event_name":"Living Wall","floor":3,"gold_loss":0,"cards_obtained":["Catalyst"]},{"damage_healed":0,"gold_gain":0,"player_choice":"Ignored","damage_taken":0,"max_hp_gain":0,"max_hp_loss":0,"event_name":"Liars Game","floor":4,"gold_loss":0}],"is_beta":false,"boss_relics":[],"items_purged_floors":[],"is_endless":false,"potions_floor_spawned":[2,5,6],"killed_by":"Lagavulin","ascension_level":15}