{"gold_per_floor":[112,122,122,140,215,241,241,255,255,272,4,4,4,14,14,14],"floor_reached":16,"playtime":785,"items_purged":[],"score":153,"play_id":"53be0f5a-8678-4121-afd4-392dca966903","local_time":"20190129185926","is_ascension_mode":true,"campfire_choices":[{"floor":7,"key":"REST"},{"data":"Whirlwind","floor":13,"key":"SMITH"},{"data":"Pommel Strike","floor":15,"key":"SMITH"}],"neow_cost":"NONE","seed_source_timestamp":3287946496957,"circlet_count":0,"master_deck":["AscendersBane","Strike_R","Strike_R","Strike_R","Strike_R","Strike_R","Defend_R","Defend_R+1","Defend_R","Defend_R","Bash+1","Combust","Whirlwind+1","True Grit","Pommel Strike+1","Dropkick+1"],"relics":["Burning Blood","Ancient Tea Set","Orichalcum","Regal Pillow","Membership Card","Anchor"],"potions_floor_usage":[10,16,16,16],"damage_taken":[{"damage":1,"enemies":"Cultist","floor":1,"turns":3},{"damage":7,"enemies":"Small Slimes","floor":2,"turns":3},{"damage":7,"enemies":"2 Louse","floor":4,"turns":3},{"damage":40,"enemies":"3 Sentries","floor":6,"turns":7},{"damage":5,"enemies":"Looter","floor":8,"turns":3},{"damage":2,"enemies":"2 Fungi Beasts","floor":10,"turns":4},{"damage":0,"enemies":"Lots of Slimes","floor":14,"turns":1},{"damage":53,"enemies":"The Guardian","floor":16,"turns":6}],"seed_played":"-2486197625305344887","potions_obtained":[{"floor":1,"key":"EssenceOfSteel"},{"floor":2,"key":"Swift Potion"},{"floor":6,"key":"FearPotion"},{"floor":14,"key":"Ancient Potion"}],"is_trial":false,"path_per_floor":["M","?","?","?"],"character_chosen":"IRONCLAD","items_purchased":["Membership Card","Anchor"],"campfire_rested":1,"item_purchase_floors":[11,11],"current_hp_per_floor":[77,76,76,75,64,30,54,55,55,59,59,43,43,49,49,0],"gold":14,"neow_bonus":"RANDOM_COMMON_RELIC","is_prod":false,"is_daily":false,"chose_seed":false,"campfire_upgraded":2,"win_rate":0,"timestamp":1548759566,"path_taken":["M","?","?","M","?","E","R","M","T","M","$","?","R","M","R","BOSS"],"build_version":"2019-01-23","purchased_purges":0,"victory":false,"max_hp_per_floor":[80,80,80,80,80,80,80,80,80,80,80,80,80,80,80,80],"card_choices":[{"not_picked":["Second Wind","Twin Strike"],"picked":"Combust","floor":1},{"not_picked":["Evolve","Havoc","Fire Breathing"],"picked":"SKIP","floor":2},{"not_picked":["Burning Pact","Wild Strike"],"picked":"Whirlwind","floor":4},{"not_picked":["Sentinel","Warcry"],"picked":"True Grit","floor":6},{"not_picked":["Sever Soul","Anger"],"picked":"Pommel Strike","floor":8},{"not_picked":["Warcry","Havoc"],"picked":"Dropkick","floor":10},{"not_picked":["Sword Boomerang","True Grit","Pommel Strike"],"picked":"SKIP","floor":14}],"player_experience":126514,"relics_obtained":[{"floor":6,"key":"Orichalcum"},{"floor":9,"key":"Regal Pillow"}],"event_choices":[{"damage_healed":0,"gold_gain":0,"player_choice":"Grow","damage_taken":0,"max_hp_gain":0,"max_hp_loss":0,"event_name":"Living Wall","floor":3,"gold_loss":0,"cards_upgraded":["Bash"]},{"damage_healed":0,"gold_gain":75,"player_choice":"Gather Gold","damage_taken":11,"max_hp_gain":0,"max_hp_loss":0,"event_name":"World of Goop","floor":5,"gold_loss":0},{"damage_healed":0,"gold_gain":0,"player_choice":"Entered Light","damage_taken":16,"max_hp_gain":0,"max_hp_loss":0,"event_name":"Shining Light","floor":12,"gold_loss":0,"cards_upgraded":["Dropkick","Defend_R"]}],"is_beta":false,"boss_relics":[],"items_purged_floors":[],"is_endless":false,"potions_floor_spawned":[1,2,6,14],"killed_by":"The Guardian","ascension_level":10}