{"gold_per_floor":[110,110,110,121,138,138,169,26,26,26,56,56,56,71,71,170,170,180,180,180,28,28,28,39,39,66,101,101,118,149,159,159,256,256,276,33,53,67,84,84,84,84,84,84,84,132,142,17,17,17],"floor_reached":51,"playtime":7550,"items_purged":["Strike_G","Doubt","Injury"],"score":1060,"play_id":"0a114cba-e1d2-42c7-bb31-074285e2773b","local_time":"20181103162352","is_ascension_mode":true,"campfire_choices":[{"data":"Dash","floor":6,"key":"SMITH"},{"data":"Noxious Fumes","floor":10,"key":"SMITH"},{"data":"Noxious Fumes","floor":12,"key":"SMITH"},{"data":"Bane","floor":15,"key":"SMITH"},{"data":"Neutralize","floor":23,"key":"SMITH"},{"data":"Dagger Spray","floor":25,"key":"SMITH"},{"floor":28,"key":"REST"},{"floor":32,"key":"REST"},{"floor":40,"key":"REST"},{"floor":45,"key":"REST"},{"floor":49,"key":"REST"}],"neow_cost":"NONE","seed_source_timestamp":611906620112530,"circlet_count":0,"master_deck":["AscendersBane","Defend_G+1","Defend_G+1","Defend_G+1","Defend_G+1","Strike_G+1","Strike_G+1","Strike_G+1","Survivor+1","Neutralize+1","Bane+1","Dash+1","Predator+1","Noxious Fumes+1","Noxious Fumes+1","Dagger Spray+1","Doppelganger+1","Clumsy","Deadly Poison+1","Cloak And Dagger+1","Leg Sweep+1","PiercingWail+1","Deflect+1","Catalyst+1","Crippling Poison+1","Blur+1"],"relics":["Black Star","Meat on the Bone","Kunai","Letter Opener","Toxic Egg 2","Blue Candle","Pear","Calling Bell","Orichalcum","Mercury Hourglass","Bird Faced Urn","Enchiridion","FaceOfCleric","Bag of Marbles","Oddly Smooth Stone","Vajra","WingedGreaves","Tough Bandages","Runic Pyramid","Paper Crane","Mark of the Bloom","Ornamental Fan","Art of War"],"potions_floor_usage":[7,16,30,31,31,42],"damage_taken":[{"damage":4,"enemies":"Cultist","floor":1,"turns":5},{"damage":0,"enemies":"Small Slimes","floor":4,"turns":5},{"damage":0,"enemies":"Jaw Worm","floor":5,"turns":4},{"damage":27,"enemies":"Gremlin Nob","floor":7,"turns":6},{"damage":7,"enemies":"Lagavulin","floor":11,"turns":6},{"damage":13,"enemies":"3 Louse","floor":14,"turns":4},{"damage":19,"enemies":"The Guardian","floor":16,"turns":9},{"damage":30,"enemies":"3 Byrds","floor":18,"turns":5},{"damage":6,"enemies":"Chosen","floor":24,"turns":4},{"damage":26,"enemies":"Book of Stabbing","floor":27,"turns":5},{"damage":21,"enemies":"Snake Plant","floor":29,"turns":5},{"damage":9,"enemies":"Gremlin Leader","floor":30,"turns":7},{"damage":0,"enemies":"3 Cultists","floor":31,"turns":1},{"damage":27,"enemies":"Collector","floor":33,"turns":8},{"damage":0,"enemies":"3 Shapes","floor":35,"turns":3},{"damage":38,"enemies":"3 Darklings","floor":37,"turns":4},{"damage":1,"enemies":"Jaw Worm Horde","floor":38,"turns":4},{"damage":26,"enemies":"Spire Growth","floor":39,"turns":7},{"damage":5,"enemies":"Transient","floor":42,"turns":3},{"damage":9,"enemies":"Writhing Mass","floor":47,"turns":6},{"damage":25,"enemies":"Awakened One","floor":50,"turns":17}],"seed_played":"7815132561214432599","potions_obtained":[{"floor":4,"key":"Block Potion"},{"floor":14,"key":"PowerPotion"},{"floor":16,"key":"SteroidPotion"},{"floor":18,"key":"SneckoOil"},{"floor":29,"key":"SpeedPotion"},{"floor":30,"key":"SteroidPotion"},{"floor":37,"key":"SmokeBomb"},{"floor":39,"key":"Swift Potion"}],"is_trial":false,"path_per_floor":["M","?","?","M","M","R","E","$","T","R","E","R","T","M","R","B",null,"M","?","?","$","?","R","M","R","T","E","R","M","E","M","R","B",null,"M","$","M","M","M","R","?","M","T","$","R","T","M","$","R","B",null],"character_chosen":"THE_SILENT","items_purchased":["Noxious Fumes","Deadly Poison+1","Paper Crane"],"campfire_rested":5,"item_purchase_floors":[8,21,36],"current_hp_per_floor":[59,52,52,52,52,52,25,25,25,25,30,30,40,39,39,32,68,42,68,52,52,52,52,53,53,53,44,68,54,52,53,78,58,79,84,84,52,54,45,72,72,67,67,67,67,67,58,58,58,33],"gold":17,"neow_bonus":"BOSS_RELIC","is_prod":false,"is_daily":false,"chose_seed":false,"campfire_upgraded":6,"win_rate":0,"timestamp":1541258632,"path_taken":["M","?","?","M","?","R","E","$","T","R","E","R","?","?","R","BOSS","M","?","?","$","?","R","?","R","T","E","R","M","E","M","R","BOSS","M","$","M","M","M","R","?","M","T","$","R","?","?","?","R","BOSS"],"build_version":"2018-11-01","purchased_purges":3,"victory":true,"max_hp_per_floor":[70,70,70,70,70,70,70,70,70,70,70,70,80,80,80,80,80,80,80,80,80,80,80,81,81,81,82,82,83,84,85,85,86,86,87,87,88,89,90,90,90,91,91,91,91,91,92,92,92,93],"card_choices":[{"not_picked":["Outmaneuver","Blade Dance"],"picked":"Bane","floor":1},{"not_picked":["Dagger Throw","Blur"],"picked":"Dash","floor":4},{"not_picked":["Deflect","Slice"],"picked":"Predator","floor":5},{"not_picked":["Dash","Corpse Explosion"],"picked":"Noxious Fumes","floor":7},{"not_picked":["Night Terror","Choke","Outmaneuver"],"picked":"SKIP","floor":11},{"not_picked":["PiercingWail+1","All Out Attack"],"picked":"Dagger Spray","floor":14},{"not_picked":["Wraith Form v2","Die Die Die"],"picked":"Doppelganger+1","floor":16},{"not_picked":["Quick Slash","Flying Knee","Sucker Punch"],"picked":"SKIP","floor":18},{"not_picked":["Underhanded Strike","Dodge and Roll+1","Accuracy+1"],"picked":"SKIP","floor":24},{"not_picked":["Heel Hook","Blade Dance+1"],"picked":"Cloak And Dagger+1","floor":27},{"not_picked":["Tactician+1","Flying Knee"],"picked":"Leg Sweep+1","floor":29},{"not_picked":["Burst+1","Bane"],"picked":"PiercingWail+1","floor":30},{"not_picked":["Riddle With Holes","PiercingWail+1"],"picked":"Deflect+1","floor":31},{"not_picked":["Well Laid Plans","Deadly Poison+1"],"picked":"Catalyst+1","floor":35},{"not_picked":["All Out Attack","Setup+1"],"picked":"Crippling Poison+1","floor":37},{"not_picked":["Choke+1","Flying Knee"],"picked":"Blur+1","floor":38},{"not_picked":["Well Laid Plans+1","Deadly Poison+1","Bane"],"picked":"SKIP","floor":39},{"not_picked":["Outmaneuver+1","Endless Agony+1","Backstab"],"picked":"SKIP","floor":47}],"player_experience":624584,"relics_obtained":[{"floor":7,"key":"Meat on the Bone"},{"floor":7,"key":"Kunai"},{"floor":9,"key":"Letter Opener"},{"floor":11,"key":"Toxic Egg 2"},{"floor":11,"key":"Blue Candle"},{"floor":13,"key":"Pear"},{"floor":17,"key":"Orichalcum"},{"floor":17,"key":"Mercury Hourglass"},{"floor":17,"key":"Bird Faced Urn"},{"floor":20,"key":"Enchiridion"},{"floor":26,"key":"Bag of Marbles"},{"floor":27,"key":"Oddly Smooth Stone"},{"floor":27,"key":"Vajra"},{"floor":30,"key":"WingedGreaves"},{"floor":30,"key":"Tough Bandages"},{"floor":43,"key":"Ornamental Fan"},{"floor":46,"key":"Art of War"}],"event_choices":[{"cards_removed":["Defend_G"],"damage_healed":0,"gold_gain":0,"player_choice":"Card Removal","damage_taken":7,"max_hp_gain":0,"max_hp_loss":0,"event_name":"Golden Wing","floor":2,"gold_loss":0},{"cards_removed":["Strike_G"],"damage_healed":0,"gold_gain":0,"player_choice":"Card Removal","damage_taken":0,"max_hp_gain":0,"max_hp_loss":0,"event_name":"Wheel of Change","floor":3,"gold_loss":0},{"damage_healed":26,"gold_gain":0,"player_choice":"Heal","damage_taken":0,"max_hp_gain":0,"max_hp_loss":0,"event_name":"The Library","floor":19,"gold_loss":0},{"damage_healed":0,"gold_gain":0,"player_choice":"Obtained Book","damage_taken":16,"max_hp_gain":0,"max_hp_loss":0,"event_name":"Cursed Tome","floor":20,"gold_loss":0},{"damage_healed":0,"gold_gain":0,"player_choice":"Trade","damage_taken":0,"relics_obtained":["FaceOfCleric"],"max_hp_gain":0,"max_hp_loss":0,"event_name":"FaceTrader","floor":22,"gold_loss":0},{"damage_healed":0,"gold_gain":0,"player_choice":"Upgrade","damage_taken":0,"relics_obtained":["Mark of the Bloom"],"max_hp_gain":0,"max_hp_loss":0,"event_name":"MindBloom","floor":41,"gold_loss":0,"cards_upgraded":["Defend_G","Defend_G","Defend_G","Defend_G","Strike_G","Strike_G","Strike_G","Survivor","Predator"]}],"is_beta":false,"boss_relics":[{"not_picked":["Eternal Feather","White Beast Statue"],"picked":"Calling Bell"},{"not_picked":["HoveringKite","Philosopher\u0027s Stone"],"picked":"Runic Pyramid"}],"items_purged_floors":[8,21,48],"is_endless":false,"potions_floor_spawned":[4,14,16,18,24,29,30,37,39,42],"ascension_level":11}