{"gold_per_floor":[113,188,1,21,36,36,49,49,75,0,18,31,70,101,101,196,196,206,11,11,22,33,65,65,65,134,83,83,83],"floor_reached":29,"playtime":2780,"items_purged":[],"score":257,"play_id":"2751e614-af3f-4d4b-9892-b051532abc13","local_time":"20190222225900","is_ascension_mode":true,"campfire_choices":[{"data":"Transmutation","floor":6,"key":"SMITH"},{"floor":8,"key":"REST"},{"floor":15,"key":"REST"},{"floor":24,"key":"REST"},{"floor":28,"key":"REST"}],"neow_cost":"NONE","seed_source_timestamp":0,"circlet_count":0,"master_deck":["Strike_R","Strike_R","Strike_R","Strike_R","Strike_R","Defend_R","Defend_R","Defend_R","Defend_R","Bash","Brutality","Thunderclap","Transmutation+1","Dropkick","Perfected Strike","Reckless Charge","Bloodletting","Bludgeon","Second Wind","Rage","Blood for Blood","Dark Embrace","Armaments+1","Seeing Red","Searing Blow+1","Reckless Charge","Flex"],"special_seed":0,"relics":["Burning Blood","Anchor","Centennial Puzzle","Black Star","Medical Kit","Girya","Gambling Chip","Dodecahedron"],"potions_floor_usage":[11,11,14,16,23],"damage_taken":[{"damage":11.0,"enemies":"Jaw Worm","floor":1.0,"turns":5.0},{"damage":10,"enemies":"Cultist","floor":4,"turns":5},{"damage":2,"enemies":"Small Slimes","floor":5,"turns":3},{"damage":42,"enemies":"Exordium Thugs","floor":7,"turns":5},{"damage":0,"enemies":"Looter","floor":11,"turns":2},{"damage":9,"enemies":"Large Slime","floor":12,"turns":4},{"damage":7,"enemies":"Gremlin Gang","floor":13,"turns":4},{"damage":35,"enemies":"Gremlin Nob","floor":14,"turns":4},{"damage":56,"enemies":"Slime Boss","floor":16,"turns":11},{"damage":5,"enemies":"Spheric Guardian","floor":18,"turns":3},{"damage":25,"enemies":"Shell Parasite","floor":21,"turns":7},{"damage":25,"enemies":"Sentry and Sphere","floor":22,"turns":5},{"damage":36,"enemies":"Gremlin Leader","floor":23,"turns":4},{"damage":16,"enemies":"Colosseum Slavers","floor":25,"turns":4},{"damage":50,"enemies":"Centurion and Healer","floor":29,"turns":4}],"seed_played":"-3529816269526378646","potions_obtained":[{"floor":4,"key":"Strength Potion"},{"floor":7,"key":"BloodPotion"},{"floor":12,"key":"BloodPotion"},{"floor":14,"key":"EssenceOfSteel"},{"floor":21,"key":"Poison Potion"},{"floor":22,"key":"Swift Potion"}],"is_trial":false,"path_per_floor":["M","?","$","M","M","R","M","R","T","$","M","M","M","E","R","B",null,"M","$","?","M","M","E","R","?","T","$","R","M"],"character_chosen":"IRONCLAD","items_purchased":["Transmutation","Bloodletting","Medical Kit","Flex"],"campfire_rested":4,"item_purchase_floors":[3,10,19,27],"current_hp_per_floor":[75,64,64,60,64,64,28,52,52,52,66,63,62,41,65,15,80,80,80,80,61,42,12,36,26,26,26,50,0],"gold":83,"neow_bonus":"ONE_RANDOM_RARE_CARD","is_prod":false,"is_daily":false,"chose_seed":false,"campfire_upgraded":1,"win_rate":0,"timestamp":1550847540,"path_taken":["M","?","$","M","M","R","M","R","T","$","M","M","M","E","R","BOSS","M","$","?","?","M","E","R","?","T","?","R","M"],"build_version":"2019-01-23","purchased_purges":0,"victory":false,"max_hp_per_floor":[80,80,80,80,80,80,80,80,80,80,80,80,80,80,80,80,80,80,80,80,80,80,80,80,80,80,80,80,80],"card_choices":[{"not_picked":["Havoc","Iron Wave"],"picked":"Thunderclap","floor":1.0},{"not_picked":["Thunderclap","Twin Strike"],"picked":"Dropkick","floor":4},{"not_picked":["Wild Strike","Spot Weakness"],"picked":"Perfected Strike","floor":5},{"not_picked":["Havoc","Feel No Pain"],"picked":"Reckless Charge","floor":7},{"not_picked":["Combust","Pommel Strike"],"picked":"Bludgeon","floor":11},{"not_picked":["Pommel Strike","Rupture"],"picked":"Second Wind","floor":12},{"not_picked":["Headbutt","Battle Trance"],"picked":"Rage","floor":13},{"not_picked":["Shockwave","Thunderclap"],"picked":"Blood for Blood","floor":14},{"not_picked":["Bludgeon","Fiend Fire"],"picked":"Dark Embrace","floor":16},{"not_picked":["Hemokinesis","Rampage"],"picked":"Armaments","floor":18},{"not_picked":["Thunderclap","True Grit"],"picked":"Seeing Red","floor":21},{"not_picked":["Headbutt","Iron Wave"],"picked":"Searing Blow+1","floor":22},{"not_picked":["Perfected Strike","Dual Wield"],"picked":"Reckless Charge","floor":23}],"player_experience":37798,"relics_obtained":[{"floor":9,"key":"Anchor"},{"floor":14,"key":"Centennial Puzzle"},{"floor":23,"key":"Girya"},{"floor":23,"key":"Gambling Chip"},{"floor":26,"key":"Dodecahedron"}],"event_choices":[{"damage_healed":0,"gold_gain":75,"player_choice":"Gather Gold","damage_taken":11,"max_hp_gain":0,"max_hp_loss":0,"event_name":"World of Goop","floor":2,"gold_loss":0},{"damage_healed":0,"gold_gain":0,"player_choice":"Upgraded","damage_taken":0,"max_hp_gain":0,"max_hp_loss":0,"event_name":"Upgrade Shrine","floor":20,"gold_loss":0,"cards_upgraded":["Armaments"]},{"damage_healed":0,"gold_gain":0,"player_choice":"Fight","damage_taken":0,"max_hp_gain":0,"max_hp_loss":0,"event_name":"Colosseum","floor":25,"gold_loss":0},{"damage_healed":0,"gold_gain":0,"player_choice":"Fled From Nobs","damage_taken":0,"max_hp_gain":0,"max_hp_loss":0,"event_name":"Colosseum","floor":25,"gold_loss":0}],"is_beta":false,"boss_relics":[{"not_picked":["Lizard Tail","Astrolabe"],"picked":"Black Star"}],"items_purged_floors":[],"is_endless":false,"potions_floor_spawned":[4,7,12,14,21,22,25],"killed_by":"Centurion and Healer","ascension_level":1}