{"gold_per_floor":[360,380,400,37,37,37,66,66,66,141,141],"floor_reached":11,"playtime":483,"items_purged":["Strike_R"],"score":85,"play_id":"8f4281fc-3cbc-480a-a76f-cd61bb612061","local_time":"20190220233239","is_ascension_mode":true,"campfire_choices":[{"data":"Havoc","floor":6.0,"key":"SMITH"},{"data":"Feed","floor":8.0,"key":"SMITH"}],"neow_cost":"PERCENT_DAMAGE","seed_source_timestamp":0,"circlet_count":0,"master_deck":["Strike_R","Strike_R","Strike_R","Strike_R","Defend_R","Defend_R","Defend_R","Defend_R","Bash","Havoc+1","Body Slam","Reaper","Feed+1"],"special_seed":0,"relics":["Burning Blood","Thread and Needle","Centennial Puzzle","Mummified Hand"],"potions_floor_usage":[],"damage_taken":[{"damage":0.0,"enemies":"Small Slimes","floor":1.0,"turns":3.0},{"damage":2.0,"enemies":"Jaw Worm","floor":2.0,"turns":3.0},{"damage":11.0,"enemies":"Cultist","floor":3.0,"turns":4.0},{"damage":54.0,"enemies":"Gremlin Nob","floor":7.0,"turns":5.0},{"damage":11,"enemies":"Lagavulin","floor":11,"turns":2}],"seed_played":"8708254016966287517","potions_obtained":[{"floor":1.0,"key":"Explosive Potion"}],"is_trial":false,"path_per_floor":["M","M","M","$","?","R","E","R","T","?","E"],"character_chosen":"IRONCLAD","items_purchased":["Thread and Needle"],"campfire_rested":0,"item_purchase_floors":[4],"current_hp_per_floor":[62,66,61,61,66,66,22,22,22,11,0],"gold":141,"neow_bonus":"TWO_FIFTY_GOLD","is_prod":false,"is_daily":false,"chose_seed":false,"campfire_upgraded":2,"win_rate":0,"timestamp":1550701959,"path_taken":["M","M","M","$","?","R","E","R","T","?","E"],"build_version":"2019-02-06","purchased_purges":1,"victory":false,"max_hp_per_floor":[80,80,80,80,85,85,85,85,85,85,85],"card_choices":[{"not_picked":["Twin Strike","Flex"],"picked":"Havoc","floor":1.0},{"not_picked":["Perfected Strike","Twin Strike"],"picked":"Body Slam","floor":2.0},{"not_picked":["Reckless Charge","Headbutt"],"picked":"Reaper","floor":3.0},{"not_picked":["Shrug It Off","Metallicize"],"picked":"Feed","floor":7.0}],"player_experience":51819,"relics_obtained":[{"floor":7.0,"key":"Centennial Puzzle"},{"floor":9.0,"key":"Mummified Hand"}],"event_choices":[{"damage_healed":0.0,"max_hp_gain":5.0,"max_hp_loss":0.0,"gold_gain":0.0,"event_name":"Big Fish","player_choice":"Donut","floor":5.0,"gold_loss":0.0,"damage_taken":0.0},{"damage_healed":0.0,"max_hp_gain":0.0,"max_hp_loss":0.0,"gold_gain":75.0,"event_name":"World of Goop","player_choice":"Gather Gold","floor":10.0,"gold_loss":0.0,"damage_taken":11.0}],"is_beta":true,"boss_relics":[],"items_purged_floors":[4],"is_endless":false,"potions_floor_spawned":[1],"killed_by":"Lagavulin","ascension_level":4}