{"gold_per_floor":[15,15,15,33,49,49,80,98,98,98,98,123,134,144,144,219,219,230,215,43,54,54],"floor_reached":22,"playtime":718,"items_purged":["Strike_B"],"score":368,"play_id":"258565d2-49a2-497e-ade7-05da08c3aa2d","local_time":"20180930141550","is_ascension_mode":true,"campfire_choices":[{"data":"Darkness","floor":6,"key":"SMITH"},{"data":"Darkness","floor":10,"key":"SMITH"},{"data":"Capacitor","floor":15,"key":"SMITH"}],"neow_cost":"NO_GOLD","seed_source_timestamp":358084047569196,"circlet_count":0,"master_deck":["Strike_B","Strike_B","Strike_B","Defend_B","Defend_B","Defend_B","Defend_B","Zap+1","Dualcast","AscendersBane","Hologram+1","Consume","Darkness+1","Coolheaded","Darkness+1","Redo","Capacitor+1","Echo Form","Fusion","Auto Shields","Coolheaded","Glacier"],"relics":["Cracked Core","FossilizedHelix","Regal Pillow","Smiling Mask","Cables","Cursed Key"],"potions_floor_usage":[8,16,18,18,21],"damage_taken":[{"damage":0,"enemies":"Cultist","floor":1,"turns":3},{"damage":0,"enemies":"Jaw Worm","floor":4,"turns":4},{"damage":0,"enemies":"Small Slimes","floor":5,"turns":3},{"damage":0,"enemies":"Gremlin Nob","floor":7,"turns":3},{"damage":0,"enemies":"3 Louse","floor":8,"turns":3},{"damage":5,"enemies":"3 Sentries","floor":12,"turns":6},{"damage":0,"enemies":"Red Slaver","floor":13,"turns":2},{"damage":0,"enemies":"2 Fungi Beasts","floor":14,"turns":2},{"damage":1,"enemies":"The Guardian","floor":16,"turns":6},{"damage":22,"enemies":"3 Byrds","floor":18,"turns":3},{"damage":28,"enemies":"2 Thieves","floor":19,"turns":4},{"damage":20,"enemies":"3 Cultists","floor":21,"turns":4},{"damage":11,"enemies":"Colosseum Slavers","floor":22,"turns":4}],"seed_played":"-1937565727462096077","potions_obtained":[{"floor":4,"key":"Explosive Potion"},{"floor":12,"key":"PowerPotion"},{"floor":13,"key":"SteroidPotion"},{"floor":14,"key":"AttackPotion"},{"floor":16,"key":"PowerPotion"},{"floor":19,"key":"LiquidBronze"},{"floor":21,"key":"SteroidPotion"}],"is_trial":false,"path_per_floor":["M","$","?","M","M","R","E","M","T","R","?","E","M","M","R","B",null,"M","M","$","M"],"character_chosen":"DEFECT","items_purchased":["Auto Shields","Coolheaded"],"campfire_rested":0,"item_purchase_floors":[20,20],"current_hp_per_floor":[68,68,68,68,68,68,68,68,68,68,68,63,63,63,63,62,72,50,22,22,2,0],"gold":54,"neow_bonus":"ONE_RARE_RELIC","is_prod":false,"is_daily":false,"chose_seed":false,"campfire_upgraded":3,"win_rate":0,"timestamp":1538309750,"path_taken":["M","$","?","M","M","R","E","M","T","R","?","E","?","M","R","BOSS","M","M","$","M","?"],"build_version":"2018-09-27","purchased_purges":1,"victory":false,"max_hp_per_floor":[75,75,75,75,75,75,75,75,75,75,75,75,75,75,75,75,75,75,75,75,75,75],"card_choices":[{"not_picked":["Barrage","Hello World"],"picked":"Hologram","floor":1},{"not_picked":["Force Field","Barrage"],"picked":"Consume","floor":4},{"not_picked":["Barrage","Heatsinks"],"picked":"Darkness","floor":5},{"not_picked":["Hologram","Auto Shields"],"picked":"Coolheaded","floor":7},{"not_picked":["Turbo","Glacier"],"picked":"Darkness","floor":8},{"not_picked":["Biased Cognition","Streamline"],"picked":"Redo","floor":12},{"not_picked":["Coolheaded","Compile Driver"],"picked":"Capacitor","floor":13},{"not_picked":["Doom and Gloom","Conserve Battery","Cold Snap"],"picked":"SKIP","floor":14},{"not_picked":["Core Surge","Amplify"],"picked":"Echo Form","floor":16},{"not_picked":["Go for the Eyes","Ball Lightning","Barrage"],"picked":"SKIP","floor":18},{"not_picked":["Sweeping Beam","Redo"],"picked":"Fusion","floor":19},{"not_picked":["Turbo","Hello World"],"picked":"Glacier","floor":21}],"player_experience":468876,"relics_obtained":[{"floor":7,"key":"Regal Pillow"},{"floor":9,"key":"Smiling Mask"},{"floor":12,"key":"Cables"}],"event_choices":[{"event_name":"Accursed Blacksmith","player_choice":"Forge","floor":3,"damage_taken":0},{"event_name":"Living Wall","player_choice":"Grow","floor":11,"damage_taken":0},{"event_name":"Colosseum","player_choice":"Fight","floor":22,"damage_taken":0}],"is_beta":false,"boss_relics":[{"not_picked":["Runic Pyramid","Nuclear Battery"],"picked":"Cursed Key"}],"items_purged_floors":[20],"is_endless":false,"potions_floor_spawned":[4,12,13,14,16,19,21],"killed_by":"Colosseum Slavers","ascension_level":13}