{"gold_per_floor":[109,284,221,300,319,319,351,351,351,379,379,398,432,62,62,62],"floor_reached":16,"playtime":353,"items_purged":["Strike_B"],"score":186,"play_id":"32cb9826-3891-46a3-af48-11034a507e34","local_time":"20180925180600","is_ascension_mode":true,"campfire_choices":[{"data":"Zap","floor":6,"key":"SMITH"},{"floor":8,"key":"REST"},{"floor":11,"key":"REST"},{"data":"Hologram","floor":15,"key":"SMITH"}],"neow_cost":"","seed_source_timestamp":871740135324325,"circlet_count":0,"master_deck":["Strike_B","Strike_B","Strike_B","Defend_B","Defend_B","Defend_B","Defend_B","Zap+1","Dualcast","AscendersBane","Gash","Doubt","Rip and Tear","Streamline","Conserve Battery","Beam Cell","Hologram+1","Rebound","Panacea","Hologram"],"relics":["Cracked Core","Bronze Scales","Bottled Flame","Smiling Mask","PreservedInsect","Kunai","Ancient Tea Set","Bag of Preparation"],"potions_floor_usage":[10,13,13],"damage_taken":[{"damage":7,"enemies":"Jaw Worm","floor":1,"turns":4},{"damage":11,"enemies":"2 Louse","floor":5,"turns":2},{"damage":35,"enemies":"3 Sentries","floor":7,"turns":6},{"damage":18,"enemies":"Gremlin Nob","floor":10,"turns":2},{"damage":0,"enemies":"Cultist","floor":12,"turns":2},{"damage":3,"enemies":"3 Sentries","floor":13,"turns":3},{"damage":43,"enemies":"Slime Boss","floor":16,"turns":8}],"seed_played":"9147700537912220710","potions_obtained":[{"floor":7,"key":"LiquidBronze"},{"floor":10,"key":"Strength Potion"},{"floor":12,"key":"Fire Potion"}],"is_trial":false,"path_per_floor":["M","?","?","T","M","R","E","R","T","E","R","M","E","$","R"],"character_chosen":"DEFECT","items_purchased":["Bag of Preparation","Rebound","Panacea","Hologram"],"campfire_rested":2,"item_purchase_floors":[14,14,14,14],"current_hp_per_floor":[61,61,61,61,50,50,15,37,37,19,41,41,38,38,38,0],"gold":62,"neow_bonus":"","is_prod":false,"is_daily":false,"chose_seed":false,"campfire_upgraded":2,"win_rate":0,"timestamp":1537891560,"path_taken":["M","?","?","?","M","R","E","R","T","E","R","M","E","$","R","BOSS"],"build_version":"2018-09-20","purchased_purges":1,"victory":false,"max_hp_per_floor":[75,75,75,75,75,75,75,75,75,75,75,75,75,75,75,75],"card_choices":[{"not_picked":["Undo","Turbo"],"picked":"Gash","floor":1},{"not_picked":["Loop","Redo"],"picked":"Rip and Tear","floor":5},{"not_picked":["Compile Driver","Turbo"],"picked":"Streamline","floor":7},{"not_picked":["Chaos","Streamline"],"picked":"Conserve Battery","floor":10},{"not_picked":["Multi-Cast","Coolheaded"],"picked":"Beam Cell","floor":12},{"not_picked":["Stack","Redo"],"picked":"Hologram","floor":13}],"player_experience":441891,"relics_obtained":[{"floor":4,"key":"Bottled Flame"},{"floor":7,"key":"Smiling Mask"},{"floor":9,"key":"PreservedInsect"},{"floor":10,"key":"Kunai"},{"floor":13,"key":"Ancient Tea Set"}],"event_choices":[{"event_name":"Liars Game","player_choice":"agreed","floor":2,"damage_taken":0},{"event_name":"WeMeetAgain","player_choice":"Gold","floor":3,"damage_taken":0}],"is_beta":false,"boss_relics":[],"items_purged_floors":[14],"is_endless":false,"potions_floor_spawned":[7,10,12],"killed_by":"Slime Boss","ascension_level":12}