{"gold_per_floor":[109,127,127,127,142,142,175,175,175,175,195,270,270,286,286,286],"floor_reached":16,"playtime":1106,"items_purged":[],"score":150,"play_id":"e9a4c564-70b5-4eba-9bcd-155993c4ae62","local_time":"20190217163452","is_ascension_mode":true,"campfire_choices":[{"floor":6,"key":"REST"},{"data":"Hologram","floor":8,"key":"SMITH"},{"data":"Dualcast","floor":10,"key":"SMITH"},{"floor":15,"key":"REST"}],"neow_cost":"NONE","seed_source_timestamp":94969675528678,"circlet_count":0,"master_deck":["AscendersBane","Strike_B","Strike_B","Strike_B","Strike_B","Defend_B","Defend_B","Defend_B","Zap+1","Dualcast+1","Conserve Battery","Conserve Battery","Hologram+1","Core Surge"],"relics":["Cracked Core","Golden Idol","Unceasing Top","Pear"],"potions_floor_usage":[14,14,14],"damage_taken":[{"damage":2,"enemies":"2 Louse","floor":1,"turns":2},{"damage":5,"enemies":"Small Slimes","floor":2,"turns":4},{"damage":1,"enemies":"Cultist","floor":5,"turns":3},{"damage":28,"enemies":"3 Sentries","floor":7,"turns":10},{"damage":16,"enemies":"Exordium Wildlife","floor":11,"turns":5},{"damage":5,"enemies":"Lots of Slimes","floor":14,"turns":5},{"damage":46,"enemies":"Slime Boss","floor":16,"turns":10}],"seed_played":"-5253250703372133846","potions_obtained":[{"floor":7,"key":"SpeedPotion"},{"floor":13,"key":"Weak Potion"},{"floor":13,"key":"EssenceOfSteel"}],"is_trial":false,"path_per_floor":["M","M","?","?","M","R","E","R","T","R","M","?","?","M","R","B"],"character_chosen":"DEFECT","items_purchased":[],"campfire_rested":2,"item_purchase_floors":[],"current_hp_per_floor":[66,61,43,43,42,64,36,36,46,46,30,19,19,14,39,0],"gold":286,"neow_bonus":"UPGRADE_CARD","is_prod":false,"is_daily":false,"chose_seed":false,"campfire_upgraded":2,"win_rate":0,"timestamp":1550417692,"path_taken":["M","M","?","?","M","R","E","R","T","R","M","?","?","M","R","BOSS"],"build_version":"2019-01-23","purchased_purges":0,"victory":false,"max_hp_per_floor":[75,75,75,75,75,75,75,75,85,85,85,85,85,85,85,85],"card_choices":[{"not_picked":["Beam Cell","Redo","FTL"],"picked":"SKIP","floor":1},{"not_picked":["Beam Cell","Aggregate"],"picked":"Conserve Battery","floor":2},{"not_picked":["Auto Shields","Gash"],"picked":"Conserve Battery","floor":5},{"not_picked":["Stack","Static Discharge"],"picked":"Hologram","floor":7},{"not_picked":["Streamline","Storm","BootSequence"],"picked":"SKIP","floor":11},{"not_picked":["Reprogram","Skim"],"picked":"Core Surge","floor":14}],"player_experience":419235,"relics_obtained":[{"floor":7,"key":"Unceasing Top"},{"floor":9,"key":"Pear"}],"event_choices":[{"damage_healed":0,"gold_gain":0,"player_choice":"Take Damage","damage_taken":18,"relics_obtained":["Golden Idol"],"max_hp_gain":0,"max_hp_loss":0,"event_name":"Golden Idol","floor":3,"gold_loss":0},{"cards_removed":["Defend_B"],"damage_healed":0,"gold_gain":0,"player_choice":"Forget","damage_taken":0,"max_hp_gain":0,"max_hp_loss":0,"event_name":"Living Wall","floor":4,"gold_loss":0},{"damage_healed":0,"gold_gain":75,"player_choice":"Gather Gold","damage_taken":11,"max_hp_gain":0,"max_hp_loss":0,"event_name":"World of Goop","floor":12,"gold_loss":0},{"damage_healed":0,"gold_gain":0,"player_choice":"Got Potions","damage_taken":0,"max_hp_gain":0,"max_hp_loss":0,"event_name":"Lab","floor":13,"gold_loss":0}],"is_beta":false,"boss_relics":[],"items_purged_floors":[],"is_endless":false,"potions_floor_spawned":[7],"killed_by":"Slime Boss","ascension_level":10}