{"gold_per_floor":[119,130,143,160,160,189,189,189,189,189,225,225],"floor_reached":12,"playtime":492,"items_purged":[],"score":158,"play_id":"7c8397c4-a07f-4ec5-b2b7-abc1ca6800e5","local_time":"20190224213810","is_ascension_mode":true,"campfire_choices":[{"data":"Hemokinesis","floor":7,"key":"SMITH"},{"floor":10,"key":"REST"}],"neow_cost":"NONE","seed_source_timestamp":648110435702521,"circlet_count":0,"master_deck":["AscendersBane","Strike_R","Strike_R","Strike_R","Strike_R","Strike_R","Defend_R","Defend_R","Defend_R","Defend_R","Bash","Shrug It Off","Armaments","Bloodletting","Hemokinesis+1","Inflame","Immolate"],"relics":["Burning Blood","Potion Belt","Golden Idol","Centennial Puzzle","Kunai"],"potions_floor_usage":[0,6,6],"damage_taken":[{"damage":1,"enemies":"Cultist","floor":1,"turns":4},{"damage":10,"enemies":"Small Slimes","floor":2,"turns":4},{"damage":2,"enemies":"Jaw Worm","floor":3,"turns":3},{"damage":10,"enemies":"Looter","floor":4,"turns":4},{"damage":42,"enemies":"Gremlin Nob","floor":6,"turns":5},{"damage":31,"enemies":"Lagavulin","floor":11,"turns":8},{"damage":13,"enemies":"Red Slaver","floor":12,"turns":4}],"seed_played":"7235212427754324375","potions_obtained":[{"floor":0,"key":"Fruit Juice"},{"floor":0,"key":"FearPotion"},{"floor":0,"key":"Weak Potion"}],"is_trial":false,"path_per_floor":["M","M","M","M","?","E","R","?","T","R","E","M"],"character_chosen":"IRONCLAD","items_purchased":[],"campfire_rested":1,"item_purchase_floors":[],"current_hp_per_floor":[78,74,78,74,74,38,38,10,10,34,9,0],"gold":225,"neow_bonus":"THREE_SMALL_POTIONS","is_prod":false,"is_daily":false,"chose_seed":false,"campfire_upgraded":1,"win_rate":0,"timestamp":1551073090,"path_taken":["M","M","M","?","?","E","R","?","T","R","E","M"],"build_version":"2019-01-23","purchased_purges":0,"victory":false,"max_hp_per_floor":[80,80,80,80,80,80,80,80,80,80,80,80],"card_choices":[{"not_picked":["True Grit","Bloodletting"],"picked":"Shrug It Off","floor":1},{"not_picked":["Carnage","Warcry"],"picked":"Armaments","floor":2},{"not_picked":["Armaments","Body Slam"],"picked":"Bloodletting","floor":3},{"not_picked":["Sword Boomerang","Flex"],"picked":"Hemokinesis","floor":4},{"not_picked":["Disarm","Perfected Strike"],"picked":"Inflame","floor":6},{"not_picked":["Armaments","Shockwave"],"picked":"Immolate","floor":11}],"player_experience":553752,"relics_obtained":[{"floor":6,"key":"Potion Belt"},{"floor":9,"key":"Centennial Puzzle"},{"floor":11,"key":"Kunai"}],"event_choices":[{"damage_healed":0,"gold_gain":0,"player_choice":"Ignored","damage_taken":0,"max_hp_gain":0,"max_hp_loss":0,"event_name":"Liars Game","floor":5,"gold_loss":0},{"damage_healed":0,"gold_gain":0,"player_choice":"Take Damage","damage_taken":28,"relics_obtained":["Golden Idol"],"max_hp_gain":0,"max_hp_loss":0,"event_name":"Golden Idol","floor":8,"gold_loss":0}],"is_beta":false,"boss_relics":[],"items_purged_floors":[],"is_endless":false,"potions_floor_spawned":[1,4],"killed_by":"Red Slaver","ascension_level":16}