{"gold_per_floor":[17,17,34,34,34,34,49,149,149,149,49,49,66,85,85,159,159,174,189,89,102,27,27,27],"floor_reached":24,"playtime":801,"items_purged":["Defend_R","Defend_R"],"score":344,"play_id":"154e1ed4-ebc4-4198-946e-d3ecf0492476","local_time":"20181030150147","is_ascension_mode":true,"campfire_choices":[{"data":"Bash","floor":6.0,"key":"SMITH"},{"data":"Body Slam","floor":10.0,"key":"SMITH"},{"data":"Battle Trance","floor":12.0,"key":"SMITH"},{"data":"Shockwave","floor":15.0,"key":"SMITH"},{"data":"Entrench","floor":23,"key":"SMITH"}],"neow_cost":"NO_GOLD","seed_source_timestamp":268206998304937,"circlet_count":0,"master_deck":["Defend_R","Bash+1","AscendersBane","Battle Trance+1","Shrug It Off","Cleave","Iron Wave","Body Slam+1","Shrug It Off","Headbutt","Shockwave+1","Fiend Fire","Double Tap+1","Feel No Pain+1","Flex+1","Entrench+1","Body Slam"],"special_seed":0,"relics":["Burning Blood","Unceasing Top","Blue Candle","Astrolabe"],"potions_floor_usage":[16,16,19,21],"damage_taken":[{"damage":5.0,"enemies":"Small Slimes","floor":1.0,"turns":6.0},{"damage":0.0,"enemies":"Cultist","floor":3.0,"turns":4.0},{"damage":7.0,"enemies":"Jaw Worm","floor":7.0,"turns":4.0},{"damage":7.0,"enemies":"Exordium Wildlife","floor":13.0,"turns":3.0},{"damage":0.0,"enemies":"Looter","floor":14.0,"turns":3.0},{"damage":46,"enemies":"Slime Boss","floor":16,"turns":9},{"damage":22,"enemies":"Shell Parasite","floor":18,"turns":4},{"damage":6,"enemies":"2 Thieves","floor":19,"turns":5},{"damage":34,"enemies":"Cultist and Chosen","floor":21,"turns":8},{"damage":25,"enemies":"Book of Stabbing","floor":24,"turns":3}],"seed_played":"-6455080126386927028","potions_obtained":[{"floor":3.0,"key":"Explosive Potion"},{"floor":13.0,"key":"Poison Potion"},{"floor":14.0,"key":"SkillPotion"},{"floor":16,"key":"Fire Potion"},{"floor":19,"key":"Ancient Potion"}],"is_trial":false,"path_per_floor":["M","?","M","?","?","R","M","?","T","R","$","R","M","M","R","B",null,"M","M","$","M","?","R"],"character_chosen":"IRONCLAD","items_purchased":["Shrug It Off"],"campfire_rested":0,"item_purchase_floors":[11],"current_hp_per_floor":[69,69,75,57,57,57,56,56,56,56,56,56,55,61,61,21,62,46,46,46,18,18,18,0],"gold":27,"neow_bonus":"TRANSFORM_TWO_CARDS","is_prod":false,"is_daily":false,"chose_seed":false,"campfire_upgraded":5,"win_rate":0,"timestamp":1540908107,"path_taken":["M","?","M","?","?","R","M","?","T","R","$","R","M","M","R","BOSS","M","M","$","M","?","R","E"],"build_version":"2018-10-25v2","purchased_purges":2,"victory":false,"max_hp_per_floor":[75,75,75,75,75,75,75,75,75,75,75,75,75,75,75,75,75,75,75,75,75,75,75,75],"card_choices":[{"not_picked":["Anger","True Grit"],"picked":"Cleave","floor":1.0},{"not_picked":["Feel No Pain","Wild Strike"],"picked":"Iron Wave","floor":3.0},{"not_picked":["Pommel Strike","Reckless Charge"],"picked":"Body Slam","floor":7.0},{"not_picked":["Wild Strike","Sword Boomerang"],"picked":"Headbutt","floor":13.0},{"not_picked":["Intimidate","Havoc"],"picked":"Shockwave","floor":14.0},{"not_picked":["Limit Break","Exhume"],"picked":"Fiend Fire","floor":16},{"not_picked":["Wild Strike","Dual Wield"],"picked":"Entrench","floor":18},{"not_picked":["Pommel Strike","Havoc"],"picked":"Body Slam","floor":19},{"not_picked":["Inflame","Cleave","Headbutt"],"picked":"SKIP","floor":21}],"player_experience":598520,"relics_obtained":[{"floor":9.0,"key":"Blue Candle"}],"event_choices":[{"damage_healed":0.0,"max_hp_gain":0.0,"max_hp_loss":0.0,"gold_gain":0.0,"event_name":"The Cleric","player_choice":"Leave","floor":2.0,"gold_loss":0.0,"damage_taken":0.0},{"damage_healed":0.0,"max_hp_gain":0.0,"max_hp_loss":0.0,"gold_gain":0.0,"event_name":"Scrap Ooze","player_choice":"Success","floor":4.0,"gold_loss":0.0,"damage_taken":18.0,"relics_obtained":["Unceasing Top"]},{"damage_healed":0.0,"max_hp_gain":0.0,"max_hp_loss":0.0,"gold_gain":0.0,"event_name":"Liars Game","player_choice":"Ignored","floor":5.0,"gold_loss":0.0,"damage_taken":0.0},{"damage_healed":0.0,"max_hp_gain":0.0,"max_hp_loss":0.0,"gold_gain":100.0,"event_name":"Wheel of Change","player_choice":"Gold","floor":8.0,"gold_loss":0.0,"damage_taken":0.0},{"cards_removed":["Strike_R"],"damage_healed":0,"gold_gain":0,"player_choice":"Gave Gold","damage_taken":0,"max_hp_gain":0,"max_hp_loss":0,"event_name":"Beggar","floor":22,"gold_loss":75}],"is_beta":false,"boss_relics":[{"not_picked":["Runic Dome","Snecko Eye"],"picked":"Astrolabe"}],"items_purged_floors":[11,20],"is_endless":false,"potions_floor_spawned":[3,13,14,16,19],"killed_by":"Book of Stabbing","ascension_level":17}