{"gold_per_floor":[111,13,23,35,110,110,35,35,35,63,63,63,63,37,37,37],"floor_reached":16,"playtime":775,"items_purged":["Defend_R"],"score":149,"play_id":"469e961b-9057-43f1-b76e-2b9ad9db754e","local_time":"20181002160537","is_ascension_mode":true,"campfire_choices":[{"data":"True Grit","floor":6,"key":"SMITH"},{"data":"Bash","floor":8,"key":"SMITH"},{"data":"Metallicize","floor":11,"key":"SMITH"},{"floor":13,"key":"REST"},{"data":"Shrug It Off","floor":15,"key":"SMITH"}],"neow_cost":"PERCENT_DAMAGE","seed_source_timestamp":537422270476398,"circlet_count":0,"master_deck":["Strike_R","Strike_R","Defend_R","Defend_R","Defend_R","Bash+1","AscendersBane","Metallicize+1","Shrug It Off+1","Headbutt","True Grit+1","Shrug It Off"],"relics":["Burning Blood","WingedGreaves","Paper Frog"],"potions_floor_usage":[10,10],"damage_taken":[{"damage":9,"enemies":"Jaw Worm","floor":1,"turns":6},{"damage":0,"enemies":"2 Louse","floor":3,"turns":4},{"damage":0,"enemies":"Cultist","floor":4,"turns":4},{"damage":13,"enemies":"Lagavulin","floor":10,"turns":8},{"damage":55,"enemies":"Hexaghost","floor":16,"turns":18}],"seed_played":"1802268133165186451","potions_obtained":[{"floor":3,"key":"Dexterity Potion"},{"floor":4,"key":"Strength Potion"}],"is_trial":false,"path_per_floor":["M","$","M","M","?","R","$","R","T","E","R","?","R","$","R"],"character_chosen":"IRONCLAD","items_purchased":["Shrug It Off","Headbutt","Shrug It Off"],"campfire_rested":1,"item_purchase_floors":[2,2,14],"current_hp_per_floor":[48,48,54,60,49,49,49,49,49,42,42,42,66,66,66,11],"gold":37,"neow_bonus":"REMOVE_TWO","is_prod":false,"is_daily":false,"chose_seed":false,"campfire_upgraded":4,"win_rate":0,"timestamp":1538489137,"path_taken":["M","$","M","M","?","R","$","R","T","E","R","?","R","?","R","BOSS"],"build_version":"2018-09-27","purchased_purges":1,"victory":false,"max_hp_per_floor":[80,80,80,80,80,80,80,80,80,80,80,80,80,80,80,80],"card_choices":[{"not_picked":["Clothesline","Twin Strike"],"picked":"Metallicize","floor":1},{"not_picked":["Power Through","Combust"],"picked":"True Grit","floor":3},{"not_picked":["Dropkick","True Grit","Burning Pact"],"picked":"SKIP","floor":4},{"not_picked":["Havoc","Rupture","Reaper"],"picked":"SKIP","floor":10}],"player_experience":478134,"relics_obtained":[{"floor":9,"key":"WingedGreaves"},{"floor":10,"key":"Paper Frog"}],"event_choices":[{"event_name":"World of Goop","player_choice":"Gather Gold","floor":5,"damage_taken":0},{"event_name":"Bonfire Elementals","player_choice":"BASIC","floor":12,"damage_taken":0}],"is_beta":false,"boss_relics":[],"items_purged_floors":[7],"is_endless":false,"potions_floor_spawned":[3,4],"killed_by":"Hexaghost","ascension_level":11}