{"gold_per_floor":[113,133,133,133,133,133,9,38,38,51,51,51,66,96,96,96],"floor_reached":16,"playtime":349,"items_purged":["Strike_B"],"score":226,"play_id":"e6615dac-3ab3-4c6c-9f7e-bb2be72a5fbc","local_time":"20181027212123","is_ascension_mode":true,"campfire_choices":[{"data":"Leap","floor":6,"key":"SMITH"},{"data":"Zap","floor":11,"key":"SMITH"},{"data":"Defragment","floor":15,"key":"SMITH"}],"neow_cost":"NONE","seed_source_timestamp":28679850076083,"circlet_count":0,"master_deck":["Strike_B+1","Strike_B+1","Defend_B","Defend_B","Defend_B","Defend_B","Zap+1","Dualcast","AscendersBane","Leap+1","Ball Lightning","Go for the Eyes","Leap","Coolheaded","Defragment+1"],"relics":["Cracked Core","Centennial Puzzle","Singing Bowl","Ginger"],"potions_floor_usage":[8,14],"damage_taken":[{"damage":7,"enemies":"Jaw Worm","floor":1,"turns":3},{"damage":0,"enemies":"Small Slimes","floor":2,"turns":4},{"damage":12,"enemies":"Gremlin Nob","floor":8,"turns":4},{"damage":0,"enemies":"Cultist","floor":10,"turns":2},{"damage":0,"enemies":"3 Louse","floor":13,"turns":4},{"damage":0,"enemies":"Lagavulin","floor":14,"turns":7},{"damage":27,"enemies":"Slime Boss","floor":16,"turns":5}],"seed_played":"626388505443841151","potions_obtained":[{"floor":2,"key":"SpeedPotion"},{"floor":13,"key":"PowerPotion"},{"floor":14,"key":"Energy Potion"}],"is_trial":false,"path_per_floor":["M","M","?","?","?","R","$","E","T","M","R","?","M","E","R"],"character_chosen":"DEFECT","items_purchased":["Go for the Eyes"],"campfire_rested":0,"item_purchase_floors":[7],"current_hp_per_floor":[57,57,57,43,36,36,36,24,24,24,24,24,24,24,24,0],"gold":96,"neow_bonus":"ONE_RANDOM_RARE_CARD","is_prod":false,"is_daily":false,"chose_seed":false,"campfire_upgraded":3,"win_rate":0,"timestamp":1540668083,"path_taken":["M","M","?","?","?","R","$","E","T","M","R","?","?","E","R","BOSS"],"build_version":"2018-10-25v2","purchased_purges":1,"victory":false,"max_hp_per_floor":[71,71,71,71,71,71,71,71,71,71,71,71,71,71,71,71],"card_choices":[{"not_picked":["Capacitor","Coolheaded"],"picked":"Leap","floor":1},{"not_picked":["Rebound","Cold Snap"],"picked":"Ball Lightning","floor":2},{"not_picked":["Biased Cognition","Scrape","Blizzard"],"picked":"SKIP","floor":8},{"not_picked":["Consume","FTL"],"picked":"Leap","floor":10},{"not_picked":["Rip and Tear","Go for the Eyes"],"picked":"Coolheaded","floor":13},{"not_picked":["Turbo","Sweeping Beam"],"picked":"Defragment","floor":14}],"player_experience":593957,"relics_obtained":[{"floor":8,"key":"Centennial Puzzle"},{"floor":9,"key":"Singing Bowl"},{"floor":14,"key":"Ginger"}],"event_choices":[{"cards_removed":["Amplify"],"damage_healed":0,"gold_gain":0,"player_choice":"Forget","damage_taken":0,"max_hp_gain":0,"max_hp_loss":0,"event_name":"Living Wall","floor":3,"gold_loss":0},{"damage_healed":0,"gold_gain":0,"player_choice":"Entered Light","damage_taken":14,"max_hp_gain":0,"max_hp_loss":0,"event_name":"Shining Light","floor":4,"gold_loss":0,"cards_upgraded":["Strike_B","Strike_B"]},{"cards_removed":["Strike_B"],"damage_healed":0,"gold_gain":0,"player_choice":"Card Removal","damage_taken":7,"max_hp_gain":0,"max_hp_loss":0,"event_name":"Golden Wing","floor":5,"gold_loss":0},{"damage_healed":0,"gold_gain":0,"player_choice":"Ignored","damage_taken":0,"max_hp_gain":0,"max_hp_loss":0,"event_name":"Liars Game","floor":12,"gold_loss":0}],"is_beta":false,"boss_relics":[],"items_purged_floors":[7],"is_endless":false,"potions_floor_spawned":[2,13,14],"killed_by":"Slime Boss","ascension_level":14}