{"gold_per_floor":[116,127,140,153,103,134,134,167,167,177,189,220,220,231,231,231],"floor_reached":16,"playtime":1114,"items_purged":[],"score":211,"play_id":"b5c7280d-ed0a-4252-b0b3-5e4a2420e80d","local_time":"20190130192718","is_ascension_mode":true,"campfire_choices":[{"data":"Whirlwind","floor":7.0,"key":"SMITH"},{"floor":13.0,"key":"REST"},{"data":"Flex","floor":15.0,"key":"SMITH"}],"neow_cost":"NONE","seed_source_timestamp":18661096881929,"circlet_count":0,"master_deck":["AscendersBane","Strike_R","Strike_R","Strike_R","Strike_R","Defend_R","Defend_R","Defend_R","Defend_R","Bash","Flex+1","Pommel Strike","Thunderclap","Whirlwind+1","Hemokinesis","Shrug It Off","Metallicize","Battle Trance","Twin Strike"],"special_seed":0,"relics":["Burning Blood","PreservedInsect","Peace Pipe","Ginger","Incense Burner"],"potions_floor_usage":[16],"damage_taken":[{"damage":7.0,"enemies":"Jaw Worm","floor":1.0,"turns":6.0},{"damage":5.0,"enemies":"2 Louse","floor":2.0,"turns":4.0},{"damage":0.0,"enemies":"Small Slimes","floor":3.0,"turns":3.0},{"damage":17.0,"enemies":"3 Louse","floor":4.0,"turns":5.0},{"damage":32.0,"enemies":"Gremlin Nob","floor":6.0,"turns":5.0},{"damage":10.0,"enemies":"3 Sentries","floor":8.0,"turns":4.0},{"damage":8.0,"enemies":"Blue Slaver","floor":10.0,"turns":4.0},{"damage":16.0,"enemies":"Large Slime","floor":11.0,"turns":5.0},{"damage":19.0,"enemies":"Lagavulin","floor":12.0,"turns":6.0},{"damage":12.0,"enemies":"Looter","floor":14.0,"turns":4.0},{"damage":33,"enemies":"Hexaghost","floor":16,"turns":9}],"seed_played":"1885480536083012179","potions_obtained":[{"floor":3.0,"key":"SkillPotion"},{"floor":4.0,"key":"LiquidBronze"},{"floor":8.0,"key":"Ancient Potion"}],"is_trial":false,"path_per_floor":["?"],"character_chosen":"IRONCLAD","items_purchased":[],"campfire_rested":1,"item_purchase_floors":[],"current_hp_per_floor":[74,75,81,70,70,44,44,40,40,38,28,15,39,33,33,0],"gold":231,"neow_bonus":"TEN_PERCENT_HP_BONUS","is_prod":false,"is_daily":false,"chose_seed":false,"campfire_upgraded":2,"win_rate":0,"timestamp":1548847638,"path_taken":["M","M","M","M","?","E","R","E","T","M","M","E","R","M","R","BOSS"],"build_version":"2019-01-23","purchased_purges":0,"victory":false,"max_hp_per_floor":[82,82,82,82,82,82,82,82,82,82,82,82,82,82,82,82],"card_choices":[{"not_picked":["Warcry","Anger"],"picked":"Flex","floor":1.0},{"not_picked":["Hemokinesis","Flex"],"picked":"Pommel Strike","floor":2.0},{"not_picked":["Flex","Body Slam"],"picked":"Thunderclap","floor":3.0},{"not_picked":["Inflame","Armaments"],"picked":"Whirlwind","floor":4.0},{"not_picked":["Anger","True Grit"],"picked":"Hemokinesis","floor":6.0},{"not_picked":["Fire Breathing","Pommel Strike","Reaper"],"picked":"SKIP","floor":8.0},{"not_picked":["Perfected Strike","Clash"],"picked":"Shrug It Off","floor":10.0},{"not_picked":["Pommel Strike","Dual Wield"],"picked":"Metallicize","floor":11.0},{"not_picked":["Warcry","Iron Wave"],"picked":"Battle Trance","floor":12.0},{"not_picked":["Wild Strike","Carnage"],"picked":"Twin Strike","floor":14.0}],"player_experience":154406,"relics_obtained":[{"floor":6.0,"key":"PreservedInsect"},{"floor":8.0,"key":"Peace Pipe"},{"floor":9.0,"key":"Ginger"},{"floor":12.0,"key":"Incense Burner"}],"event_choices":[{"cards_removed":["Strike_R"],"damage_healed":0.0,"max_hp_gain":0.0,"max_hp_loss":0.0,"gold_gain":0.0,"event_name":"The Cleric","player_choice":"Card Removal","floor":5.0,"gold_loss":50.0,"damage_taken":0.0}],"is_beta":false,"boss_relics":[],"items_purged_floors":[],"is_endless":false,"potions_floor_spawned":[3,4,8],"killed_by":"Hexaghost","ascension_level":14}