{"gold_per_floor":[117,127,145,220,232,264,284,284,284,459,459,459,488,500,500,500],"floor_reached":16,"playtime":834,"items_purged":[],"score":185,"play_id":"683ab3e9-95c0-446e-a7e0-83be3f4e9673","local_time":"20181223155825","is_ascension_mode":true,"campfire_choices":[{"data":"Dark Embrace","floor":8,"key":"SMITH"},{"floor":12,"key":"REST"},{"floor":15,"key":"REST"}],"neow_cost":"NONE","seed_source_timestamp":287053059975589,"circlet_count":0,"master_deck":["AscendersBane","Strike_R+1","Strike_R+1","Strike_R","Strike_R","Strike_R","Defend_R","Defend_R","Defend_R","Defend_R","Bash","Twin Strike","Headbutt","Sever Soul","Flex","Cleave","Dark Embrace+1","Disarm","Havoc"],"relics":["Burning Blood","Whetstone","Kunai","Shovel","Singing Bowl"],"potions_floor_usage":[6,6,16,16],"damage_taken":[{"damage":3,"enemies":"2 Louse","floor":1,"turns":3},{"damage":0,"enemies":"Small Slimes","floor":2,"turns":3},{"damage":7,"enemies":"Jaw Worm","floor":3,"turns":3},{"damage":16,"enemies":"Exordium Wildlife","floor":5,"turns":4},{"damage":26,"enemies":"Gremlin Nob","floor":6,"turns":4},{"damage":9,"enemies":"2 Fungi Beasts","floor":7,"turns":3},{"damage":40,"enemies":"3 Sentries","floor":13,"turns":5},{"damage":16,"enemies":"Gremlin Gang","floor":14,"turns":7},{"damage":53,"enemies":"Hexaghost","floor":16,"turns":12}],"seed_played":"2275340796400063892","potions_obtained":[{"floor":1,"key":"FearPotion"},{"floor":2,"key":"Regen Potion"},{"floor":6,"key":"LiquidBronze"},{"floor":14,"key":"PowerPotion"}],"is_trial":false,"path_per_floor":["M","M","M","?","M","E","M","R","T","?","?","R","E","M","R","B"],"character_chosen":"IRONCLAD","items_purchased":[],"campfire_rested":2,"item_purchase_floors":[],"current_hp_per_floor":[75,80,79,68,58,50,47,47,47,47,47,71,37,27,51,0],"gold":500,"neow_bonus":"RANDOM_COMMON_RELIC","is_prod":false,"is_daily":false,"chose_seed":false,"campfire_upgraded":1,"win_rate":0,"timestamp":1545609505,"path_taken":["M","M","M","?","M","E","M","R","T","?","?","R","E","?","R","BOSS"],"build_version":"2018-12-20","purchased_purges":0,"victory":false,"max_hp_per_floor":[80,80,80,80,80,80,80,80,80,80,80,80,80,80,80,80],"card_choices":[{"not_picked":["Wild Strike","Bloodletting"],"picked":"Twin Strike","floor":1},{"not_picked":["Anger","Dual Wield"],"picked":"Headbutt","floor":2},{"not_picked":["Headbutt","Ghostly Armor"],"picked":"Sever Soul","floor":3},{"not_picked":["Second Wind","Sever Soul"],"picked":"Flex","floor":5},{"not_picked":["Warcry","Armaments"],"picked":"Cleave","floor":6},{"not_picked":["Warcry","Heavy Blade"],"picked":"Dark Embrace","floor":7},{"not_picked":["True Grit","Blood for Blood"],"picked":"Disarm","floor":13},{"not_picked":["Heavy Blade","Hemokinesis"],"picked":"Havoc","floor":14}],"player_experience":432674,"relics_obtained":[{"floor":6,"key":"Kunai"},{"floor":9,"key":"Shovel"},{"floor":13,"key":"Singing Bowl"}],"event_choices":[{"damage_healed":0,"gold_gain":75,"player_choice":"Gather Gold","damage_taken":11,"max_hp_gain":0,"max_hp_loss":0,"event_name":"World of Goop","floor":4,"gold_loss":0},{"damage_healed":0,"gold_gain":175,"player_choice":"AGREE","damage_taken":0,"max_hp_gain":0,"max_hp_loss":0,"event_name":"Liars Game","floor":10,"gold_loss":0,"cards_obtained":["Doubt"]},{"cards_removed":["Doubt"],"damage_healed":0,"gold_gain":0,"player_choice":"Forget","damage_taken":0,"max_hp_gain":0,"max_hp_loss":0,"event_name":"Living Wall","floor":11,"gold_loss":0}],"is_beta":false,"boss_relics":[],"items_purged_floors":[],"is_endless":false,"potions_floor_spawned":[1,2,6,14],"killed_by":"Hexaghost","ascension_level":13}