{"gold_per_floor":[113,113,123,123,88,123,140,154,154,154,154,171,187,206,206,206],"floor_reached":16,"playtime":620,"items_purged":[],"score":182,"play_id":"bce4521c-9871-4dd1-a99a-aa5506f42cee","local_time":"20190109233328","is_ascension_mode":true,"campfire_choices":[{"floor":10,"key":"REST"},{"floor":15,"key":"REST"}],"neow_cost":"NONE","seed_source_timestamp":8621658704307,"circlet_count":0,"master_deck":["AscendersBane","Strike_R","Strike_R","Strike_R","Strike_R+1","Strike_R","Defend_R","Defend_R+1","Defend_R","Bash","Madness","Perfected Strike","Perfected Strike","Pommel Strike","Pummel","Twin Strike","Corruption","Bloodletting","Pommel Strike","Battle Trance"],"relics":["Burning Blood","PreservedInsect","Bag of Preparation"],"potions_floor_usage":[8,12,14,16],"damage_taken":[{"damage":7,"enemies":"2 Louse","floor":1,"turns":3},{"damage":6,"enemies":"Small Slimes","floor":3,"turns":4},{"damage":48,"enemies":"Lagavulin","floor":6,"turns":9},{"damage":0,"enemies":"Cultist","floor":7,"turns":3},{"damage":21,"enemies":"Exordium Thugs","floor":8,"turns":4},{"damage":1,"enemies":"2 Fungi Beasts","floor":12,"turns":3},{"damage":11,"enemies":"Looter","floor":13,"turns":3},{"damage":6,"enemies":"3 Louse","floor":14,"turns":2},{"damage":60,"enemies":"Hexaghost","floor":16,"turns":7}],"seed_played":"-9118920854562694443","potions_obtained":[{"floor":1,"key":"Swift Potion"},{"floor":7,"key":"AttackPotion"},{"floor":13,"key":"AttackPotion"},{"floor":14,"key":"Swift Potion"}],"is_trial":false,"path_per_floor":["M","?","M","?","?","E","M","M","T","R","?","M","M","M","R","B"],"character_chosen":"IRONCLAD","items_purchased":[],"campfire_rested":2,"item_purchase_floors":[],"current_hp_per_floor":[67,44,44,44,62,20,26,11,11,33,33,38,33,33,55,0],"gold":206,"neow_bonus":"RANDOM_COLORLESS","is_prod":false,"is_daily":false,"chose_seed":false,"campfire_upgraded":0,"win_rate":0,"timestamp":1547105608,"path_taken":["M","?","M","?","?","E","M","M","T","R","?","M","?","M","R","BOSS"],"build_version":"2019-01-03v4","purchased_purges":0,"victory":false,"max_hp_per_floor":[75,75,75,75,75,75,75,75,75,75,75,75,75,75,75,75],"card_choices":[{"not_picked":["Twin Strike","Dual Wield"],"picked":"Perfected Strike","floor":1},{"not_picked":["Rage","Thunderclap"],"picked":"Perfected Strike","floor":3},{"not_picked":["Perfected Strike","Wild Strike"],"picked":"Pommel Strike","floor":6},{"not_picked":["Havoc","Hemokinesis"],"picked":"Pummel","floor":7},{"not_picked":["Flex","Sever Soul"],"picked":"Twin Strike","floor":8},{"not_picked":["Sever Soul","Clash"],"picked":"Bloodletting","floor":12},{"not_picked":["Burning Pact","Anger"],"picked":"Pommel Strike","floor":13},{"not_picked":["Body Slam","Entrench"],"picked":"Battle Trance","floor":14}],"player_experience":459931,"relics_obtained":[{"floor":6,"key":"PreservedInsect"},{"floor":9,"key":"Bag of Preparation"}],"event_choices":[{"damage_healed":0,"gold_gain":0,"player_choice":"Entered Light","damage_taken":23,"max_hp_gain":0,"max_hp_loss":0,"event_name":"Shining Light","floor":2,"gold_loss":0,"cards_upgraded":["Strike_R","Defend_R"]},{"damage_healed":0,"gold_gain":0,"player_choice":"Ignored","damage_taken":0,"max_hp_gain":0,"max_hp_loss":0,"event_name":"Golden Wing","floor":4,"gold_loss":0},{"damage_healed":18,"gold_gain":0,"player_choice":"Healed","damage_taken":0,"max_hp_gain":0,"max_hp_loss":0,"event_name":"The Cleric","floor":5,"gold_loss":35},{"damage_healed":0,"gold_gain":0,"cards_transformed":["Defend_R"],"player_choice":"Transformed","damage_taken":0,"max_hp_gain":0,"max_hp_loss":0,"event_name":"Transmorgrifier","floor":11,"gold_loss":0,"cards_obtained":["Corruption"]}],"is_beta":false,"boss_relics":[],"items_purged_floors":[],"is_endless":false,"potions_floor_spawned":[1,7,13,14],"killed_by":"Hexaghost","ascension_level":15}