{"gold_per_floor":[118,118,138,48,58,58,72,72,72,72,72,113,113,146,146,236,236,249,265,315,365,440,440,69,69,69,69,109,209,284,334,334,424,424,440,463,538,269,338,338,351,219,219,263,313,363,47,68,68,68],"floor_reached":51,"playtime":6977,"items_purged":["Strike_R"],"score":1337,"play_id":"7ec644c0-0c4c-4782-92a9-df74466e6adc","local_time":"20181027204617","is_ascension_mode":true,"campfire_choices":[{"data":"Shockwave","floor":6.0,"key":"SMITH"},{"data":"Double Tap","floor":8.0,"key":"SMITH"},{"data":"Cleave","floor":10.0,"key":"SMITH"},{"data":"Pommel Strike","floor":15.0,"key":"SMITH"},{"data":"Barricade","floor":23.0,"key":"SMITH"},{"data":"Apotheosis","floor":25.0,"key":"SMITH"},{"data":"True Grit","floor":27.0,"key":"SMITH"},{"floor":32.0,"key":"REST"},{"floor":40,"key":"REST"},{"floor":49,"key":"REST"}],"neow_cost":"NONE","seed_source_timestamp":0,"circlet_count":0,"master_deck":["Strike_R","Strike_R","Strike_R","Defend_R","Defend_R","Defend_R","Defend_R","Bash","AscendersBane","Pommel Strike+1","Cleave+1","Shockwave+1","Shrug It Off","Shrug It Off","Double Tap+1","Shrug It Off","Barricade+1","True Grit+1","Dropkick","Apotheosis+1","Good Instincts","Headbutt","Battle Trance","Thunderclap","Rampage+1","Panacea","Shrug It Off","Master of Strategy","Corruption","Shockwave","Sentinel+1"],"special_seed":0,"relics":["Burning Blood","Pantograph","Golden Idol","Matryoshka","SsserpentHead","Runic Dome","Nloth\u0027s Gift","Pear","Ice Cream","Bronze Scales","Lizard Tail","Bag of Marbles","Pen Nib","Anchor","Thread and Needle","Oddly Smooth Stone","FossilizedHelix"],"potions_floor_usage":[33,36,39,44,50,50,50],"damage_taken":[{"damage":6.0,"enemies":"Cultist","floor":1.0,"turns":4.0},{"damage":0.0,"enemies":"Small Slimes","floor":3.0,"turns":3.0},{"damage":2.0,"enemies":"Jaw Worm","floor":5.0,"turns":4.0},{"damage":11.0,"enemies":"Gremlin Gang","floor":7.0,"turns":4.0},{"damage":15.0,"enemies":"Lagavulin","floor":12.0,"turns":4.0},{"damage":24.0,"enemies":"Gremlin Nob","floor":14.0,"turns":4.0},{"damage":61.0,"enemies":"The Guardian","floor":16.0,"turns":16.0},{"damage":11.0,"enemies":"Shell Parasite","floor":18.0,"turns":10.0},{"damage":10.0,"enemies":"Chosen","floor":19.0,"turns":5.0},{"damage":19.0,"enemies":"Centurion and Healer","floor":22.0,"turns":7.0},{"damage":17.0,"enemies":"Slavers","floor":28.0,"turns":9.0},{"damage":18.0,"enemies":"Snake Plant","floor":30.0,"turns":3.0},{"damage":26.0,"enemies":"Colosseum Slavers","floor":31.0,"turns":5.0},{"damage":0,"enemies":"Champ","floor":33,"turns":17},{"damage":22,"enemies":"3 Darklings","floor":35,"turns":4},{"damage":4,"enemies":"Orb Walker","floor":36,"turns":3},{"damage":30,"enemies":"Sphere and 2 Shapes","floor":39,"turns":6},{"damage":3,"enemies":"3 Darklings","floor":41,"turns":3},{"damage":53,"enemies":"Reptomancer","floor":44,"turns":6},{"damage":0,"enemies":"Maw","floor":48,"turns":8},{"damage":47,"enemies":"Donu and Deca","floor":50,"turns":8}],"seed_played":"-3528261556157567872","potions_obtained":[{"floor":3.0,"key":"Fruit Juice"},{"floor":7.0,"key":"FearPotion"},{"floor":16.0,"key":"Ancient Potion"},{"floor":22.0,"key":"Block Potion"},{"floor":30.0,"key":"Strength Potion"},{"floor":33,"key":"Block Potion"},{"floor":35,"key":"Block Potion"},{"floor":41,"key":"Strength Potion"},{"floor":44,"key":"Strength Potion"}],"is_trial":false,"path_per_floor":["M","?","M","$","M","R","M","R","T","R","?","E","?","E","R","B",null,"M","M","?","?","M","R","$","R","T","R","E","?","M","?","R","B",null,"M","M","T","$","M","R","M","$","T","E","?","T","$","M","R","B"],"character_chosen":"IRONCLAD","items_purchased":["Shockwave","Shrug It Off","Apotheosis","Good Instincts","Anchor","Panacea","Master of Strategy","Corruption","Shockwave","AttackPotion","FearPotion","LiquidBronze"],"campfire_rested":3,"item_purchase_floors":[4,4,24,24,38,38,42,47,47,47,47,47],"current_hp_per_floor":[68,61,67,67,71,71,71,71,71,71,71,62,62,44,44,14,64,59,55,55,55,42,42,42,42,52,52,41,41,29,9,36,67,84,68,70,70,70,46,73,76,76,76,29,29,29,29,35,62,46],"gold":68,"neow_bonus":"RANDOM_COLORLESS","is_prod":false,"is_daily":false,"chose_seed":false,"campfire_upgraded":7,"win_rate":0,"timestamp":1540665977,"path_taken":["M","?","M","$","?","R","M","R","T","R","?","E","?","E","R","BOSS","M","M","?","?","?","R","$","R","T","R","E","?","?","?","R","BOSS","M","M","?","$","?","R","M","?","T","E","?","?","$","M","R","BOSS"],"build_version":"2018-10-25v2","purchased_purges":1,"victory":true,"max_hp_per_floor":[75,75,75,75,75,75,80,80,80,80,80,80,80,80,80,80,80,80,80,80,80,80,80,80,80,90,90,90,90,90,90,90,90,90,90,90,90,90,90,90,90,90,90,90,90,90,90,90,90,90],"card_choices":[{"not_picked":["Wild Strike","Flex"],"picked":"Pommel Strike","floor":1.0},{"not_picked":["Headbutt","Heavy Blade"],"picked":"Cleave","floor":3.0},{"not_picked":["Cleave","Body Slam"],"picked":"Shrug It Off","floor":5.0},{"not_picked":["Pummel","Headbutt"],"picked":"Double Tap","floor":7.0},{"not_picked":["Clash","Clothesline","Iron Wave"],"picked":"SKIP","floor":12.0},{"not_picked":["Havoc","Armaments"],"picked":"Shrug It Off","floor":14.0},{"not_picked":["Exhume","Dark Embrace"],"picked":"Barricade","floor":16.0},{"not_picked":["Wild Strike","Twin Strike","Havoc+1"],"picked":"SKIP","floor":18.0},{"not_picked":["Twin Strike+1","Clash"],"picked":"True Grit","floor":19.0},{"not_picked":["Combust","True Grit"],"picked":"Dropkick","floor":22.0},{"not_picked":["Brutality","Reaper"],"picked":"Headbutt","floor":28.0},{"not_picked":["Sever Soul","Anger"],"picked":"Battle Trance","floor":30.0},{"not_picked":["Armaments+1","Anger"],"picked":"Thunderclap","floor":35},{"not_picked":["Evolve","Heavy Blade"],"picked":"Rampage+1","floor":36},{"not_picked":["Headbutt","Clash"],"picked":"Shrug It Off","floor":39},{"not_picked":["Heavy Blade+1","Havoc+1","Clash+1"],"picked":"SKIP","floor":41},{"not_picked":["Brutality","Cleave","Shockwave"],"picked":"SKIP","floor":44},{"not_picked":["Sentinel+1","Rupture","Headbutt"],"picked":"SKIP","floor":48},{"not_picked":["Rupture","Headbutt"],"picked":"Sentinel+1","floor":48}],"player_experience":586980,"relics_obtained":[{"floor":9.0,"key":"Pantograph"},{"floor":12.0,"key":"Matryoshka"},{"floor":14.0,"key":"Potion Belt"},{"floor":26.0,"key":"Pear"},{"floor":26.0,"key":"Ice Cream"},{"floor":28.0,"key":"Bronze Scales"},{"floor":37,"key":"Bag of Marbles"},{"floor":37,"key":"Pen Nib"},{"floor":43,"key":"Thread and Needle"},{"floor":44,"key":"Oddly Smooth Stone"},{"floor":46,"key":"FossilizedHelix"}],"event_choices":[{"cards_removed":["Strike_R"],"damage_healed":0.0,"max_hp_gain":0.0,"max_hp_loss":0.0,"gold_gain":0.0,"event_name":"Golden Wing","player_choice":"Card Removal","floor":2.0,"gold_loss":0.0,"damage_taken":7.0},{"damage_healed":0.0,"max_hp_gain":0.0,"max_hp_loss":0.0,"gold_gain":0.0,"event_name":"Golden Idol","player_choice":"Take Wound","floor":11.0,"gold_loss":0.0,"damage_taken":0.0,"relics_obtained":["Golden Idol"],"cards_obtained":["Injury"]},{"damage_healed":0.0,"max_hp_gain":0.0,"max_hp_loss":0.0,"gold_gain":0.0,"event_name":"FaceTrader","player_choice":"Trade","floor":13.0,"gold_loss":0.0,"damage_taken":0.0,"relics_obtained":["SsserpentHead"]},{"damage_healed":0.0,"max_hp_gain":0.0,"max_hp_loss":0.0,"gold_gain":0.0,"event_name":"N\u0027loth","player_choice":"Traded Relic","floor":20.0,"relics_lost":["Potion Belt"],"gold_loss":0.0,"damage_taken":0.0,"relics_obtained":["Nloth\u0027s Gift"]},{"cards_removed":["Injury"],"damage_healed":0.0,"max_hp_gain":0.0,"max_hp_loss":0.0,"gold_gain":0.0,"event_name":"Purifier","player_choice":"Purged","floor":21.0,"gold_loss":0.0,"damage_taken":0.0},{"damage_healed":0.0,"max_hp_gain":0.0,"max_hp_loss":0.0,"gold_gain":50.0,"event_name":"Nest","player_choice":"Stole From Cult","floor":29.0,"gold_loss":0.0,"damage_taken":0.0},{"damage_healed":0.0,"max_hp_gain":0.0,"max_hp_loss":0.0,"gold_gain":0.0,"event_name":"Colosseum","player_choice":"Fight","floor":31.0,"gold_loss":0.0,"damage_taken":0.0},{"damage_healed":0.0,"max_hp_gain":0.0,"max_hp_loss":0.0,"gold_gain":0.0,"event_name":"Colosseum","player_choice":"Fled From Nobs","floor":31.0,"gold_loss":0.0,"damage_taken":0.0},{"cards_removed":["Dramatic Entrance"],"damage_healed":0,"gold_gain":0,"player_choice":"Purged","damage_taken":0,"max_hp_gain":0,"max_hp_loss":0,"event_name":"Purifier","floor":45,"gold_loss":0}],"is_beta":false,"boss_relics":[{"not_picked":["Runic Pyramid","Snecko Eye"],"picked":"Runic Dome"},{"not_picked":["Coffee Dripper","Velvet Choker"],"picked":"Lizard Tail"}],"items_purged_floors":[24],"is_endless":false,"potions_floor_spawned":[3,7,16,22,30,33,35,41,44],"ascension_level":16}