{"gold_per_floor":[113,123,140,140,140,140,151,151,151,168,443,32,58,73,73,177,177,188,201,300,315,135,169,182,182,182,208,292,292,63,63,63,158,158,171,183,283,146,126,161,180,1,1,1,1,11,11,28,28,28],"floor_reached":51,"playtime":2514,"items_purged":["Regret","Strike_R","Strike_R","Strike_R"],"score":1091,"play_id":"8acd7165-05a9-47b0-a30e-7b60d0af6b9f","local_time":"20190221132757","is_ascension_mode":true,"campfire_choices":[{"data":"Cleave","floor":6,"key":"SMITH"},{"data":"Flex","floor":8,"key":"SMITH"},{"data":"Battle Trance","floor":15,"key":"SMITH"},{"data":"Flex","floor":29,"key":"SMITH"},{"data":"Flex","floor":32,"key":"SMITH"},{"data":"Searing Blow","floor":44,"key":"SMITH"},{"data":"Searing Blow+1","floor":49,"key":"SMITH"}],"neow_cost":"NONE","seed_source_timestamp":494770302923772,"circlet_count":0,"master_deck":["Defend_R","Defend_R","Defend_R","Bash","Cleave+1","Flame Barrier","Battle Trance+1","Flex+1","Disarm","Panacea","Flex+1","Limit Break","Thunderclap+1","Heavy Blade","Flex+1","Searing Blow+2","Reaper","Warcry","Battle Trance","Flex+1","Reaper","Armaments+1","Flex","Shockwave+1","Shrug It Off+1","Demon Form","Flex+1","Warcry"],"relics":["Burning Blood","The Courier","DollysMirror","Omamori","Bottled Lightning","Empty Cage","Anchor","Bag of Marbles","Blue Candle","Tiny Chest","Letter Opener","Turnip","Cursed Key","Bird Faced Urn","Smiling Mask","Orichalcum"],"potions_floor_usage":[18,18,19,24,27,33,50,50],"damage_taken":[{"damage":1,"enemies":"Cultist","floor":1,"turns":3},{"damage":4,"enemies":"Small Slimes","floor":2,"turns":3},{"damage":2,"enemies":"2 Louse","floor":3,"turns":3},{"damage":5,"enemies":"Red Slaver","floor":7,"turns":4},{"damage":0,"enemies":"3 Louse","floor":10,"turns":3},{"damage":18,"enemies":"Lagavulin","floor":13,"turns":4},{"damage":5,"enemies":"Gremlin Gang","floor":14,"turns":3},{"damage":13,"enemies":"The Guardian","floor":16,"turns":12},{"damage":29,"enemies":"3 Byrds","floor":18,"turns":4},{"damage":16,"enemies":"2 Thieves","floor":19,"turns":3},{"damage":3,"enemies":"Cultist and Chosen","floor":21,"turns":3},{"damage":8,"enemies":"Gremlin Leader","floor":23,"turns":4},{"damage":0,"enemies":"Centurion and Healer","floor":24,"turns":4},{"damage":14,"enemies":"Slavers","floor":27,"turns":2},{"damage":97,"enemies":"Automaton","floor":33,"turns":8},{"damage":1,"enemies":"Orb Walker","floor":35,"turns":2},{"damage":11,"enemies":"3 Darklings","floor":36,"turns":2},{"damage":1,"enemies":"Mind Bloom Boss Battle","floor":37,"turns":4},{"damage":50,"enemies":"Giant Head","floor":40,"turns":6},{"damage":15,"enemies":"4 Shapes","floor":41,"turns":2},{"damage":23,"enemies":"Sphere and 2 Shapes","floor":46,"turns":4},{"damage":7,"enemies":"3 Darklings","floor":48,"turns":4},{"damage":58,"enemies":"Donu and Deca","floor":50,"turns":6}],"seed_played":"-2004829205160106601","potions_obtained":[{"floor":5,"key":"Block Potion"},{"floor":5,"key":"FairyPotion"},{"floor":5,"key":"Swift Potion"},{"floor":7,"key":"AttackPotion"},{"floor":13,"key":"Explosive Potion"},{"floor":14,"key":"Explosive Potion"},{"floor":16,"key":"SteroidPotion"},{"floor":19,"key":"FearPotion"},{"floor":23,"key":"AttackPotion"},{"floor":27,"key":"Weak Potion"},{"floor":35,"key":"Explosive Potion"},{"floor":36,"key":"SpeedPotion"},{"floor":39,"key":"BloodPotion"},{"floor":46,"key":"GamblersBrew"},{"floor":48,"key":"Weak Potion"}],"is_trial":false,"path_per_floor":["M","M","M","?","?","R","M","R","T","M","?","$","E","M","R","B",null,"M","M","?","M","$","E","M","?","T","E","T","R","$","?","R","B",null,"M","M","?","$","?","E","M","$","T","R","$","M","?","M","R","B",null],"character_chosen":"IRONCLAD","items_purchased":["Panacea","DollysMirror","Omamori","Flex","Searing Blow","Letter Opener","Flex","Flex","Demon Form"],"campfire_rested":0,"item_purchase_floors":[12,12,12,22,22,30,30,38,42],"current_hp_per_floor":[85,87,88,81,81,81,82,82,82,88,88,88,76,77,77,70,84,61,51,51,54,54,52,78,78,78,70,70,70,70,70,70,15,70,88,83,88,88,88,61,79,79,79,79,79,74,74,87,87,88],"gold":28,"neow_bonus":"TEN_PERCENT_HP_BONUS","is_prod":false,"is_daily":false,"chose_seed":false,"campfire_upgraded":7,"win_rate":0,"timestamp":1550734077,"path_taken":["M","?","?","?","?","R","?","R","T","M","?","$","E","M","R","BOSS","M","?","?","M","$","E","M","?","T","E","?","R","$","?","R","BOSS","M","M","?","$","?","E","?","?","T","R","$","M","?","M","R","BOSS"],"build_version":"2019-01-23","purchased_purges":4,"victory":true,"max_hp_per_floor":[88,88,88,88,88,88,88,88,88,88,88,88,88,88,88,88,88,88,88,88,88,88,88,88,88,88,88,88,88,88,88,88,88,88,88,88,88,88,88,88,88,88,88,88,88,88,88,88,88,88],"card_choices":[{"not_picked":["Iron Wave","Heavy Blade"],"picked":"Cleave","floor":1},{"not_picked":["Reckless Charge","Body Slam"],"picked":"Flame Barrier","floor":2},{"not_picked":["Burning Pact","Shockwave"],"picked":"Battle Trance","floor":3},{"not_picked":["Inflame","Impervious"],"picked":"Flex","floor":7},{"not_picked":["Havoc","Pommel Strike"],"picked":"Disarm","floor":10},{"not_picked":["Armaments","Ghostly Armor","Feel No Pain"],"picked":"SKIP","floor":13},{"not_picked":["Ghostly Armor","Burning Pact"],"picked":"Seeing Red","floor":14},{"not_picked":["Reaper","Immolate"],"picked":"Limit Break","floor":16},{"not_picked":["Headbutt","Twin Strike"],"picked":"Thunderclap+1","floor":18},{"not_picked":["Thunderclap","Pummel"],"picked":"Heavy Blade","floor":19},{"not_picked":["Twin Strike","Havoc","Wild Strike"],"picked":"SKIP","floor":21},{"not_picked":["Seeing Red+1","Uppercut+1"],"picked":"Reaper","floor":23},{"not_picked":["True Grit","Metallicize","Iron Wave"],"picked":"SKIP","floor":24},{"not_picked":["Clash","Thunderclap+1"],"picked":"Battle Trance","floor":27},{"not_picked":["Dark Embrace","Juggernaut"],"picked":"Reaper","floor":33},{"not_picked":["Heavy Blade+1","Uppercut+1","Perfected Strike"],"picked":"SKIP","floor":35},{"not_picked":["Second Wind+1","Havoc","Armaments"],"picked":"SKIP","floor":36},{"not_picked":["Clothesline","Wild Strike"],"picked":"Armaments+1","floor":37},{"not_picked":["Feed","Rage"],"picked":"Shockwave+1","floor":40},{"not_picked":["Clothesline+1","Clash+1"],"picked":"Shrug It Off+1","floor":41},{"not_picked":["Searing Blow+1","Entrench"],"picked":"Flex+1","floor":46},{"not_picked":["Headbutt","True Grit+1"],"picked":"Warcry","floor":48}],"player_experience":844253,"relics_obtained":[{"floor":9,"key":"The Courier"},{"floor":13,"key":"Bottled Lightning"},{"floor":23,"key":"Anchor"},{"floor":26,"key":"Bag of Marbles"},{"floor":27,"key":"Blue Candle"},{"floor":28,"key":"Tiny Chest"},{"floor":37,"key":"Bird Faced Urn"},{"floor":40,"key":"Smiling Mask"},{"floor":43,"key":"Orichalcum"}],"event_choices":[{"cards_removed":["Defend_R"],"damage_healed":0,"gold_gain":0,"player_choice":"Card Removal","damage_taken":7,"max_hp_gain":0,"max_hp_loss":0,"event_name":"Golden Wing","floor":4,"gold_loss":0},{"damage_healed":0,"gold_gain":0,"player_choice":"Got Potions","damage_taken":0,"max_hp_gain":0,"max_hp_loss":0,"event_name":"Lab","floor":5,"gold_loss":0},{"damage_healed":0,"gold_gain":275,"player_choice":"Desecrate","damage_taken":0,"max_hp_gain":0,"max_hp_loss":0,"event_name":"Golden Shrine","floor":11,"gold_loss":0,"cards_obtained":["Regret"]},{"damage_healed":0,"gold_gain":99,"player_choice":"Stole From Cult","damage_taken":0,"max_hp_gain":0,"max_hp_loss":0,"event_name":"Nest","floor":20,"gold_loss":0},{"damage_healed":0,"gold_gain":0,"player_choice":"Read","damage_taken":0,"max_hp_gain":0,"max_hp_loss":0,"event_name":"The Library","floor":25,"gold_loss":0,"cards_obtained":["Warcry"]},{"damage_healed":0,"gold_gain":0,"player_choice":"Opened","damage_taken":0,"relics_obtained":["Turnip"],"max_hp_gain":0,"max_hp_loss":0,"event_name":"The Mausoleum","floor":31,"gold_loss":0,"cards_obtained":["Writhe"]},{"damage_healed":0,"gold_gain":0,"player_choice":"Fight","damage_taken":0,"max_hp_gain":0,"max_hp_loss":0,"event_name":"MindBloom","floor":37,"gold_loss":0},{"damage_healed":0,"gold_gain":0,"player_choice":"Bought 1 Potion","damage_taken":0,"max_hp_gain":0,"max_hp_loss":0,"event_name":"The Woman in Blue","floor":39,"gold_loss":0},{"cards_removed":["Seeing Red"],"damage_healed":0,"gold_gain":0,"player_choice":"Removed Skill","damage_taken":0,"max_hp_gain":0,"max_hp_loss":0,"event_name":"Falling","floor":47,"gold_loss":0}],"is_beta":false,"boss_relics":[{"not_picked":["Orrery","Astrolabe"],"picked":"Empty Cage"},{"not_picked":["Mark of Pain","Lizard Tail"],"picked":"Cursed Key"}],"items_purged_floors":[12,22,38,42],"is_endless":false,"potions_floor_spawned":[7,10,13,14,16,19,23,27,35,36,46,48],"ascension_level":8}