{"gold_per_floor":[211,238,16,36,36,36,69,69,93,93,93,122,136,136,136,210,210,221,221,221,221,235,266,266,292,292,308,325,336,336,336,336,408,408,408],"floor_reached":35,"playtime":1096,"items_purged":[],"score":722,"play_id":"b0992041-fd0f-49fc-832d-acd96ebe3e5f","local_time":"20190225220420","is_ascension_mode":true,"campfire_choices":[{"data":"Whirlwind","floor":6,"key":"SMITH"},{"data":"Bash","floor":8,"key":"SMITH"},{"data":"Blood for Blood","floor":10,"key":"SMITH"},{"floor":15,"key":"REST"},{"data":"Heavy Blade","floor":24,"key":"SMITH"},{"floor":30,"key":"REST"},{"floor":32,"key":"REST"}],"neow_cost":"NONE","seed_source_timestamp":735479099151870,"circlet_count":0,"master_deck":["AscendersBane","Strike_R","Strike_R","Strike_R","Strike_R+1","Strike_R","Defend_R","Defend_R","Defend_R+1","Defend_R","Bash+1","Corruption+1","Whirlwind+1","Blood for Blood+1","Disarm","Disarm","Double Tap","Heavy Blade+1","Ghostly","Ghostly","Ghostly","Decay","Headbutt","Burning Pact","Infernal Blade+1","Dual Wield+1","Necronomicurse","Limit Break"],"relics":["Black Blood","Juzu Bracelet","Brimstone","Bag of Preparation","Pen Nib","Ancient Tea Set","Lizard Tail","Vajra","Mercury Hourglass","Bottled Lightning","Necronomicon"],"potions_floor_usage":[7,7,22,25,33,33,35],"damage_taken":[{"damage":1,"enemies":"Cultist","floor":1,"turns":4},{"damage":8,"enemies":"Jaw Worm","floor":4,"turns":3},{"damage":18,"enemies":"Gremlin Nob","floor":7,"turns":3},{"damage":30,"enemies":"Lagavulin","floor":12,"turns":4},{"damage":13,"enemies":"Small Slimes","floor":13,"turns":2},{"damage":8,"enemies":"Hexaghost","floor":16,"turns":5},{"damage":13,"enemies":"Spheric Guardian","floor":18,"turns":3},{"damage":10,"enemies":"Shell Parasite","floor":22,"turns":4},{"damage":2,"enemies":"Gremlin Leader","floor":23,"turns":5},{"damage":24,"enemies":"Slavers","floor":25,"turns":4},{"damage":8,"enemies":"Sentry and Sphere","floor":27,"turns":5},{"damage":16,"enemies":"3 Cultists","floor":28,"turns":3},{"damage":1,"enemies":"Centurion and Healer","floor":29,"turns":4},{"damage":42,"enemies":"Automaton","floor":33,"turns":5},{"damage":33,"enemies":"3 Darklings","floor":35,"turns":2}],"seed_played":"-2669818720661202699","potions_obtained":[{"floor":1,"key":"Poison Potion"},{"floor":7,"key":"Fruit Juice"},{"floor":18,"key":"EssenceOfSteel"},{"floor":23,"key":"Swift Potion"},{"floor":25,"key":"Block Potion"},{"floor":29,"key":"SteroidPotion"},{"floor":33,"key":"Weak Potion"}],"is_trial":false,"path_per_floor":["M","T","$","M","?","R","E","R","T","R","?","E","M","?","R","B",null,"M","?","?","?","M","E","R","E","T","M","M","M","R","?","R","B",null,"M"],"character_chosen":"IRONCLAD","items_purchased":["Brimstone"],"campfire_rested":3,"item_purchase_floors":[3],"current_hp_per_floor":[73,73,73,71,71,71,64,64,64,64,40,16,9,9,33,31,68,61,40,40,40,36,40,40,22,22,20,10,15,27,6,18,10,33,0],"gold":408,"neow_bonus":"HUNDRED_GOLD","is_prod":false,"is_daily":false,"chose_seed":false,"campfire_upgraded":4,"win_rate":0,"timestamp":1551161060,"path_taken":["M","?","$","M","?","R","E","R","T","R","?","E","M","?","R","BOSS","M","?","?","?","M","E","R","E","T","M","M","M","R","?","R","BOSS","M"],"build_version":"2019-01-23","purchased_purges":0,"victory":false,"max_hp_per_floor":[75,75,75,75,75,75,80,80,80,80,80,80,80,80,80,80,80,80,40,40,40,40,40,40,40,40,40,40,40,40,40,40,40,40,40],"card_choices":[{"not_picked":["Anger","Clothesline"],"picked":"Corruption","floor":1},{"not_picked":["Pommel Strike","Second Wind"],"picked":"Whirlwind","floor":4},{"not_picked":["Pummel","Clothesline"],"picked":"Blood for Blood","floor":7},{"not_picked":["Burning Pact","Hemokinesis"],"picked":"Disarm","floor":12},{"not_picked":["Headbutt","Hemokinesis"],"picked":"Disarm","floor":13},{"not_picked":["Feed","Immolate"],"picked":"Double Tap","floor":16},{"not_picked":["Dropkick","Sword Boomerang"],"picked":"Heavy Blade","floor":18},{"not_picked":["Armaments","Bloodletting"],"picked":"Headbutt","floor":22},{"not_picked":["Reaper","Headbutt","Havoc"],"picked":"SKIP","floor":23},{"not_picked":["Reckless Charge","Body Slam"],"picked":"Burning Pact","floor":25},{"not_picked":["Perfected Strike","Infernal Blade","Twin Strike"],"picked":"SKIP","floor":27},{"not_picked":["Burning Pact","Blood for Blood+1"],"picked":"Infernal Blade+1","floor":28},{"not_picked":["Perfected Strike","Flex"],"picked":"Dual Wield+1","floor":29},{"not_picked":["Feed","Exhume"],"picked":"Limit Break","floor":33}],"player_experience":559504,"relics_obtained":[{"floor":2,"key":"Juzu Bracelet"},{"floor":7,"key":"Bag of Preparation"},{"floor":9,"key":"Pen Nib"},{"floor":12,"key":"Ancient Tea Set"},{"floor":23,"key":"Vajra"},{"floor":25,"key":"Mercury Hourglass"},{"floor":26,"key":"Bottled Lightning"},{"floor":31,"key":"Necronomicon"}],"event_choices":[{"damage_healed":0,"gold_gain":0,"player_choice":"Forge","damage_taken":0,"max_hp_gain":0,"max_hp_loss":0,"event_name":"Accursed Blacksmith","floor":5,"gold_loss":0,"cards_upgraded":["Corruption"]},{"damage_healed":0,"gold_gain":0,"player_choice":"Entered Light","damage_taken":24,"max_hp_gain":0,"max_hp_loss":0,"event_name":"Shining Light","floor":11,"gold_loss":0,"cards_upgraded":["Defend_R","Strike_R"]},{"damage_healed":0,"gold_gain":0,"player_choice":"Searched \u00270\u0027 times","damage_taken":0,"max_hp_gain":0,"max_hp_loss":0,"event_name":"Dead Adventurer","floor":14,"gold_loss":0},{"damage_healed":0,"gold_gain":0,"player_choice":"Became a Ghost","damage_taken":0,"max_hp_gain":0,"max_hp_loss":40,"event_name":"Ghosts","floor":19,"gold_loss":0,"cards_obtained":["Ghostly","Ghostly","Ghostly"]},{"damage_healed":0,"gold_gain":0,"player_choice":"Leave","damage_taken":0,"max_hp_gain":0,"max_hp_loss":0,"event_name":"FaceTrader","floor":20,"gold_loss":0},{"damage_healed":0,"gold_gain":0,"player_choice":"Smashed Altar","damage_taken":0,"max_hp_gain":0,"max_hp_loss":0,"event_name":"Forgotten Altar","floor":21,"gold_loss":0,"cards_obtained":["Decay"]},{"damage_healed":0,"gold_gain":0,"player_choice":"Obtained Book","damage_taken":21,"max_hp_gain":0,"max_hp_loss":0,"event_name":"Cursed Tome","floor":31,"gold_loss":0}],"is_beta":false,"boss_relics":[{"not_picked":["Coffee Dripper","Sozu"],"picked":"Lizard Tail"},{"not_picked":["Velvet Choker","Calling Bell"],"picked":"Black Blood"}],"items_purged_floors":[],"is_endless":false,"potions_floor_spawned":[1,7,18,23,25,29,33],"killed_by":"3 Darklings","ascension_level":16}