{"gold_per_floor":[113,133,133,144,144,175,229,229,229,248,288,288,301,301,301,427,427,442,478,678,392,407,407,446,446],"floor_reached":25,"playtime":3349,"items_purged":["Injury"],"score":254,"play_id":"8d7acec9-f7f9-420b-9647-9ab064aadb63","local_time":"20190217011157","is_ascension_mode":false,"campfire_choices":[{"floor":8,"key":"REST"},{"floor":15,"key":"REST"},{"floor":23,"key":"REST"}],"neow_cost":"NONE","seed_source_timestamp":369566823395015,"circlet_count":0,"master_deck":["Defend_G","Defend_G","Defend_G","Defend_G","Defend_G","Strike_G","Strike_G","Strike_G","Strike_G","Strike_G","Survivor","Neutralize","Predator","Deadly Poison","Sucker Punch","Underhanded Strike","Tactician","Acrobatics","Noxious Fumes","A Thousand Cuts","Dagger Throw","Flechettes","Well Laid Plans","All Out Attack","Flash of Steel","Dagger Throw","Acrobatics"],"relics":["Ring of the Snake","Golden Idol","Shuriken","Mummified Hand","Pear","StoneCalendar","Lizard Tail","Red Mask","Frozen Egg 2"],"potions_floor_usage":[11],"damage_taken":[{"damage":1,"enemies":"2 Louse","floor":1,"turns":4},{"damage":6,"enemies":"Jaw Worm","floor":2,"turns":4},{"damage":7,"enemies":"Small Slimes","floor":4,"turns":4},{"damage":50,"enemies":"3 Sentries","floor":6,"turns":10},{"damage":4,"enemies":"Blue Slaver","floor":10,"turns":5},{"damage":29,"enemies":"Gremlin Nob","floor":11,"turns":5},{"damage":11,"enemies":"Lots of Slimes","floor":13,"turns":5},{"damage":24,"enemies":"Hexaghost","floor":16,"turns":10},{"damage":20,"enemies":"Spheric Guardian","floor":18,"turns":4},{"damage":55,"enemies":"Masked Bandits","floor":19,"turns":7},{"damage":6,"enemies":"Chosen","floor":22,"turns":4},{"damage":70,"enemies":"Gremlin Leader","floor":24,"turns":7},{"damage":18,"enemies":"Sentry and Sphere","floor":25,"turns":3}],"seed_played":"7238063023569328576","potions_obtained":[{"floor":1,"key":"PowerPotion"},{"floor":13,"key":"FearPotion"},{"floor":16,"key":"Poison Potion"},{"floor":22,"key":"SneckoOil"},{"floor":24,"key":"Fire Potion"}],"is_trial":false,"path_per_floor":["M","M","?","M","?","E","?","R","T","M","E","T","M","?","R","B",null,"M","?","?","$","M","R","E","M"],"character_chosen":"THE_SILENT","items_purchased":["Well Laid Plans","All Out Attack","Flash of Steel"],"campfire_rested":3,"item_purchase_floors":[21,21,21],"current_hp_per_floor":[76,70,70,63,63,13,13,36,36,32,13,13,2,2,28,4,87,67,12,12,12,6,32,11,0],"gold":446,"neow_bonus":"TEN_PERCENT_HP_BONUS","is_prod":false,"is_daily":false,"chose_seed":false,"campfire_upgraded":0,"win_rate":0.0,"timestamp":1550383917,"path_taken":["M","M","?","M","?","E","?","R","T","M","E","?","?","?","R","BOSS","M","?","?","$","?","R","E","M"],"build_version":"2019-01-23","purchased_purges":1,"victory":false,"max_hp_per_floor":[77,77,77,77,77,77,77,77,77,77,87,87,87,87,87,87,87,87,87,87,87,87,87,87,87],"card_choices":[{"not_picked":["Reflex","Dagger Spray"],"picked":"Predator","floor":1},{"not_picked":["Deflect","Eviscerate"],"picked":"Deadly Poison","floor":2},{"not_picked":["PiercingWail","Dodge and Roll"],"picked":"Sucker Punch","floor":4},{"not_picked":["Terror","Sucker Punch"],"picked":"Underhanded Strike","floor":6},{"not_picked":["Prepared","Blade Dance"],"picked":"Tactician","floor":10},{"not_picked":["Burst","Leg Sweep"],"picked":"Acrobatics","floor":11},{"not_picked":["Infinite Blades","Dagger Spray"],"picked":"Noxious Fumes","floor":13},{"not_picked":["Night Terror","Bullet Time"],"picked":"A Thousand Cuts","floor":16},{"not_picked":["Outmaneuver+1","Underhanded Strike+1"],"picked":"Dagger Throw","floor":18},{"not_picked":["Deflect","Dagger Spray"],"picked":"Flechettes","floor":19},{"not_picked":["Deflect","Poisoned Stab"],"picked":"Dagger Throw","floor":22},{"not_picked":["Well Laid Plans","Doppelganger"],"picked":"Acrobatics","floor":24}],"player_experience":3425,"relics_obtained":[{"floor":6,"key":"Shuriken"},{"floor":9,"key":"Mummified Hand"},{"floor":11,"key":"Pear"},{"floor":12,"key":"StoneCalendar"},{"floor":19,"key":"Red Mask"},{"floor":24,"key":"Frozen Egg 2"}],"event_choices":[{"damage_healed":0,"gold_gain":0,"player_choice":"Ignored","damage_taken":0,"max_hp_gain":0,"max_hp_loss":0,"event_name":"Shining Light","floor":3,"gold_loss":0},{"damage_healed":0,"gold_gain":0,"player_choice":"Take Wound","damage_taken":0,"relics_obtained":["Golden Idol"],"max_hp_gain":0,"max_hp_loss":0,"event_name":"Golden Idol","floor":5,"gold_loss":0,"cards_obtained":["Injury"]},{"damage_healed":0,"gold_gain":54,"player_choice":"Gained Gold","damage_taken":0,"max_hp_gain":0,"max_hp_loss":0,"event_name":"Golden Wing","floor":7,"gold_loss":0},{"damage_healed":0,"gold_gain":0,"player_choice":"Fled","damage_taken":0,"max_hp_gain":0,"max_hp_loss":0,"event_name":"Scrap Ooze","floor":14,"gold_loss":0},{"damage_healed":0,"gold_gain":0,"player_choice":"Fought Bandits","damage_taken":0,"max_hp_gain":0,"max_hp_loss":0,"event_name":"Masked Bandits","floor":19,"gold_loss":0},{"damage_healed":0,"gold_gain":250,"player_choice":"Bet on Owner","damage_taken":0,"max_hp_gain":0,"max_hp_loss":0,"event_name":"The Joust","floor":20,"gold_loss":50}],"is_beta":false,"boss_relics":[{"not_picked":["Snecko Eye","Ectoplasm"],"picked":"Lizard Tail"}],"items_purged_floors":[21],"is_endless":false,"potions_floor_spawned":[1,13,16,22,24],"killed_by":"Sentry and Sphere","ascension_level":0}