{"gold_per_floor":[116,116,126,140,152,186,186,30,30,59,79,79,79,111,111,111],"floor_reached":16,"playtime":892,"items_purged":["Strike_R"],"score":289,"play_id":"5d8a345b-2719-4e47-af10-b4f8ee9bf534","local_time":"20190130185613","is_ascension_mode":true,"campfire_choices":[{"data":"Bash","floor":7.0,"key":"SMITH"},{"data":"Sword Boomerang","floor":15.0,"key":"SMITH"}],"neow_cost":"NONE","seed_source_timestamp":17188596634984,"circlet_count":0,"master_deck":["AscendersBane","Strike_R","Strike_R","Strike_R","Strike_R","Defend_R","Defend_R","Defend_R","Defend_R","Bash","Bash+1","Sword Boomerang+1","Blood for Blood","Shrug It Off","Cleave","Thunderclap","Finesse","Shockwave+1"],"special_seed":0,"relics":["Burning Blood","PreservedInsect","Bag of Marbles","Vajra","Letter Opener","Strawberry","Self Forming Clay"],"potions_floor_usage":[16],"damage_taken":[{"damage":0.0,"enemies":"Small Slimes","floor":1.0,"turns":4.0},{"damage":1.0,"enemies":"Cultist","floor":3.0,"turns":3.0},{"damage":6.0,"enemies":"Jaw Worm","floor":4.0,"turns":4.0},{"damage":6.0,"enemies":"2 Fungi Beasts","floor":5.0,"turns":4.0},{"damage":42.0,"enemies":"Lagavulin","floor":6.0,"turns":9.0},{"damage":0.0,"enemies":"3 Sentries","floor":10.0,"turns":2.0},{"damage":9.0,"enemies":"3 Louse","floor":11.0,"turns":4.0},{"damage":0.0,"enemies":"Gremlin Nob","floor":14.0,"turns":2.0},{"damage":58,"enemies":"Slime Boss","floor":16,"turns":7}],"seed_played":"-3067570383571703014","potions_obtained":[{"floor":1.0,"key":"Regen Potion"},{"floor":5.0,"key":"SpeedPotion"},{"floor":6.0,"key":"Explosive Potion"}],"is_trial":false,"path_per_floor":["?","M","?","?"],"character_chosen":"IRONCLAD","items_purchased":["Finesse"],"campfire_rested":0,"item_purchase_floors":[8],"current_hp_per_floor":[74,74,75,75,75,53,53,53,53,59,56,51,51,57,57,0],"gold":111,"neow_bonus":"RANDOM_COMMON_RELIC","is_prod":false,"is_daily":false,"chose_seed":false,"campfire_upgraded":2,"win_rate":0,"timestamp":1548845773,"path_taken":["M","?","M","?","M","E","R","$","T","E","M","?","?","E","R","BOSS"],"build_version":"2019-01-23","purchased_purges":1,"victory":false,"max_hp_per_floor":[75,75,75,75,75,75,75,75,75,75,75,82,82,82,82,82],"card_choices":[{"not_picked":["Dual Wield","Uppercut","Heavy Blade"],"picked":"SKIP","floor":1.0},{"not_picked":["Sword Boomerang","Fire Breathing"],"picked":"Blood for Blood","floor":3.0},{"not_picked":["Twin Strike","Clash"],"picked":"Shrug It Off","floor":4.0},{"not_picked":["Pummel","Disarm"],"picked":"Cleave","floor":5.0},{"not_picked":["Sword Boomerang","Anger"],"picked":"Thunderclap","floor":6.0},{"not_picked":["Disarm","Body Slam"],"picked":"Shockwave","floor":10.0},{"not_picked":["Armaments","Iron Wave","Anger"],"picked":"SKIP","floor":11.0},{"not_picked":["Shrug It Off","Searing Blow","Burning Pact"],"picked":"SKIP","floor":14.0}],"player_experience":153514,"relics_obtained":[{"floor":6.0,"key":"Bag of Marbles"},{"floor":9.0,"key":"Vajra"},{"floor":10.0,"key":"Letter Opener"},{"floor":14.0,"key":"Self Forming Clay"}],"event_choices":[{"damage_healed":0.0,"max_hp_gain":0.0,"max_hp_loss":0.0,"gold_gain":0.0,"event_name":"Match and Keep!","player_choice":"2 cards matched","floor":2.0,"gold_loss":0.0,"damage_taken":0.0,"cards_obtained":["Bash","Sword Boomerang"]},{"damage_healed":0.0,"max_hp_gain":0.0,"max_hp_loss":0.0,"gold_gain":0.0,"event_name":"Scrap Ooze","player_choice":"Success","floor":12.0,"gold_loss":0.0,"damage_taken":12.0,"relics_obtained":["Strawberry"]},{"damage_healed":0.0,"max_hp_gain":0.0,"max_hp_loss":0.0,"gold_gain":0.0,"event_name":"Living Wall","player_choice":"Grow","floor":13.0,"gold_loss":0.0,"damage_taken":0.0,"cards_upgraded":["Shockwave"]}],"is_beta":false,"boss_relics":[],"items_purged_floors":[8],"is_endless":false,"potions_floor_spawned":[1,5,6],"killed_by":"Slime Boss","ascension_level":14}