{"gold_per_floor":[17,31,31,49,49,49,79,93,116,116,81,81,81,81,81,179,179,190,0,75,95,95,95,95],"floor_reached":24,"playtime":1915,"items_purged":[],"score":250,"play_id":"1dc8ce6f-413b-43d2-a7da-7eae7f8ff204","local_time":"20190205004736","is_ascension_mode":true,"campfire_choices":[{"data":"Neutralize","floor":6,"key":"SMITH"},{"floor":10,"key":"REST"},{"data":"Footwork","floor":12,"key":"SMITH"},{"floor":15,"key":"REST"},{"floor":23,"key":"REST"}],"neow_cost":"NO_GOLD","seed_source_timestamp":270606034492646,"circlet_count":0,"master_deck":["Defend_G","Defend_G","Defend_G+1","Strike_G","Strike_G","Strike_G","Strike_G","Survivor+1","Neutralize+1","Footwork+1","Escape Plan","Leg Sweep","A Thousand Cuts","Envenom"],"relics":["Ring of the Snake","Bag of Marbles","Juzu Bracelet","Snake Skull","Orrery","ClockworkSouvenir"],"potions_floor_usage":[24],"damage_taken":[{"damage":0,"enemies":"Cultist","floor":1,"turns":4},{"damage":0,"enemies":"Small Slimes","floor":2,"turns":5},{"damage":0,"enemies":"Jaw Worm","floor":4,"turns":6},{"damage":43,"enemies":"Gremlin Nob","floor":7,"turns":8},{"damage":1,"enemies":"3 Louse","floor":8,"turns":5},{"damage":17,"enemies":"The Guardian","floor":16,"turns":25},{"damage":28,"enemies":"Chosen","floor":18,"turns":9},{"damage":5,"enemies":"3 Byrds","floor":21,"turns":7},{"damage":43,"enemies":"Book of Stabbing","floor":24,"turns":7}],"seed_played":"-6387244515757704104","potions_obtained":[{"floor":1,"key":"SpeedPotion"},{"floor":21,"key":"Explosive Potion"}],"is_trial":false,"path_per_floor":["M","M","$","M","?","R","E","M","T","R","?","R","?","?","R","B",null,"M","$","?","M","?","R","E"],"character_chosen":"THE_SILENT","items_purchased":["ClockworkSouvenir"],"campfire_rested":3,"item_purchase_floors":[19],"current_hp_per_floor":[63,63,63,63,49,49,6,5,5,26,43,43,36,29,50,33,61,33,33,26,21,21,42,0],"gold":95,"neow_bonus":"REMOVE_TWO","is_prod":false,"is_daily":false,"chose_seed":false,"campfire_upgraded":2,"win_rate":0,"timestamp":1549324056,"path_taken":["M","M","?","?","?","R","E","M","T","R","?","R","?","?","R","BOSS","M","$","?","M","?","R","E"],"build_version":"2019-01-23","purchased_purges":0,"victory":false,"max_hp_per_floor":[70,70,70,70,70,70,70,70,70,70,70,70,70,70,70,70,70,70,70,70,70,70,70,70],"card_choices":[{"not_picked":["Well Laid Plans","Cloak And Dagger"],"picked":"Footwork","floor":1},{"not_picked":["Dagger Throw","Prepared"],"picked":"Escape Plan","floor":2},{"not_picked":["Poisoned Stab","Flying Knee"],"picked":"Leg Sweep","floor":4},{"not_picked":["Bane","Acrobatics","Outmaneuver"],"picked":"SKIP","floor":7},{"not_picked":["Reflex","Corpse Explosion","Deflect"],"picked":"SKIP","floor":8},{"not_picked":["Tools of the Trade","Wraith Form v2"],"picked":"A Thousand Cuts","floor":16},{"not_picked":["Outmaneuver","Flying Knee","Quick Slash"],"picked":"SKIP","floor":18},{"not_picked":["Blade Dance","PiercingWail"],"picked":"Envenom","floor":21}],"player_experience":338148,"relics_obtained":[{"floor":7,"key":"Bag of Marbles"},{"floor":9,"key":"Juzu Bracelet"}],"event_choices":[{"damage_healed":0,"gold_gain":0,"player_choice":"Entered Light","damage_taken":14,"max_hp_gain":0,"max_hp_loss":0,"event_name":"Shining Light","floor":5,"gold_loss":0,"cards_upgraded":["Defend_G","Survivor"]},{"damage_healed":17,"gold_gain":0,"player_choice":"Healed","damage_taken":0,"max_hp_gain":0,"max_hp_loss":0,"event_name":"The Cleric","floor":11,"gold_loss":35},{"damage_healed":0,"gold_gain":0,"player_choice":"Success","damage_taken":7,"relics_obtained":["Snake Skull"],"max_hp_gain":0,"max_hp_loss":0,"event_name":"Scrap Ooze","floor":13,"gold_loss":0},{"cards_removed":["Defend_G"],"damage_healed":0,"gold_gain":0,"player_choice":"Card Removal","damage_taken":7,"max_hp_gain":0,"max_hp_loss":0,"event_name":"Golden Wing","floor":14,"gold_loss":0},{"damage_healed":0,"gold_gain":75,"player_choice":"Touch","damage_taken":7,"max_hp_gain":0,"max_hp_loss":0,"event_name":"FaceTrader","floor":20,"gold_loss":0},{"damage_healed":0,"gold_gain":0,"player_choice":"0 cards matched","damage_taken":0,"max_hp_gain":0,"max_hp_loss":0,"event_name":"Match and Keep!","floor":22,"gold_loss":0,"cards_obtained":[]}],"is_beta":false,"boss_relics":[{"not_picked":["Calling Bell","Eternal Feather"],"picked":"Orrery"}],"items_purged_floors":[],"is_endless":false,"potions_floor_spawned":[1,21],"killed_by":"Book of Stabbing","ascension_level":6}