{"gold_per_floor":[112,132,132,144,163,163,175,175,246,246,263,7,7,40,40,138,138,155,95,114,114,129,159,159,194,194,227,62,62,12,47,47,149,149,162,179,23,35,45,73,98,135,222,234,266,278,315,337,349,361],"floor_reached":51,"playtime":3895,"items_purged":["Strike_B"],"score":922,"play_id":"3b3d4a60-74f6-48aa-803d-62a248a4a24c","local_time":"20190207001505","is_ascension_mode":false,"campfire_choices":[{"data":"Zap","floor":6.0,"key":"SMITH"},{"data":"Genetic Algorithm","floor":8.0,"key":"SMITH"},{"data":"Go for the Eyes","floor":10.0,"key":"SMITH"},{"data":"Dualcast","floor":13.0,"key":"SMITH"},{"data":"Ball Lightning","floor":15.0,"key":"SMITH"},{"data":"Lockon","floor":24.0,"key":"SMITH"},{"data":"Ball Lightning","floor":29.0,"key":"SMITH"},{"floor":32.0,"key":"REST"},{"data":"Buffer","floor":44.0,"key":"SMITH"},{"data":"Machine Learning","floor":46.0,"key":"SMITH"},{"data":"Ball Lightning","floor":49.0,"key":"SMITH"}],"neow_cost":"NONE","seed_source_timestamp":0,"circlet_count":0,"master_deck":["Strike_B","Defend_B","Defend_B","Defend_B","Defend_B","Zap+1","Dualcast+1","Go for the Eyes+1","Ball Lightning+1","Ball Lightning+1","Ball Lightning+1","Genetic Algorithm+1","Coolheaded+1","Fission+1","Conserve Battery+1","Reboot+1","Lockon+1","Consume+1","Glacier+1","Apotheosis+1","Coolheaded+1","Fission+1","Machine Learning+1","Conserve Battery+1","Coolheaded+1","White Noise+1","Hologram+1","Buffer+1","Hologram+1"],"special_seed":0,"relics":["Cracked Core","Pantograph","Toxic Egg 2","Gambling Chip","Inserter","Darkstone Periapt","Boot","Bag of Preparation","Molten Egg 2","Red Mask","Nunchaku","Sozu","MawBank","Kunai","Frozen Egg 2","Dodecahedron"],"potions_floor_usage":[50,50],"damage_taken":[{"damage":3.0,"enemies":"Jaw Worm","floor":1.0,"turns":3.0},{"damage":1.0,"enemies":"Cultist","floor":2.0,"turns":3.0},{"damage":3.0,"enemies":"Small Slimes","floor":4.0,"turns":3.0},{"damage":2.0,"enemies":"Blue Slaver","floor":5.0,"turns":2.0},{"damage":1.0,"enemies":"Exordium Thugs","floor":7.0,"turns":3.0},{"damage":0.0,"enemies":"Large Slime","floor":11.0,"turns":4.0},{"damage":16.0,"enemies":"Lagavulin","floor":14.0,"turns":5.0},{"damage":7.0,"enemies":"Slime Boss","floor":16.0,"turns":7.0},{"damage":17.0,"enemies":"2 Thieves","floor":18.0,"turns":2.0},{"damage":0.0,"enemies":"Chosen","floor":20.0,"turns":2.0},{"damage":0.0,"enemies":"Snecko","floor":22.0,"turns":4.0},{"damage":0.0,"enemies":"Book of Stabbing","floor":23.0,"turns":5.0},{"damage":0.0,"enemies":"Gremlin Leader","floor":25.0,"turns":6.0},{"damage":16.0,"enemies":"Masked Bandits","floor":27.0,"turns":3.0},{"damage":1.0,"enemies":"Slavers","floor":31.0,"turns":6.0},{"damage":20.0,"enemies":"Collector","floor":33.0,"turns":9.0},{"damage":0.0,"enemies":"3 Shapes","floor":35.0,"turns":3.0},{"damage":0.0,"enemies":"3 Darklings","floor":36.0,"turns":6.0},{"damage":0.0,"enemies":"Spire Growth","floor":38.0,"turns":4.0},{"damage":0.0,"enemies":"Maw","floor":39.0,"turns":5.0},{"damage":0.0,"enemies":"Nemesis","floor":40.0,"turns":5.0},{"damage":6.0,"enemies":"3 Darklings","floor":41.0,"turns":4.0},{"damage":0.0,"enemies":"Giant Head","floor":42.0,"turns":7.0},{"damage":0.0,"enemies":"Sphere and 2 Shapes","floor":45.0,"turns":4.0},{"damage":0.0,"enemies":"Reptomancer","floor":47.0,"turns":7.0},{"damage":0.0,"enemies":"Writhing Mass","floor":48.0,"turns":5.0},{"damage":0,"enemies":"Time Eater","floor":50,"turns":12}],"seed_played":"3141576902338139282","potions_obtained":[{"floor":5.0,"key":"EssenceOfSteel"},{"floor":11.0,"key":"FearPotion"},{"floor":20.0,"key":"LiquidBronze"},{"floor":23.0,"key":"PowerPotion"},{"floor":31.0,"key":"Energy Potion"},{"floor":33.0,"key":"GamblersBrew"}],"is_trial":false,"path_per_floor":["M","M","?","M","M","R","M","R","T","R","M","$","R","E","R","B",null,"M","?","M","T","M","E","R","E","T","?","$","R","$","E","R","B",null,"M","M","$","M","M","E","M","E","T","R","M","R","E","M","R","B",null],"character_chosen":"DEFECT","items_purchased":["Toxic Egg 2","Apotheosis+1","Coolheaded+1","White Noise+1"],"campfire_rested":1,"item_purchase_floors":[12,28,30,37],"current_hp_per_floor":[79,78,78,75,73,73,72,72,72,72,72,72,72,56,56,74,82,65,65,65,65,65,65,65,65,65,49,49,49,49,48,72,62,82,82,82,82,82,82,82,76,76,76,76,76,76,76,76,76,82],"gold":373,"neow_bonus":"TEN_PERCENT_HP_BONUS","is_prod":false,"is_daily":false,"chose_seed":false,"campfire_upgraded":10,"win_rate":0.0,"timestamp":1549494905,"path_taken":["M","M","?","M","M","R","M","R","T","R","M","$","R","E","R","BOSS","M","?","?","?","M","E","R","E","T","?","?","R","$","E","R","BOSS","M","M","$","M","M","E","M","E","T","R","M","R","E","M","R","BOSS"],"build_version":"2019-01-23","purchased_purges":1,"victory":true,"max_hp_per_floor":[82,82,82,82,82,82,82,82,82,82,82,82,82,82,82,82,82,82,82,82,82,82,82,82,82,82,82,82,82,82,82,82,82,82,82,82,82,82,82,82,82,82,82,82,82,82,82,82,82,82],"card_choices":[{"not_picked":["Stack","Gash"],"picked":"Go for the Eyes","floor":1.0},{"not_picked":["Aggregate","Compile Driver"],"picked":"Ball Lightning","floor":2.0},{"not_picked":["Leap","Gash"],"picked":"Ball Lightning","floor":4.0},{"not_picked":["Sweeping Beam","Darkness"],"picked":"Ball Lightning","floor":5.0},{"not_picked":["BootSequence","Streamline"],"picked":"Genetic Algorithm","floor":7.0},{"not_picked":["Streamline","Force Field","Go for the Eyes"],"picked":"SKIP","floor":11.0},{"not_picked":["Hologram+1","Sweeping Beam"],"picked":"Coolheaded+1","floor":14.0},{"not_picked":["Thunder Strike","Machine Learning"],"picked":"Fission+1","floor":16.0},{"not_picked":["Go for the Eyes","Redo+1"],"picked":"Conserve Battery+1","floor":18.0},{"not_picked":["Redo+1","Streamline","Beam Cell"],"picked":"SKIP","floor":20.0},{"not_picked":["Sweeping Beam","Beam Cell+1"],"picked":"Consume+1","floor":22.0},{"not_picked":["Reprogram+1","Sweeping Beam"],"picked":"Glacier+1","floor":23.0},{"not_picked":["Storm","Steam Power+1","BootSequence+1"],"picked":"SKIP","floor":25.0},{"not_picked":["Darkness+1","Stack+1"],"picked":"Fission+1","floor":31.0},{"not_picked":["Biased Cognition","Multi-Cast+1"],"picked":"Machine Learning","floor":33.0},{"not_picked":["Melter+1","Darkness+1"],"picked":"Conserve Battery+1","floor":35.0},{"not_picked":["Steam+1","Double Energy+1"],"picked":"Coolheaded+1","floor":36.0},{"not_picked":["Rip and Tear+1","Coolheaded+1","Genetic Algorithm+1"],"picked":"SKIP","floor":38.0},{"not_picked":["Compile Driver+1","Hello World","Go for the Eyes+1"],"picked":"SKIP","floor":39.0},{"not_picked":["Compile Driver+1","Hologram+1","Barrage+1"],"picked":"SKIP","floor":40.0},{"not_picked":["Compile Driver+1","Barrage+1"],"picked":"Hologram+1","floor":40.0},{"not_picked":["Leap+1","Steam+1","Sweeping Beam+1"],"picked":"SKIP","floor":41.0},{"not_picked":["Reinforced Body+1","Chill+1"],"picked":"Buffer","floor":42.0},{"not_picked":["Hologram+1","Streamline+1","Redo+1"],"picked":"SKIP","floor":45.0},{"not_picked":["Steam+1","Stack+1","Go for the Eyes+1"],"picked":"SKIP","floor":47.0},{"not_picked":["Beam Cell+1","Leap+1"],"picked":"Hologram+1","floor":48.0}],"player_experience":7784,"relics_obtained":[{"floor":9.0,"key":"Pantograph"},{"floor":14.0,"key":"Gambling Chip"},{"floor":21.0,"key":"Darkstone Periapt"},{"floor":23.0,"key":"Boot"},{"floor":25.0,"key":"Bag of Preparation"},{"floor":26.0,"key":"Molten Egg 2"},{"floor":27.0,"key":"Red Mask"},{"floor":31.0,"key":"Nunchaku"},{"floor":40.0,"key":"MawBank"},{"floor":42.0,"key":"Kunai"},{"floor":43.0,"key":"Frozen Egg 2"},{"floor":47.0,"key":"Dodecahedron"}],"event_choices":[{"damage_healed":0.0,"max_hp_gain":0.0,"max_hp_loss":0.0,"gold_gain":0.0,"event_name":"Liars Game","player_choice":"Ignored","floor":3.0,"gold_loss":0.0,"damage_taken":0.0},{"damage_healed":0.0,"max_hp_gain":0.0,"max_hp_loss":0.0,"gold_gain":0.0,"cards_transformed":["Strike_B","Strike_B"],"event_name":"Designer","player_choice":"Transformed Cards","floor":19.0,"gold_loss":60.0,"damage_taken":0.0,"cards_obtained":["Reboot","Lockon"]},{"damage_healed":0.0,"max_hp_gain":0.0,"max_hp_loss":0.0,"gold_gain":0.0,"event_name":"Masked Bandits","player_choice":"Fought Bandits","floor":27.0,"gold_loss":0.0,"damage_taken":0.0}],"is_beta":true,"boss_relics":[{"not_picked":["Snecko Eye","Orrery"],"picked":"Inserter"},{"not_picked":["Black Star","White Beast Statue"],"picked":"Sozu"}],"items_purged_floors":[37],"is_endless":false,"potions_floor_spawned":[5,11,20,23,31,33,35,41,42],"ascension_level":0}