{"gold_per_floor":[365,365,8,19,30,55,70,86,86,86],"floor_reached":10,"playtime":769,"items_purged":["Strike_B"],"score":116,"play_id":"bbedc03d-d50a-4aaa-bf25-44525feee689","local_time":"20190221174715","is_ascension_mode":true,"campfire_choices":[],"neow_cost":"TEN_PERCENT_HP_LOSS","seed_source_timestamp":512086688037628,"circlet_count":0,"master_deck":["AscendersBane","Strike_B","Strike_B","Strike_B","Defend_B","Defend_B","Defend_B","Defend_B","Zap","Dualcast","Streamline","Turbo","FTL","Rebound","Fission","Steam Power","Tempest","Biased Cognition"],"relics":["Cracked Core","TheAbacus","Happy Flower","Shuriken"],"potions_floor_usage":[],"damage_taken":[{"damage":10,"enemies":"Small Slimes","floor":1,"turns":3},{"damage":0,"enemies":"Cultist","floor":4,"turns":3},{"damage":0,"enemies":"2 Louse","floor":5,"turns":2},{"damage":39,"enemies":"Lagavulin","floor":6,"turns":7},{"damage":10,"enemies":"Large Slime","floor":7,"turns":5},{"damage":1,"enemies":"Looter","floor":8,"turns":2},{"damage":12,"enemies":"Exordium Wildlife","floor":10,"turns":1}],"seed_played":"8070025920480884199","potions_obtained":[{"floor":1,"key":"Explosive Potion"},{"floor":5,"key":"SkillPotion"},{"floor":8,"key":"PowerPotion"}],"is_trial":false,"path_per_floor":["M","?","$","M","M","E","M","M","T","M"],"character_chosen":"DEFECT","items_purchased":["FTL","TheAbacus"],"campfire_rested":0,"item_purchase_floors":[3,3],"current_hp_per_floor":[58,58,58,58,58,19,9,8,8,0],"gold":86,"neow_bonus":"TWO_FIFTY_GOLD","is_prod":false,"is_daily":false,"chose_seed":false,"campfire_upgraded":0,"win_rate":0,"timestamp":1550749635,"path_taken":["M","?","$","M","?","E","M","M","T","M"],"build_version":"2019-01-23","purchased_purges":1,"victory":false,"max_hp_per_floor":[68,68,68,68,68,68,68,68,68,68],"card_choices":[{"not_picked":["Hello World","Lockon"],"picked":"Streamline","floor":1},{"not_picked":["Redo","Steam"],"picked":"Rebound","floor":4},{"not_picked":["Chill","BootSequence"],"picked":"Fission","floor":5},{"not_picked":["Barrage","Defragment"],"picked":"Steam Power","floor":6},{"not_picked":["Compile Driver","Stack"],"picked":"Tempest","floor":7},{"not_picked":["Compile Driver","Go for the Eyes"],"picked":"Biased Cognition","floor":8}],"player_experience":855209,"relics_obtained":[{"floor":6,"key":"Happy Flower"},{"floor":9,"key":"Shuriken"}],"event_choices":[{"damage_healed":0,"gold_gain":0,"player_choice":"1 cards matched","damage_taken":0,"max_hp_gain":0,"max_hp_loss":0,"event_name":"Match and Keep!","floor":2,"gold_loss":0,"cards_obtained":["Turbo"]}],"is_beta":false,"boss_relics":[],"items_purged_floors":[3],"is_endless":false,"potions_floor_spawned":[1,5,8],"killed_by":"Exordium Wildlife","ascension_level":13}