{"gold_per_floor":[118,135,47,66,66,100,100,128,128,141,141,141,153,164,164,263,263,280,195,195,295,315,341,341,372,422,422,442,475,485,498,498,595,595,608,608],"floor_reached":36,"playtime":2824,"items_purged":[],"score":744,"play_id":"a9a0dc4c-92b0-4465-a6a3-54f1b341c831","local_time":"20181222193630","is_ascension_mode":true,"campfire_choices":[{"data":"Immolate","floor":7,"key":"SMITH"},{"data":"Shockwave","floor":11,"key":"SMITH"},{"floor":15,"key":"REST"},{"data":"Barricade","floor":24,"key":"SMITH"},{"floor":27,"key":"DIG"},{"floor":32,"key":"DIG"}],"neow_cost":"NONE","seed_source_timestamp":285671065439487,"circlet_count":0,"master_deck":["AscendersBane","Strike_R","Strike_R","Strike_R","Strike_R","Defend_R","Defend_R","Defend_R","Defend_R","Bash","Sword Boomerang","Cleave","Swift Strike","Twin Strike","Immolate+1","Shockwave+1","Headbutt+1","Pommel Strike+1","Pommel Strike+1","Barricade+1","Blood for Blood+1","Ghostly","Ghostly","Ghostly","Ghostly","Ghostly","Shrug It Off+1","Rage","Sever Soul+1","Body Slam+1","Exhume","Decay","Pain","Normality","Armaments+1"],"relics":["Burning Blood","Dream Catcher","Gambling Chip","Molten Egg 2","Runic Pyramid","Pear","Shovel","Singing Bowl","Lantern","Frozen Egg 2","Bronze Scales","Smiling Mask","Pen Nib","Bottled Flame","Calling Bell","PreservedInsect","Kunai","Nunchaku"],"potions_floor_usage":[16,18,33,33,35],"damage_taken":[{"damage":10,"enemies":"Small Slimes","floor":1,"turns":4},{"damage":6,"enemies":"Cultist","floor":2,"turns":3},{"damage":0,"enemies":"2 Louse","floor":4,"turns":1},{"damage":32,"enemies":"Gremlin Nob","floor":6,"turns":4},{"damage":20,"enemies":"3 Sentries","floor":8,"turns":3},{"damage":10,"enemies":"Lots of Slimes","floor":10,"turns":2},{"damage":12,"enemies":"Large Slime","floor":13,"turns":2},{"damage":7,"enemies":"Blue Slaver","floor":14,"turns":3},{"damage":20,"enemies":"Slime Boss","floor":16,"turns":5},{"damage":0,"enemies":"3 Byrds","floor":18,"turns":2},{"damage":3,"enemies":"Colosseum Slavers","floor":21,"turns":4},{"damage":6,"enemies":"Colosseum Nobs","floor":21,"turns":6},{"damage":8,"enemies":"Shell Parasite","floor":22,"turns":4},{"damage":8,"enemies":"Slavers","floor":23,"turns":7},{"damage":14,"enemies":"Book of Stabbing","floor":25,"turns":7},{"damage":9,"enemies":"Snake Plant","floor":28,"turns":4},{"damage":7,"enemies":"Gremlin Leader","floor":29,"turns":6},{"damage":9,"enemies":"Cultist and Chosen","floor":30,"turns":6},{"damage":0,"enemies":"3 Cultists","floor":31,"turns":6},{"damage":27,"enemies":"Automaton","floor":33,"turns":9},{"damage":39,"enemies":"3 Darklings","floor":35,"turns":6},{"damage":24,"enemies":"3 Shapes","floor":36,"turns":1}],"seed_played":"-5260497580226189665","potions_obtained":[{"floor":6,"key":"Fire Potion"},{"floor":13,"key":"Explosive Potion"},{"floor":18,"key":"GamblersBrew"},{"floor":25,"key":"SteroidPotion"},{"floor":28,"key":"FearPotion"},{"floor":33,"key":"Block Potion"}],"is_trial":false,"path_per_floor":["M","M","$","M","?","E","R","E","T","M","R","?","M","M","R","B",null,"M","?","?","?","M","E","R","E","T","R","M","E","M","M","R","B",null,"M","M"],"character_chosen":"IRONCLAD","items_purchased":["Swift Strike"],"campfire_rested":1,"item_purchase_floors":[3],"current_hp_per_floor":[68,68,68,74,90,64,64,50,50,46,46,46,40,39,66,52,81,87,97,50,50,50,48,48,42,42,42,39,40,37,45,45,24,50,17,0],"gold":608,"neow_bonus":"ONE_RANDOM_RARE_CARD","is_prod":false,"is_daily":false,"chose_seed":false,"campfire_upgraded":3,"win_rate":0,"timestamp":1545536190,"path_taken":["M","M","$","M","?","E","R","E","T","?","R","?","M","?","R","BOSS","M","?","?","?","?","E","R","E","T","R","M","E","?","M","R","BOSS","M","M"],"build_version":"2018-12-20","purchased_purges":0,"victory":false,"max_hp_per_floor":[80,80,80,80,90,90,90,90,90,90,90,90,90,90,90,90,90,90,100,50,50,52,52,52,54,54,54,54,56,56,58,58,58,58,58,58],"card_choices":[{"not_picked":["Perfected Strike","Rupture"],"picked":"Sword Boomerang","floor":1},{"not_picked":["Havoc","Thunderclap"],"picked":"Cleave","floor":2},{"not_picked":["Thunderclap","Wild Strike"],"picked":"Twin Strike","floor":4},{"not_picked":["Searing Blow","Uppercut"],"picked":"Immolate","floor":6},{"not_picked":["Anger","Searing Blow"],"picked":"Shockwave","floor":8},{"not_picked":["Heavy Blade+1","True Grit"],"picked":"Headbutt+1","floor":10},{"not_picked":["Body Slam+1","Flex"],"picked":"Pommel Strike+1","floor":13},{"not_picked":["Wild Strike+1","Havoc","Power Through"],"picked":"SKIP","floor":14},{"not_picked":["Spot Weakness","Armaments"],"picked":"Pommel Strike+1","floor":15},{"not_picked":["Juggernaut","Dark Embrace"],"picked":"Barricade","floor":16},{"not_picked":["Hemokinesis+1","Body Slam+1"],"picked":"Blood for Blood+1","floor":18},{"not_picked":["Perfected Strike+1","Dual Wield"],"picked":"Shrug It Off+1","floor":21},{"not_picked":["Sword Boomerang+1","Havoc","Shockwave"],"picked":"Singing Bowl","floor":22},{"not_picked":["True Grit","Shrug It Off"],"picked":"Rage","floor":23},{"not_picked":["Carnage+1","Shrug It Off+1","Berserk"],"picked":"Singing Bowl","floor":25},{"not_picked":["Thunderclap+1","Havoc"],"picked":"Sever Soul+1","floor":28},{"not_picked":["Offering","Thunderclap+1","Iron Wave+1"],"picked":"Singing Bowl","floor":29},{"not_picked":["Cleave+1","Spot Weakness"],"picked":"Body Slam+1","floor":30},{"not_picked":["Pommel Strike+1","Burning Pact","Cleave+1"],"picked":"Singing Bowl","floor":31},{"not_picked":["Immolate+1","Barricade+1"],"picked":"Exhume","floor":33},{"not_picked":["Cleave+1","True Grit"],"picked":"Armaments+1","floor":35}],"player_experience":427675,"relics_obtained":[{"floor":6,"key":"Dream Catcher"},{"floor":8,"key":"Gambling Chip"},{"floor":9,"key":"Molten Egg 2"},{"floor":21,"key":"Shovel"},{"floor":21,"key":"Singing Bowl"},{"floor":23,"key":"Lantern"},{"floor":25,"key":"Frozen Egg 2"},{"floor":26,"key":"Bronze Scales"},{"floor":27,"key":"Smiling Mask"},{"floor":29,"key":"Pen Nib"},{"floor":32,"key":"Bottled Flame"},{"floor":34,"key":"PreservedInsect"},{"floor":34,"key":"Kunai"},{"floor":34,"key":"Nunchaku"}],"event_choices":[{"cards_removed":["Immolate"],"damage_healed":6,"gold_gain":0,"player_choice":"Offered Rare","damage_taken":0,"max_hp_gain":10,"max_hp_loss":0,"event_name":"Bonfire Elementals","floor":5,"gold_loss":0},{"cards_removed":["Strike_R"],"damage_healed":0,"gold_gain":0,"player_choice":"Purged","damage_taken":0,"max_hp_gain":0,"max_hp_loss":0,"event_name":"Purifier","floor":12,"gold_loss":0},{"damage_healed":0,"gold_gain":0,"player_choice":"Obtained Relic","damage_taken":0,"relics_obtained":["Pear"],"max_hp_gain":0,"max_hp_loss":0,"event_name":"Addict","floor":19,"gold_loss":85},{"damage_healed":0,"gold_gain":0,"player_choice":"Became a Ghost","damage_taken":0,"max_hp_gain":0,"max_hp_loss":50,"event_name":"Ghosts","floor":20,"gold_loss":0,"cards_obtained":["Ghostly","Ghostly","Ghostly","Ghostly","Ghostly"]},{"damage_healed":0,"gold_gain":0,"player_choice":"Fight","damage_taken":0,"max_hp_gain":0,"max_hp_loss":0,"event_name":"Colosseum","floor":21,"gold_loss":0},{"damage_healed":0,"gold_gain":0,"player_choice":"Fought Nobs","damage_taken":0,"max_hp_gain":0,"max_hp_loss":0,"event_name":"Colosseum","floor":21,"gold_loss":0}],"is_beta":false,"boss_relics":[{"not_picked":["Astrolabe","Coffee Dripper"],"picked":"Runic Pyramid"},{"not_picked":["Eternal Feather","Runic Cube"],"picked":"Calling Bell"}],"items_purged_floors":[],"is_endless":false,"potions_floor_spawned":[6,13,14,18,25,28,29,30,33],"killed_by":"3 Shapes","ascension_level":12}