{"gold_per_floor":[109,124,140,155,172,172,117,117,193,212,244,244,244,260,260,260],"floor_reached":16,"playtime":538,"items_purged":[],"score":187,"play_id":"05aad7a3-a1da-47ef-a19c-65ca2072d002","local_time":"20181018200048","is_ascension_mode":true,"campfire_choices":[{"data":"Strike_R","floor":6,"key":"PURGE"},{"data":"Strike_R","floor":8,"key":"PURGE"},{"data":"Injury","floor":13,"key":"PURGE"},{"data":"True Grit","floor":15,"key":"SMITH"}],"neow_cost":"PERCENT_DAMAGE","seed_source_timestamp":720181885546554,"circlet_count":0,"master_deck":["Strike_R","Strike_R","Strike_R","Defend_R","Defend_R","Defend_R","Defend_R","Bash","AscendersBane","Shrug It Off","Cleave","Spot Weakness","Ghostly Armor","Inflame","Shrug It Off","True Grit+1"],"relics":["Burning Blood","Peace Pipe","Shuriken","Magic Flower","Golden Idol"],"potions_floor_usage":[4,11,16],"damage_taken":[{"damage":6,"enemies":"Cultist","floor":1,"turns":3},{"damage":0,"enemies":"Jaw Worm","floor":2,"turns":5},{"damage":2,"enemies":"2 Louse","floor":3,"turns":3},{"damage":8,"enemies":"Blue Slaver","floor":4,"turns":5},{"damage":10,"enemies":"Looter","floor":5,"turns":4},{"damage":6,"enemies":"Large Slime","floor":10,"turns":9},{"damage":35,"enemies":"Lagavulin","floor":11,"turns":9},{"damage":11,"enemies":"3 Louse","floor":14,"turns":5},{"damage":30,"enemies":"Hexaghost","floor":16,"turns":9}],"seed_played":"-3831622238958150092","potions_obtained":[{"floor":2,"key":"SkillPotion"},{"floor":3,"key":"BloodPotion"},{"floor":14,"key":"SteroidPotion"}],"is_trial":false,"path_per_floor":["M","M","M","M","M","R","?","R","T","M","E","?","R","M","R"],"character_chosen":"IRONCLAD","items_purchased":[],"campfire_rested":0,"item_purchase_floors":[],"current_hp_per_floor":[50,56,60,58,54,54,54,54,54,54,32,32,32,30,30,0],"gold":260,"neow_bonus":"ONE_RARE_RELIC","is_prod":false,"is_daily":false,"chose_seed":false,"campfire_upgraded":1,"win_rate":0,"timestamp":1539885648,"path_taken":["M","M","M","M","?","R","?","R","T","M","E","?","R","M","R","BOSS"],"build_version":"2018-10-11","purchased_purges":0,"victory":false,"max_hp_per_floor":[75,75,75,75,75,75,75,75,75,75,75,75,75,75,75,75],"card_choices":[{"not_picked":["Flex","Whirlwind"],"picked":"Shrug It Off","floor":1},{"not_picked":["Intimidate","Clash","Thunderclap"],"picked":"SKIP","floor":2},{"not_picked":["Fire Breathing","Clothesline"],"picked":"Cleave","floor":3},{"not_picked":["Bloodletting","Corruption"],"picked":"Spot Weakness","floor":4},{"not_picked":["Disarm","Twin Strike"],"picked":"Ghostly Armor","floor":5},{"not_picked":["Brutality","Cleave"],"picked":"Inflame","floor":10},{"not_picked":["Warcry","Entrench"],"picked":"Shrug It Off","floor":11},{"not_picked":["Warcry","Disarm"],"picked":"True Grit","floor":14}],"player_experience":534167,"relics_obtained":[{"floor":9,"key":"Shuriken"},{"floor":11,"key":"Magic Flower"}],"event_choices":[{"event_name":"World of Goop","player_choice":"Left","floor":7,"damage_taken":0},{"event_name":"Golden Idol","player_choice":"Take Wound","floor":12,"damage_taken":0}],"is_beta":false,"boss_relics":[],"items_purged_floors":[],"is_endless":false,"potions_floor_spawned":[2,3,14],"killed_by":"Hexaghost","ascension_level":16}