{"gold_per_floor":[112,128,175,43,43,43,43,55,131,144,144,163,163,197,197,197],"floor_reached":16,"playtime":610,"items_purged":[],"score":185,"play_id":"54ccd5d0-b2ea-4690-8392-7677212623c3","local_time":"20181116011806","is_ascension_mode":true,"campfire_choices":[{"data":"Barricade","floor":11,"key":"SMITH"},{"data":"True Grit","floor":13,"key":"SMITH"},{"data":"Feel No Pain","floor":15,"key":"SMITH"}],"neow_cost":"PERCENT_DAMAGE","seed_source_timestamp":43886589978584,"circlet_count":0,"master_deck":["AscendersBane","Strike_R","Strike_R","Strike_R","Defend_R","Defend_R","Defend_R","Defend_R","Bash","Barricade+1","Shrug It Off","Shrug It Off","Feel No Pain+1","Infernal Blade","Shrug It Off","True Grit+1"],"relics":["Burning Blood","Red Skull","Blue Candle","Smiling Mask"],"potions_floor_usage":[14,14],"damage_taken":[{"damage":6,"enemies":"Cultist","floor":1,"turns":3},{"damage":14,"enemies":"Jaw Worm","floor":2,"turns":4},{"damage":0,"enemies":"2 Louse","floor":8,"turns":2},{"damage":0,"enemies":"Red Slaver","floor":10,"turns":3},{"damage":8,"enemies":"Exordium Wildlife","floor":12,"turns":8},{"damage":25,"enemies":"Gremlin Nob","floor":14,"turns":5},{"damage":13,"enemies":"The Guardian","floor":16,"turns":10}],"seed_played":"594379318790810205","potions_obtained":[{"floor":2,"key":"PowerPotion"},{"floor":8,"key":"FearPotion"}],"is_trial":false,"path_per_floor":["M","M","T","$","?","?","?","M","T","M","R","M","R","E","R","B"],"character_chosen":"IRONCLAD","items_purchased":["Shrug It Off","Feel No Pain"],"campfire_rested":0,"item_purchase_floors":[4,4],"current_hp_per_floor":[50,42,42,42,42,35,35,41,41,47,47,45,45,26,26,13],"gold":197,"neow_bonus":"THREE_RARE_CARDS","is_prod":false,"is_daily":false,"chose_seed":false,"campfire_upgraded":3,"win_rate":0,"timestamp":1542327486,"path_taken":["M","M","?","$","?","?","?","M","T","M","R","?","R","E","R","BOSS"],"build_version":"2018-11-08","purchased_purges":0,"victory":false,"max_hp_per_floor":[75,75,75,75,75,75,75,75,75,75,75,75,75,75,75,75],"card_choices":[{"not_picked":["Brutality","Double Tap"],"picked":"Barricade","floor":0},{"not_picked":["Pommel Strike","Twin Strike"],"picked":"Shrug It Off","floor":1},{"not_picked":["Sword Boomerang","Havoc","Clothesline"],"picked":"SKIP","floor":2},{"not_picked":["Cleave","Clash","Wild Strike"],"picked":"SKIP","floor":8},{"not_picked":["Cleave","Warcry"],"picked":"Shrug It Off","floor":10},{"not_picked":["Cleave","Bludgeon"],"picked":"True Grit","floor":12},{"not_picked":["Heavy Blade","Sword Boomerang","Dropkick"],"picked":"SKIP","floor":14}],"player_experience":664837,"relics_obtained":[{"floor":3,"key":"Red Skull"},{"floor":9,"key":"Blue Candle"},{"floor":14,"key":"Smiling Mask"}],"event_choices":[{"damage_healed":0,"gold_gain":0,"player_choice":"Ignored","damage_taken":0,"max_hp_gain":0,"max_hp_loss":0,"event_name":"Liars Game","floor":5,"gold_loss":0},{"cards_removed":["Strike_R"],"damage_healed":0,"gold_gain":0,"player_choice":"Card Removal","damage_taken":7,"max_hp_gain":0,"max_hp_loss":0,"event_name":"Golden Wing","floor":6,"gold_loss":0},{"damage_healed":0,"gold_gain":0,"cards_transformed":["Strike_R"],"player_choice":"Transformed","damage_taken":0,"max_hp_gain":0,"max_hp_loss":0,"event_name":"Transmorgrifier","floor":7,"gold_loss":0,"cards_obtained":["Infernal Blade"]}],"is_beta":false,"boss_relics":[],"items_purged_floors":[],"is_endless":false,"potions_floor_spawned":[2,8,10],"killed_by":"The Guardian","ascension_level":17}