{"gold_per_floor":[114,189,203,223,28,28,61,61,61,61,94,94,19,34,34,106,106,124,124,74,91,8,8,18,0,0,12,32,51,51,51,51,51],"floor_reached":33,"playtime":1008,"items_purged":["Strike_R"],"score":459,"play_id":"f134ca6b-8708-4584-ae87-32fb6abb4a01","local_time":"20181017212908","is_ascension_mode":true,"campfire_choices":[{"data":"True Grit","floor":6,"key":"SMITH"},{"floor":8,"key":"REST"},{"data":"Cleave","floor":10,"key":"SMITH"},{"data":"Carnage","floor":15,"key":"SMITH"},{"data":"Metallicize","floor":23,"key":"SMITH"},{"floor":30,"key":"REST"},{"floor":32,"key":"REST"}],"neow_cost":"","seed_source_timestamp":638607204640492,"circlet_count":0,"master_deck":["Strike_R","Strike_R","Strike_R","Defend_R","Defend_R","Defend_R","Defend_R","Bash","AscendersBane","Reckless Charge","Shrug It Off","True Grit+1","Inflame","Cleave+1","Juggernaut","Carnage+1","Immolate","Battle Trance","Metallicize+1","Disarm","Flame Barrier","Disarm","Headbutt"],"relics":["Burning Blood","Pocketwatch","Gremlin Horn","Dodecahedron","Sozu","NlothsMask"],"potions_floor_usage":[7,16],"damage_taken":[{"damage":9,"enemies":"2 Louse","floor":1,"turns":4},{"damage":9,"enemies":"Jaw Worm","floor":3,"turns":4},{"damage":5,"enemies":"Small Slimes","floor":4,"turns":4},{"damage":28,"enemies":"Lagavulin","floor":7,"turns":7},{"damage":16,"enemies":"3 Sentries","floor":11,"turns":5},{"damage":3,"enemies":"Blue Slaver","floor":14,"turns":4},{"damage":46,"enemies":"Hexaghost","floor":16,"turns":9},{"damage":5,"enemies":"3 Byrds","floor":18,"turns":4},{"damage":11,"enemies":"Shell Parasite","floor":21,"turns":4},{"damage":26,"enemies":"Chosen and Byrds","floor":24,"turns":6},{"damage":3,"enemies":"Sentry and Sphere","floor":27,"turns":4},{"damage":10,"enemies":"Snake Plant","floor":28,"turns":5},{"damage":22,"enemies":"Centurion and Healer","floor":29,"turns":5},{"damage":63,"enemies":"Collector","floor":33,"turns":6}],"seed_played":"-4476386764490699759","potions_obtained":[{"floor":4,"key":"FearPotion"},{"floor":7,"key":"GamblersBrew"},{"floor":14,"key":"FairyPotion"}],"is_trial":false,"path_per_floor":["M","?","M","M","$","R","E","R","T","R","E","?","?","M","R","B",null,"M","?","?","M","$","R","M","?","T","M","M","M","R","$","R"],"character_chosen":"IRONCLAD","items_purchased":["True Grit","Inflame","Disarm"],"campfire_rested":3,"item_purchase_floors":[5,5,22],"current_hp_per_floor":[65,54,51,52,52,52,30,52,52,52,42,42,42,45,45,13,60,61,61,61,56,56,56,36,36,36,39,35,19,41,41,63,0],"gold":51,"neow_bonus":"","is_prod":false,"is_daily":false,"chose_seed":false,"campfire_upgraded":4,"win_rate":0,"timestamp":1539804548,"path_taken":["M","?","M","M","$","R","E","R","T","R","E","?","?","M","R","BOSS","M","?","?","M","$","R","M","?","T","M","M","M","R","$","R","BOSS"],"build_version":"2018-10-11","purchased_purges":1,"victory":false,"max_hp_per_floor":[75,75,75,75,75,75,75,75,75,75,75,75,75,75,75,75,75,75,75,75,75,75,75,75,75,75,75,75,75,75,75,75,75],"card_choices":[{"not_picked":["Sword Boomerang","Hemokinesis"],"picked":"Reckless Charge","floor":1},{"not_picked":["Sword Boomerang","Havoc","Heavy Blade"],"picked":"SKIP","floor":3},{"not_picked":["Heavy Blade","Sword Boomerang"],"picked":"Shrug It Off","floor":4},{"not_picked":["Bloodletting","Pommel Strike"],"picked":"Cleave","floor":7},{"not_picked":["Burning Pact","Infernal Blade"],"picked":"Juggernaut","floor":11},{"not_picked":["Iron Wave","Twin Strike"],"picked":"Carnage","floor":14},{"not_picked":["Fiend Fire","Berserk"],"picked":"Immolate","floor":16},{"not_picked":["Warcry","Thunderclap"],"picked":"Battle Trance","floor":18},{"not_picked":["Sword Boomerang","Body Slam+1"],"picked":"Metallicize","floor":21},{"not_picked":["Perfected Strike","Shockwave"],"picked":"Flame Barrier","floor":24},{"not_picked":["Perfected Strike+1","Pommel Strike"],"picked":"Disarm","floor":27},{"not_picked":["Perfected Strike+1","True Grit"],"picked":"Headbutt","floor":28},{"not_picked":["Rupture","Brutality","Reckless Charge"],"picked":"SKIP","floor":29}],"player_experience":531761,"relics_obtained":[{"floor":7,"key":"Pocketwatch"},{"floor":9,"key":"Gremlin Horn"},{"floor":11,"key":"Dodecahedron"}],"event_choices":[{"event_name":"World of Goop","player_choice":"Gather Gold","floor":2,"damage_taken":0},{"event_name":"Scrap Ooze","player_choice":"unsuccessful","floor":12,"damage_taken":0},{"event_name":"The Cleric","player_choice":"Card Removal","floor":13,"damage_taken":0},{"event_name":"FaceTrader","player_choice":"Trade","floor":19,"damage_taken":0},{"event_name":"The Joust","player_choice":"Bet on Murderer","floor":20,"damage_taken":0},{"event_name":"Masked Bandits","player_choice":"Paid Fearfully","floor":25,"damage_taken":0}],"is_beta":false,"boss_relics":[{"not_picked":["Runic Dome","Snecko Eye"],"picked":"Sozu"}],"items_purged_floors":[5],"is_endless":false,"potions_floor_spawned":[4,7,14,29],"killed_by":"Collector","ascension_level":16}