{"gold_per_floor":[113,113,113,123,143,143,175,187,187,187,207,207,226,252,252,352,352,365,378,378,394,494,494,526,541,541,267,282,282],"floor_reached":29,"playtime":1245,"items_purged":["Strike_B"],"score":347,"play_id":"4e782675-cab4-4d5e-b2c1-a11386f0100b","local_time":"20180917170916","is_ascension_mode":true,"campfire_choices":[{"data":"Dualcast","floor":6,"key":"SMITH"},{"data":"Reinforced Body","floor":10,"key":"SMITH"},{"data":"Zap","floor":12,"key":"SMITH"},{"floor":15,"key":"REST"},{"floor":23,"key":"REST"}],"neow_cost":"NONE","seed_source_timestamp":176216027539385,"circlet_count":0,"master_deck":["Strike_B","Defend_B","Defend_B","Defend_B+1","Defend_B","Zap+1","Dualcast+1","Tempest+1","Reinforced Body+1","Biased Cognition","Thunder Strike","Beam Cell+1","Leap"],"relics":["Nuclear Battery","War Paint","Bronze Scales","Singing Bowl","Busted Crown","Turnip","Bottled Lightning","Calipers","Question Card","Chemical X"],"potions_floor_usage":[7,7,11,16,21,22,24,29],"damage_taken":[{"damage":10,"enemies":"2 Louse","floor":1,"turns":4},{"damage":0,"enemies":"Cultist","floor":4,"turns":2},{"damage":0,"enemies":"Small Slimes","floor":5,"turns":2},{"damage":5,"enemies":"Lagavulin","floor":7,"turns":6},{"damage":4,"enemies":"3 Louse","floor":8,"turns":2},{"damage":9,"enemies":"2 Fungi Beasts","floor":11,"turns":3},{"damage":0,"enemies":"Lots of Slimes","floor":13,"turns":3},{"damage":20,"enemies":"3 Sentries","floor":14,"turns":5},{"damage":7,"enemies":"The Guardian","floor":16,"turns":7},{"damage":6,"enemies":"3 Byrds","floor":18,"turns":1},{"damage":0,"enemies":"Chosen","floor":19,"turns":3},{"damage":12,"enemies":"Snake Plant","floor":21,"turns":3},{"damage":3,"enemies":"Colosseum Slavers","floor":22,"turns":3},{"damage":24,"enemies":"Colosseum Nobs","floor":22,"turns":5},{"damage":49,"enemies":"Slavers","floor":24,"turns":6},{"damage":0,"enemies":"Snecko","floor":25,"turns":2},{"damage":0,"enemies":"Cultist and Chosen","floor":28,"turns":3},{"damage":10,"enemies":"Snake Plant","floor":29,"turns":1}],"seed_played":"3780598015158832022","potions_obtained":[{"floor":1,"key":"PowerPotion"},{"floor":5,"key":"Swift Potion"},{"floor":8,"key":"SteroidPotion"},{"floor":11,"key":"Weak Potion"},{"floor":14,"key":"Energy Potion"},{"floor":16,"key":"Ancient Potion"},{"floor":18,"key":"Dexterity Potion"},{"floor":21,"key":"FearPotion"},{"floor":25,"key":"Strength Potion"},{"floor":28,"key":"Energy Potion"}],"is_trial":false,"path_per_floor":["M","?","?","M","M","R","E","M","T","R","M","R","M","E","R","B",null,"M","M","?","M","?","R","E","M","T","$","M"],"character_chosen":"DEFECT","items_purchased":["Chemical X"],"campfire_rested":2,"item_purchase_floors":[27],"current_hp_per_floor":[58,58,58,58,58,58,53,49,49,49,40,40,40,20,42,37,67,63,63,63,53,26,50,3,5,5,5,7,0],"gold":282,"neow_bonus":"BOSS_RELIC","is_prod":false,"is_daily":false,"chose_seed":false,"campfire_upgraded":3,"win_rate":0,"timestamp":1537196956,"path_taken":["M","?","?","M","M","R","E","?","T","R","M","R","M","E","R","BOSS","M","M","?","?","?","R","E","M","T","$","M","M"],"build_version":"2018-09-06","purchased_purges":1,"victory":false,"max_hp_per_floor":[75,75,75,75,75,75,75,75,75,75,75,75,75,75,75,77,77,79,79,79,81,81,81,83,85,85,85,87,87],"card_choices":[{"not_picked":["Ball Lightning","Barrage"],"picked":"Tempest","floor":1},{"not_picked":["Barrage","Scrape"],"picked":"Reinforced Body","floor":4},{"not_picked":["Barrage","Consume","Coolheaded"],"picked":"SKIP","floor":5},{"not_picked":["Reinforced Body","Coolheaded"],"picked":"Biased Cognition","floor":7},{"not_picked":["Beam Cell","Cold Snap","Sweeping Beam"],"picked":"SKIP","floor":8},{"not_picked":["Reprogram","Stack","Turbo"],"picked":"SKIP","floor":11},{"not_picked":["Ball Lightning","Loop","Coolheaded"],"picked":"SKIP","floor":13},{"not_picked":["Loop","Hologram"],"picked":"Thunder Strike","floor":14},{"not_picked":["Creative AI","Amplify","All For One"],"picked":"Singing Bowl","floor":16},{"not_picked":["Hologram"],"picked":"Singing Bowl","floor":18},{"not_picked":[],"picked":"Beam Cell+1","floor":19},{"not_picked":["Beam Cell"],"picked":"Singing Bowl","floor":21},{"not_picked":[],"picked":"Leap","floor":22},{"not_picked":["Consume+1"],"picked":"Singing Bowl","floor":24},{"not_picked":["Stack"],"picked":"Singing Bowl","floor":25},{"not_picked":["Defragment+1","Fusion"],"picked":"Singing Bowl","floor":28}],"player_experience":423047,"relics_obtained":[{"floor":7,"key":"War Paint"},{"floor":9,"key":"Bronze Scales"},{"floor":14,"key":"Singing Bowl"},{"floor":22,"key":"Turnip"},{"floor":22,"key":"Bottled Lightning"},{"floor":24,"key":"Calipers"},{"floor":26,"key":"Question Card"}],"event_choices":[{"event_name":"Bonfire Elementals","player_choice":"BASIC","floor":2,"damage_taken":0},{"event_name":"Liars Game","player_choice":"disagreed","floor":3,"damage_taken":0},{"event_name":"Purifier","player_choice":"One Purge","floor":20,"damage_taken":0},{"event_name":"Colosseum","player_choice":"Fight","floor":22,"damage_taken":0},{"event_name":"Colosseum","player_choice":"Fought Nobs","floor":22,"damage_taken":0}],"is_beta":false,"boss_relics":[{"not_picked":["Lizard Tail","Eternal Feather"],"picked":"Busted Crown"}],"items_purged_floors":[27],"is_endless":false,"potions_floor_spawned":[1,5,8,11,14,16,18,21,25,28],"killed_by":"Snake Plant","ascension_level":7}