{"gold_per_floor":[20,20,20,35,35,63,83,83,83,83,99,99,125,151,151,254,254,273,41,54,54,153,179,179,179,204,204,218,218,218,23,23,124,124,134,34,47,61,0,0,11,11,11,25,25,25,125,135,135,135],"floor_reached":51,"playtime":5980,"items_purged":["Strike_G","Strike_G"],"score":621,"play_id":"39e50509-294b-45b2-9f84-f06a1cd49a62","local_time":"20181126201956","is_ascension_mode":false,"campfire_choices":[{"data":"Metamorphosis","floor":8,"key":"SMITH"},{"data":"Acrobatics","floor":10,"key":"SMITH"},{"data":"Neutralize","floor":12,"key":"SMITH"},{"data":"Noxious Fumes","floor":15,"key":"SMITH"},{"data":"A Thousand Cuts","floor":24,"key":"SMITH"},{"data":"Noxious Fumes","floor":27,"key":"SMITH"},{"data":"Crippling Poison","floor":29,"key":"SMITH"},{"floor":32,"key":"REST"},{"floor":40,"key":"REST"},{"data":"Footwork","floor":42,"key":"SMITH"},{"floor":45,"key":"REST"},{"floor":49,"key":"REST"}],"neow_cost":"NO_GOLD","seed_source_timestamp":347935976172539,"circlet_count":0,"master_deck":["Defend_G","Defend_G","Defend_G","Defend_G","Strike_G","Strike_G","Survivor","Neutralize+1","Metamorphosis+1","Quick Slash","Iron Wave+1","Blur","Acrobatics+1","Backflip","Noxious Fumes+1","Crippling Poison+1","A Thousand Cuts+1","Slice","Flash of Steel","Noxious Fumes+1","Setup+1","Footwork+1","Flechettes+1","Parasite","Dodge and Roll+1","Backflip+1","Leg Sweep","Backflip+1"],"relics":["Ring of the Serpent","Matryoshka","Ninja Scroll","Juzu Bracelet","Calipers","Odd Mushroom","PreservedInsect","Art of War","Dodecahedron","Bottled Tornado","Lantern","Medical Kit","Empty Cage","Red Mask","Tough Bandages","Dead Branch"],"potions_floor_usage":[11,14,18,23,33,50,50],"damage_taken":[{"damage":0,"enemies":"2 Louse","floor":1,"turns":2},{"damage":1,"enemies":"Cultist","floor":4,"turns":3},{"damage":27,"enemies":"Lagavulin","floor":6,"turns":6},{"damage":0,"enemies":"Small Slimes","floor":7,"turns":3},{"damage":1,"enemies":"Red Slaver","floor":11,"turns":4},{"damage":12,"enemies":"3 Sentries","floor":13,"turns":9},{"damage":6,"enemies":"The Mushroom Lair","floor":14,"turns":3},{"damage":5,"enemies":"Hexaghost","floor":16,"turns":10},{"damage":2,"enemies":"2 Thieves","floor":18,"turns":4},{"damage":6,"enemies":"Shell Parasite","floor":20,"turns":4},{"damage":2,"enemies":"Gremlin Leader","floor":23,"turns":5},{"damage":27,"enemies":"Snake Plant","floor":28,"turns":6},{"damage":28,"enemies":"Automaton","floor":33,"turns":8},{"damage":0,"enemies":"Orb Walker","floor":35,"turns":4},{"damage":17,"enemies":"3 Shapes","floor":37,"turns":3},{"damage":23,"enemies":"Sphere and 2 Shapes","floor":38,"turns":5},{"damage":7,"enemies":"Writhing Mass","floor":41,"turns":7},{"damage":26,"enemies":"Spire Growth","floor":44,"turns":4},{"damage":0,"enemies":"Mind Bloom Boss Battle","floor":47,"turns":4},{"damage":19,"enemies":"Jaw Worm Horde","floor":48,"turns":4},{"damage":52,"enemies":"Donu and Deca","floor":50,"turns":8}],"seed_played":"-6528804233185916763","potions_obtained":[{"floor":3,"key":"Energy Potion"},{"floor":3,"key":"Ancient Potion"},{"floor":3,"key":"Ancient Potion"},{"floor":4,"key":"Weak Potion"},{"floor":7,"key":"Energy Potion"},{"floor":13,"key":"Energy Potion"},{"floor":28,"key":"FearPotion"},{"floor":33,"key":"Regen Potion"},{"floor":35,"key":"GhostInAJar"},{"floor":44,"key":"LiquidBronze"}],"is_trial":false,"path_per_floor":["M","?","?","M","?","E","M","R","T","R","M","R","E","?","R","B",null,"M","$","M","?","?","E","R","T","T","R","M","R","?","$","R","B",null,"M","$","M","M","?","R","M","R","T","M","R","?","?","M","R","B",null],"character_chosen":"THE_SILENT","items_purchased":["Flash of Steel","Noxious Fumes","Medical Kit"],"campfire_rested":4,"item_purchase_floors":[19,19,31],"current_hp_per_floor":[70,75,75,74,74,47,47,47,47,47,46,46,34,28,28,23,75,73,73,67,67,67,65,65,65,65,65,38,38,38,38,60,32,75,75,75,58,35,35,57,50,50,50,24,46,46,46,27,48,11],"gold":135,"neow_bonus":"RANDOM_COLORLESS_2","is_prod":false,"is_daily":false,"chose_seed":false,"campfire_upgraded":8,"win_rate":0,"timestamp":1543259996,"path_taken":["M","?","?","?","?","E","M","R","T","R","M","R","E","?","R","BOSS","M","$","M","?","?","E","R","?","T","R","M","R","?","$","R","BOSS","M","$","M","M","?","R","M","R","T","M","R","?","?","M","R","BOSS"],"build_version":"2018-11-15","purchased_purges":2,"victory":true,"max_hp_per_floor":[70,75,75,75,75,75,75,75,75,75,75,75,75,75,75,75,75,75,75,75,75,75,75,75,75,75,75,75,75,75,75,75,75,75,75,75,75,75,75,75,75,75,75,75,75,71,71,71,71,71],"card_choices":[{"not_picked":["Eviscerate","Concentrate"],"picked":"Quick Slash","floor":1},{"not_picked":["Setup","Flechettes","Tactician"],"picked":"SKIP","floor":4},{"not_picked":["Bane","Accuracy"],"picked":"Blur","floor":6},{"not_picked":["Cloak And Dagger","Caltrops"],"picked":"Acrobatics","floor":7},{"not_picked":["Caltrops","PiercingWail"],"picked":"Backflip","floor":11},{"not_picked":["Poisoned Stab","Blade Dance"],"picked":"Noxious Fumes","floor":13},{"not_picked":["Dagger Throw","Dagger Spray"],"picked":"Crippling Poison","floor":14},{"not_picked":["Envenom","Bullet Time"],"picked":"A Thousand Cuts","floor":16},{"not_picked":["Bane","Catalyst"],"picked":"Slice","floor":18},{"not_picked":["Outmaneuver","Tactician","Dash"],"picked":"SKIP","floor":20},{"not_picked":["Deflect","Backstab"],"picked":"Setup+1","floor":23},{"not_picked":["Dagger Spray","Bullet Time","Blade Dance"],"picked":"SKIP","floor":28},{"not_picked":["Sucker Punch+1","Flying Knee+1"],"picked":"Footwork","floor":35},{"not_picked":["Outmaneuver+1","Cloak And Dagger","Flying Knee+1"],"picked":"SKIP","floor":37},{"not_picked":["PiercingWail","Slice+1"],"picked":"Flechettes+1","floor":38},{"not_picked":["Infinite Blades","Tactician"],"picked":"Dodge and Roll+1","floor":41},{"not_picked":["Endless Agony+1","Bane"],"picked":"Backflip+1","floor":44},{"not_picked":["Dagger Spray","Backflip+1"],"picked":"Leg Sweep","floor":47},{"not_picked":["Riddle With Holes+1","Flying Knee"],"picked":"Backflip+1","floor":48}],"player_experience":675403,"relics_obtained":[{"floor":6,"key":"Matryoshka"},{"floor":9,"key":"Ninja Scroll"},{"floor":9,"key":"Juzu Bracelet"},{"floor":13,"key":"Calipers"},{"floor":14,"key":"Odd Mushroom"},{"floor":23,"key":"Art of War"},{"floor":25,"key":"Dodecahedron"},{"floor":25,"key":"Bottled Tornado"},{"floor":26,"key":"Lantern"},{"floor":43,"key":"Tough Bandages"},{"floor":47,"key":"Dead Branch"}],"event_choices":[{"damage_healed":0,"gold_gain":0,"player_choice":"Donut","damage_taken":0,"max_hp_gain":5,"max_hp_loss":0,"event_name":"Big Fish","floor":2,"gold_loss":0},{"damage_healed":0,"gold_gain":0,"player_choice":"Got Potions","damage_taken":0,"max_hp_gain":0,"max_hp_loss":0,"event_name":"Lab","floor":3,"gold_loss":0},{"cards_removed":["Panacea"],"damage_healed":0,"gold_gain":0,"player_choice":"Took Card","damage_taken":0,"max_hp_gain":0,"max_hp_loss":0,"event_name":"NoteForYourself","floor":5,"gold_loss":0,"cards_obtained":["Iron Wave"]},{"damage_healed":0,"gold_gain":0,"player_choice":"Fought Mushrooms","damage_taken":0,"max_hp_gain":0,"max_hp_loss":0,"event_name":"Mushrooms","floor":14,"gold_loss":0},{"damage_healed":0,"gold_gain":0,"player_choice":"Opened","damage_taken":0,"relics_obtained":["PreservedInsect"],"max_hp_gain":0,"max_hp_loss":0,"event_name":"The Mausoleum","floor":21,"gold_loss":0},{"damage_healed":0,"gold_gain":99,"player_choice":"Stole From Cult","damage_taken":0,"max_hp_gain":0,"max_hp_loss":0,"event_name":"Nest","floor":22,"gold_loss":0},{"damage_healed":0,"gold_gain":0,"player_choice":"Upgraded","damage_taken":0,"max_hp_gain":0,"max_hp_loss":0,"event_name":"Upgrade Shrine","floor":30,"gold_loss":0,"cards_upgraded":["Iron Wave"]},{"damage_healed":0,"gold_gain":0,"player_choice":"Paid","damage_taken":0,"relics_obtained":["Red Mask"],"max_hp_gain":0,"max_hp_loss":0,"event_name":"Tomb of Lord Red Mask","floor":39,"gold_loss":61},{"damage_healed":0,"gold_gain":0,"player_choice":"Max HP","damage_taken":0,"max_hp_gain":0,"max_hp_loss":4,"event_name":"Winding Halls","floor":46,"gold_loss":0},{"damage_healed":0,"gold_gain":0,"player_choice":"Fight","damage_taken":0,"max_hp_gain":0,"max_hp_loss":0,"event_name":"MindBloom","floor":47,"gold_loss":0}],"is_beta":false,"boss_relics":[{"not_picked":["HoveringKite","Cursed Key"],"picked":"Ring of the Serpent"},{"not_picked":["Eternal Feather","Coffee Dripper"],"picked":"Empty Cage"}],"items_purged_floors":[19,36],"is_endless":false,"potions_floor_spawned":[4,7,13,28,33,35,44,47],"ascension_level":0}