{"gold_per_floor":[11,27,40,60,60,60,104,135,135,135,210,241,241,261,261,389,452,470,33,33,57,75,411,411,476,476,489,513,513,513,513,513,513],"floor_reached":33,"playtime":3386,"items_purged":[],"score":468,"play_id":"5c102370-9e5e-444b-964c-72dca6424c00","local_time":"20181016212708","is_ascension_mode":true,"campfire_choices":[{"data":"Body Slam","floor":6,"key":"SMITH"},{"data":"Shrug It Off","floor":10,"key":"SMITH"},{"floor":13,"key":"REST"},{"data":"True Grit","floor":15,"key":"SMITH"},{"data":"Seeing Red","floor":24,"key":"SMITH"},{"data":"Armaments","floor":29,"key":"SMITH"},{"data":"Barricade","floor":32,"key":"SMITH"}],"neow_cost":"NO_GOLD","seed_source_timestamp":13282704177543,"circlet_count":0,"master_deck":["Strike_R","Strike_R","Strike_R","Strike_R","Strike_R","Defend_R","Defend_R","Defend_R","Defend_R","Bash","AscendersBane","Shrug It Off+1","Body Slam+1","Uppercut","Clash+1","Inflame","Disarm","Fiend Fire","True Grit+1","Barricade+1","Intimidate","Seeing Red+1","Purity","Ghostly Armor","Power Through","Wild Strike+1","Shockwave+1","Armaments+1","Feel No Pain","Ghostly","Ghostly","Ghostly","Ghostly","Ghostly"],"relics":["Burning Blood","Thread and Needle","Golden Idol","Calipers","Odd Mushroom","Pantograph","Paper Frog","Tiny House","Ice Cream","Du-Vu Doll","Old Coin","Tiny Chest","Bottled Lightning"],"potions_floor_usage":[7,7,12,17,23,23,25,33,33],"damage_taken":[{"damage":0,"enemies":"2 Louse","floor":1,"turns":4},{"damage":1,"enemies":"Cultist","floor":2,"turns":4},{"damage":0,"enemies":"Small Slimes","floor":3,"turns":5},{"damage":3,"enemies":"2 Fungi Beasts","floor":4,"turns":5},{"damage":4,"enemies":"Gremlin Nob","floor":7,"turns":4},{"damage":28,"enemies":"The Mushroom Lair","floor":8,"turns":5},{"damage":14,"enemies":"3 Sentries","floor":12,"turns":8},{"damage":2,"enemies":"Looter","floor":14,"turns":3},{"damage":3,"enemies":"The Guardian","floor":16,"turns":11},{"damage":4,"enemies":"Chosen","floor":18,"turns":9},{"damage":6,"enemies":"Shell Parasite","floor":21,"turns":10},{"damage":9,"enemies":"Shelled Parasite and Fungi","floor":22,"turns":8},{"damage":20,"enemies":"Book of Stabbing","floor":23,"turns":6},{"damage":47,"enemies":"Slavers","floor":25,"turns":11},{"damage":17,"enemies":"Centurion and Healer","floor":27,"turns":8},{"damage":0,"enemies":"Cultist and Chosen","floor":28,"turns":8},{"damage":8,"enemies":"Colosseum Slavers","floor":30,"turns":4},{"damage":59,"enemies":"Automaton","floor":33,"turns":12}],"seed_played":"4753982254839088255","potions_obtained":[{"floor":1,"key":"Energy Potion"},{"floor":2,"key":"Block Potion"},{"floor":8,"key":"Block Potion"},{"floor":16,"key":"Poison Potion"},{"floor":17,"key":"Fruit Juice"},{"floor":18,"key":"LiquidBronze"},{"floor":23,"key":"Regen Potion"},{"floor":27,"key":"FearPotion"},{"floor":28,"key":"Energy Potion"}],"is_trial":false,"path_per_floor":["M","M","M","M","?","R","E","?","T","R","?","E","R","M","R","B",null,"M","$","?","M","M","E","R","E","T","M","M","R","?","?","R"],"character_chosen":"IRONCLAD","items_purchased":["Ice Cream","Purity","Ghostly Armor"],"campfire_rested":1,"item_purchase_floors":[19,19,19],"current_hp_per_floor":[78,80,80,80,60,60,62,40,40,40,29,21,45,49,49,77,89,90,90,90,90,87,73,73,47,47,36,42,42,40,40,40,0],"gold":513,"neow_bonus":"ONE_RARE_RELIC","is_prod":false,"is_daily":false,"chose_seed":false,"campfire_upgraded":6,"win_rate":0,"timestamp":1539750428,"path_taken":["M","M","M","M","?","R","E","?","T","R","?","E","R","M","R","BOSS","M","$","?","M","M","E","R","E","T","M","M","R","?","?","R","BOSS"],"build_version":"2018-10-11","purchased_purges":0,"victory":false,"max_hp_per_floor":[80,80,80,80,80,80,80,80,80,80,80,80,80,80,80,80,90,90,90,90,90,90,90,90,90,90,90,90,90,90,45,45,45],"card_choices":[{"not_picked":["Power Through","Twin Strike"],"picked":"Shrug It Off","floor":1},{"not_picked":["Shockwave","Warcry"],"picked":"Body Slam","floor":2},{"not_picked":["Iron Wave","Shrug It Off"],"picked":"Uppercut","floor":3},{"not_picked":["Warcry","Heavy Blade"],"picked":"Clash","floor":4},{"not_picked":["Havoc","Hemokinesis"],"picked":"Inflame","floor":7},{"not_picked":["Clash","Clothesline"],"picked":"Disarm","floor":8},{"not_picked":["Iron Wave","Anger"],"picked":"Fiend Fire","floor":12},{"not_picked":["Shockwave","Bloodletting"],"picked":"True Grit","floor":14},{"not_picked":["Berserk","Dark Embrace"],"picked":"Barricade","floor":16},{"not_picked":["Warcry","True Grit"],"picked":"Intimidate","floor":17},{"not_picked":["Pummel+1","Anger"],"picked":"Seeing Red","floor":18},{"not_picked":["Hemokinesis","Havoc"],"picked":"Power Through","floor":21},{"not_picked":["Body Slam","True Grit+1"],"picked":"Wild Strike+1","floor":22},{"not_picked":["Armaments","Reaper"],"picked":"Shockwave+1","floor":23},{"not_picked":["Corruption","Sever Soul","Disarm"],"picked":"SKIP","floor":25},{"not_picked":["Headbutt","Cleave"],"picked":"Armaments","floor":27},{"not_picked":["Sentinel","Twin Strike"],"picked":"Feel No Pain","floor":28}],"player_experience":336096,"relics_obtained":[{"floor":7,"key":"Calipers"},{"floor":8,"key":"Odd Mushroom"},{"floor":9,"key":"Pantograph"},{"floor":12,"key":"Paper Frog"},{"floor":20,"key":"Du-Vu Doll"},{"floor":23,"key":"Old Coin"},{"floor":25,"key":"Tiny Chest"},{"floor":26,"key":"Bottled Lightning"}],"event_choices":[{"event_name":"Golden Idol","player_choice":"Take Damage","floor":5,"damage_taken":0},{"event_name":"Mushrooms","player_choice":"Fought Mushrooms","floor":8,"damage_taken":0},{"event_name":"World of Goop","player_choice":"Gather Gold","floor":11,"damage_taken":0},{"event_name":"Wheel of Change","player_choice":"Relic","floor":20,"damage_taken":0},{"event_name":"Colosseum","player_choice":"Fight","floor":30,"damage_taken":0},{"event_name":"Colosseum","player_choice":"Fled From Nobs","floor":30,"damage_taken":0},{"event_name":"Colosseum","player_choice":"Fled From Nobs","floor":30,"damage_taken":0},{"event_name":"Ghosts","player_choice":"Became a Ghost","floor":31,"damage_taken":0}],"is_beta":false,"boss_relics":[{"not_picked":["Calling Bell","Eternal Feather"],"picked":"Tiny House"}],"items_purged_floors":[],"is_endless":false,"potions_floor_spawned":[1,2,8,16,18,23,27,28],"killed_by":"Automaton","ascension_level":10}