{"gold_per_floor":[112,112,19,19,32,57,69,34,86,86,113,113,113,141,141,216,216,232,232,244,244,84,84,84,103,103,131,149,24,24,43,43,118,118,138,13,0,0,15,15,115,115,163,113,113,145,145,159,159,159],"floor_reached":50,"playtime":1833,"items_purged":["Strike_B","Defend_B","Defend_B","Defend_B"],"score":904,"play_id":"8a631e36-6985-4096-b2b4-c1c476018e64","local_time":"20181109123823","is_ascension_mode":true,"campfire_choices":[{"data":"Defragment","floor":10,"key":"SMITH"},{"data":"Dualcast","floor":13,"key":"SMITH"},{"data":"Machine Learning","floor":15,"key":"SMITH"},{"data":"Fission","floor":23,"key":"SMITH"},{"data":"Storm","floor":30,"key":"SMITH"},{"floor":32,"key":"REST"},{"floor":40,"key":"REST"},{"floor":42,"key":"REST"},{"data":"Zap","floor":45,"key":"PURGE"},{"data":"Sunder","floor":49,"key":"SMITH"}],"neow_cost":"TEN_PERCENT_HP_LOSS","seed_source_timestamp":426917218740741,"circlet_count":0,"master_deck":["AscendersBane","Dualcast+1","Cold Snap","Steam","Defragment+1","Beam Cell+1","Defragment+1","Conserve Battery","Machine Learning+1","Fission+1","Heatsinks","Meteor Strike","Seek","Self Repair","Capacitor","Hologram","Sunder+1","Storm+1","Compile Driver","Echo Form","Reinforced Body+1","Force Field+1","BootSequence+1","Storm+1"],"relics":["Cracked Core","Omamori","Oddly Smooth Stone","Bag of Marbles","Mummified Hand","Runic Dome","Prayer Wheel","Juzu Bracelet","Inserter","Red Mask","Peace Pipe","Smiling Mask","Frozen Egg 2"],"potions_floor_usage":[11,20,28,33,35,41,50,50],"damage_taken":[{"damage":2,"enemies":"Jaw Worm","floor":1,"turns":4},{"damage":0,"enemies":"Cultist","floor":5,"turns":2},{"damage":15,"enemies":"3 Sentries","floor":6,"turns":9},{"damage":1,"enemies":"2 Louse","floor":7,"turns":2},{"damage":5,"enemies":"Lagavulin","floor":11,"turns":7},{"damage":10,"enemies":"Gremlin Nob","floor":14,"turns":5},{"damage":12,"enemies":"Hexaghost","floor":16,"turns":8},{"damage":22,"enemies":"2 Thieves","floor":18,"turns":5},{"damage":0,"enemies":"Chosen","floor":20,"turns":3},{"damage":3,"enemies":"Centurion and Healer","floor":25,"turns":5},{"damage":11,"enemies":"Gremlin Leader","floor":27,"turns":5},{"damage":0,"enemies":"Snake Plant","floor":28,"turns":3},{"damage":0,"enemies":"Chosen and Byrds","floor":31,"turns":1},{"damage":33,"enemies":"Collector","floor":33,"turns":7},{"damage":39,"enemies":"3 Darklings","floor":35,"turns":3},{"damage":10,"enemies":"3 Shapes","floor":39,"turns":2},{"damage":0,"enemies":"Mind Bloom Boss Battle","floor":41,"turns":2},{"damage":19,"enemies":"Nemesis","floor":46,"turns":5},{"damage":0,"enemies":"Maw","floor":48,"turns":5},{"damage":63,"enemies":"Time Eater","floor":50,"turns":7}],"seed_played":"-3032266583902787823","potions_obtained":[{"floor":1,"key":"FearPotion"},{"floor":6,"key":"GamblersBrew"},{"floor":11,"key":"Energy Potion"},{"floor":18,"key":"Swift Potion"},{"floor":27,"key":"LiquidBronze"},{"floor":31,"key":"PowerPotion"},{"floor":33,"key":"PowerPotion"},{"floor":35,"key":"Regen Potion"},{"floor":39,"key":"FocusPotion"},{"floor":46,"key":"Dexterity Potion"}],"is_trial":false,"path_per_floor":["M","?","$","$","M","E","M","?","T","R","E","?","R","E","R","B",null,"M","?","M","?","$","R","$","M","T","E","M","$","R","M","R","B",null,"M","$","?","?","M","R","?","R","T","$","R","E","?","M","R","B"],"character_chosen":"DEFECT","items_purchased":["Defragment","Beam Cell","Capacitor","Compile Driver"],"campfire_rested":3,"item_purchase_floors":[3,3,22,29],"current_hp_per_floor":[62,62,62,62,62,47,46,62,62,62,57,38,38,28,28,16,52,30,30,30,30,30,30,30,34,34,30,37,37,37,37,56,30,56,24,24,24,24,14,32,44,61,61,61,61,49,49,56,56,0],"gold":159,"neow_bonus":"REMOVE_TWO","is_prod":false,"is_daily":false,"chose_seed":false,"campfire_upgraded":6,"win_rate":0,"timestamp":1541763503,"path_taken":["M","?","?","$","?","E","M","?","T","R","E","?","R","E","R","BOSS","M","?","M","?","$","R","$","M","T","E","M","?","R","M","R","BOSS","M","$","?","?","M","R","?","R","T","$","R","E","?","M","R","BOSS"],"build_version":"2018-11-08","purchased_purges":4,"victory":false,"max_hp_per_floor":[64,64,64,64,64,64,64,64,64,64,64,64,64,64,64,64,64,64,64,64,64,64,64,64,64,64,64,64,64,64,64,64,64,64,64,64,64,61,61,61,61,61,61,61,61,61,61,61,61,61],"card_choices":[{"not_picked":["Loop","Self Repair"],"picked":"Cold Snap","floor":1},{"not_picked":["Stack","Streamline","Sweeping Beam"],"picked":"SKIP","floor":5},{"not_picked":["Turbo","Leap"],"picked":"Defragment","floor":6},{"not_picked":["Streamline","Cold Snap","Turbo"],"picked":"SKIP","floor":7},{"not_picked":["Stack","Streamline"],"picked":"Conserve Battery","floor":11},{"not_picked":["Thunder Strike","Melter"],"picked":"Machine Learning","floor":14},{"not_picked":["Meteor Strike","Thunder Strike"],"picked":"Fission","floor":16},{"not_picked":["Barrage","Self Repair"],"picked":"Heatsinks","floor":18},{"not_picked":["Coolheaded+1","Steam"],"picked":"Self Repair","floor":20},{"not_picked":["Cold Snap","Redo"],"picked":"Hologram","floor":25},{"not_picked":["Redo","Glacier"],"picked":"Sunder","floor":27},{"not_picked":["Rip and Tear","Coolheaded"],"picked":"Storm","floor":28},{"not_picked":["Redo","Auto Shields","Stack"],"picked":"SKIP","floor":28},{"not_picked":["Loop+1","Turbo+1","BootSequence"],"picked":"SKIP","floor":31},{"not_picked":["Biased Cognition","Coolheaded","Go for the Eyes"],"picked":"SKIP","floor":31},{"not_picked":["Biased Cognition","Seek"],"picked":"Echo Form","floor":33},{"not_picked":["Go for the Eyes","Gash+1"],"picked":"Reinforced Body+1","floor":35},{"not_picked":["Coolheaded+1","Darkness","Redo"],"picked":"SKIP","floor":35},{"not_picked":["BootSequence","Sweeping Beam+1"],"picked":"Force Field+1","floor":39},{"not_picked":["Capacitor","Streamline","Beam Cell"],"picked":"SKIP","floor":39},{"not_picked":["Gash","Stack"],"picked":"BootSequence+1","floor":41},{"not_picked":["All For One","Steam","Coolheaded"],"picked":"SKIP","floor":46},{"not_picked":["Steam Power","Cold Snap"],"picked":"Storm+1","floor":48},{"not_picked":["Steam Power","Force Field","Streamline+1"],"picked":"SKIP","floor":48}],"player_experience":643418,"relics_obtained":[{"floor":6,"key":"Omamori"},{"floor":9,"key":"Oddly Smooth Stone"},{"floor":11,"key":"Bag of Marbles"},{"floor":14,"key":"Mummified Hand"},{"floor":26,"key":"Prayer Wheel"},{"floor":27,"key":"Juzu Bracelet"},{"floor":41,"key":"Peace Pipe"},{"floor":43,"key":"Smiling Mask"},{"floor":46,"key":"Frozen Egg 2"}],"event_choices":[{"damage_healed":0,"gold_gain":0,"player_choice":"1 cards matched","damage_taken":0,"max_hp_gain":0,"max_hp_loss":0,"event_name":"Match and Keep!","floor":2,"gold_loss":0,"cards_obtained":["Steam"]},{"damage_healed":16,"gold_gain":0,"player_choice":"Healed","damage_taken":0,"max_hp_gain":0,"max_hp_loss":0,"event_name":"The Cleric","floor":8,"gold_loss":35},{"damage_healed":0,"gold_gain":0,"player_choice":"Entered Light","damage_taken":19,"max_hp_gain":0,"max_hp_loss":0,"event_name":"Shining Light","floor":12,"gold_loss":0,"cards_upgraded":["Beam Cell","Defragment"]},{"damage_healed":0,"gold_gain":0,"cards_transformed":["Strike_B","Strike_B"],"player_choice":"Became Test Subject","damage_taken":0,"max_hp_gain":0,"max_hp_loss":0,"event_name":"Drug Dealer","floor":19,"gold_loss":0,"cards_obtained":["Meteor Strike","Seek"]},{"damage_healed":0,"gold_gain":0,"player_choice":"Ignored","damage_taken":0,"max_hp_gain":0,"max_hp_loss":0,"event_name":"Vampires","floor":21,"gold_loss":0},{"damage_healed":0,"gold_gain":0,"player_choice":"Paid","damage_taken":0,"relics_obtained":["Red Mask"],"max_hp_gain":0,"max_hp_loss":0,"event_name":"Tomb of Lord Red Mask","floor":37,"gold_loss":13},{"damage_healed":0,"gold_gain":0,"player_choice":"Max HP","damage_taken":0,"max_hp_gain":0,"max_hp_loss":3,"event_name":"Winding Halls","floor":38,"gold_loss":0},{"damage_healed":0,"gold_gain":0,"player_choice":"Fight","damage_taken":0,"max_hp_gain":0,"max_hp_loss":0,"event_name":"MindBloom","floor":41,"gold_loss":0},{"damage_healed":0,"gold_gain":0,"player_choice":"Ignored","damage_taken":0,"max_hp_gain":0,"max_hp_loss":0,"event_name":"Mysterious Sphere","floor":47,"gold_loss":0}],"is_beta":false,"boss_relics":[{"not_picked":["Black Star","Empty Cage"],"picked":"Runic Dome"},{"not_picked":["Fusion Hammer","Astrolabe"],"picked":"Inserter"}],"items_purged_floors":[22,29,36,44],"is_endless":false,"potions_floor_spawned":[1,6,11,18,27,31,33,35,39,46],"killed_by":"Time Eater","ascension_level":16}