{"gold_per_floor":[362,98,98,109,129,129,161,161,161,161,161,173,203,219,219,219],"floor_reached":16,"playtime":997,"items_purged":["Clumsy"],"score":193,"play_id":"7c2fa368-40f9-485a-b656-2ccaa19dea94","local_time":"20190131114007","is_ascension_mode":true,"campfire_choices":[{"data":"Flex","floor":6.0,"key":"SMITH"},{"floor":8.0,"key":"DIG"},{"floor":11.0,"key":"DIG"},{"floor":15.0,"key":"DIG"}],"neow_cost":"CURSE","seed_source_timestamp":77639626689148,"circlet_count":0,"master_deck":["AscendersBane","Strike_R","Strike_R","Strike_R","Defend_R","Defend_R","Defend_R","Defend_R","Bash","Cleave","Inflame","Combust","Flex+1","Pommel Strike","Intimidate","Thunderclap","Whirlwind"],"special_seed":0,"relics":["Burning Blood","Regal Pillow","Shovel","Question Card","Pear","Ancient Tea Set","Du-Vu Doll","Pen Nib"],"potions_floor_usage":[16,16],"damage_taken":[{"damage":4.0,"enemies":"Small Slimes","floor":1.0,"turns":3.0},{"damage":6.0,"enemies":"Cultist","floor":4.0,"turns":4.0},{"damage":14.0,"enemies":"Jaw Worm","floor":5.0,"turns":3.0},{"damage":32.0,"enemies":"Gremlin Nob","floor":7.0,"turns":4.0},{"damage":1.0,"enemies":"2 Fungi Beasts","floor":12.0,"turns":2.0},{"damage":14.0,"enemies":"Lagavulin","floor":13.0,"turns":5.0},{"damage":12.0,"enemies":"Blue Slaver","floor":14.0,"turns":4.0},{"damage":42,"enemies":"The Guardian","floor":16,"turns":8}],"seed_played":"6904252856811734839","potions_obtained":[{"floor":5.0,"key":"Fire Potion"},{"floor":7.0,"key":"PowerPotion"},{"floor":12.0,"key":"SkillPotion"},{"floor":14.0,"key":"Poison Potion"}],"is_trial":false,"path_per_floor":["?","?","M"],"character_chosen":"IRONCLAD","items_purchased":["Regal Pillow","Inflame"],"campfire_rested":0,"item_purchase_floors":[2,2],"current_hp_per_floor":[70,70,70,70,62,62,36,36,46,46,46,51,43,37,37,0],"gold":219,"neow_bonus":"TWO_FIFTY_GOLD","is_prod":false,"is_daily":false,"chose_seed":false,"campfire_upgraded":1,"win_rate":0,"timestamp":1548906007,"path_taken":["M","$","?","M","M","R","E","R","T","?","R","?","E","M","R","BOSS"],"build_version":"2019-01-23","purchased_purges":1,"victory":false,"max_hp_per_floor":[75,75,75,75,75,75,75,75,85,85,85,85,85,85,85,85],"card_choices":[{"not_picked":["Warcry","True Grit"],"picked":"Cleave","floor":1.0},{"not_picked":["Perfected Strike","Havoc"],"picked":"Combust","floor":4.0},{"not_picked":["Thunderclap","Reckless Charge"],"picked":"Flex","floor":5.0},{"not_picked":["Warcry","Perfected Strike"],"picked":"Pommel Strike","floor":7.0},{"not_picked":["Sever Soul","Sword Boomerang","Rampage"],"picked":"Intimidate","floor":12.0},{"not_picked":["Clothesline","Wild Strike","Warcry"],"picked":"Thunderclap","floor":13.0},{"not_picked":["Evolve","Anger","Double Tap"],"picked":"Whirlwind","floor":14.0}],"player_experience":174860,"relics_obtained":[{"floor":7.0,"key":"Shovel"},{"floor":8.0,"key":"Question Card"},{"floor":9.0,"key":"Pear"},{"floor":11.0,"key":"Ancient Tea Set"},{"floor":13.0,"key":"Du-Vu Doll"},{"floor":15.0,"key":"Pen Nib"}],"event_choices":[{"cards_removed":["Strike_R"],"damage_healed":0.0,"max_hp_gain":0.0,"max_hp_loss":0.0,"gold_gain":0.0,"event_name":"Living Wall","player_choice":"Forget","floor":3.0,"gold_loss":0.0,"damage_taken":0.0},{"cards_removed":["Strike_R"],"damage_healed":0.0,"max_hp_gain":0.0,"max_hp_loss":0.0,"gold_gain":0.0,"event_name":"Purifier","player_choice":"Purged","floor":10.0,"gold_loss":0.0,"damage_taken":0.0}],"is_beta":false,"boss_relics":[],"items_purged_floors":[2],"is_endless":false,"potions_floor_spawned":[5,7,12,14],"killed_by":"The Guardian","ascension_level":15}