{"gold_per_floor":[109,129,204,219,230,265,283,283],"floor_reached":8,"playtime":615,"items_purged":[],"score":69,"play_id":"6c0b9ef0-f6a3-4543-a1f1-dcdc52c69654","local_time":"20190127224240","is_ascension_mode":true,"campfire_choices":[],"neow_cost":"NONE","seed_source_timestamp":24376171119945,"circlet_count":0,"master_deck":["Strike_R","Strike_R","Strike_R","Strike_R","Strike_R","Defend_R","Defend_R","Defend_R","Defend_R","Bash","Offering","Combust","Sentinel","Clash","Infernal Blade","Double Tap"],"relics":["Burning Blood","Bag of Preparation"],"potions_floor_usage":[8],"damage_taken":[{"damage":5,"enemies":"Small Slimes","floor":1,"turns":4},{"damage":7,"enemies":"Cultist","floor":2,"turns":3},{"damage":10,"enemies":"Jaw Worm","floor":4,"turns":5},{"damage":13,"enemies":"2 Fungi Beasts","floor":5,"turns":3},{"damage":31,"enemies":"3 Sentries","floor":6,"turns":6},{"damage":16,"enemies":"3 Louse","floor":7,"turns":3},{"damage":34,"enemies":"Lagavulin","floor":8,"turns":3}],"seed_played":"-5299021612258228845","potions_obtained":[{"floor":1,"key":"SkillPotion"},{"floor":2,"key":"BloodPotion"},{"floor":6,"key":"EntropicBrew"}],"is_trial":false,"path_per_floor":["?","M"],"character_chosen":"IRONCLAD","items_purchased":[],"campfire_rested":0,"item_purchase_floors":[],"current_hp_per_floor":[80,79,71,67,60,35,25,0],"gold":283,"neow_bonus":"ONE_RANDOM_RARE_CARD","is_prod":false,"is_daily":false,"chose_seed":false,"campfire_upgraded":0,"win_rate":0,"timestamp":1548600160,"path_taken":["M","M","?","?","M","E","M","E"],"build_version":"2019-01-23","purchased_purges":0,"victory":false,"max_hp_per_floor":[80,80,80,80,80,80,80,80],"card_choices":[{"not_picked":["Havoc","Carnage"],"picked":"Combust","floor":1},{"not_picked":["Body Slam","Rage"],"picked":"Sentinel","floor":2},{"not_picked":["Body Slam","Rage","Heavy Blade"],"picked":"SKIP","floor":4},{"not_picked":["Clothesline","Thunderclap"],"picked":"Clash","floor":5},{"not_picked":["Combust","Heavy Blade"],"picked":"Infernal Blade","floor":6},{"not_picked":["Shrug It Off","Clash"],"picked":"Double Tap","floor":7}],"player_experience":64109,"relics_obtained":[{"floor":6,"key":"Bag of Preparation"}],"event_choices":[{"damage_healed":0,"gold_gain":75,"player_choice":"Touch","damage_taken":8,"max_hp_gain":0,"max_hp_loss":0,"event_name":"FaceTrader","floor":3,"gold_loss":0}],"is_beta":false,"boss_relics":[],"items_purged_floors":[],"is_endless":false,"potions_floor_spawned":[1,2,6],"killed_by":"Lagavulin","ascension_level":3}