{"gold_per_floor":[110,110,110,110,126,167,187,231,255,255,275,54,74,149,149,268,268,284,303,303,323,323,323,335,335],"floor_reached":25,"playtime":1212,"items_purged":[],"score":298,"play_id":"9ccfa503-9100-48cb-9f00-2b371c76778c","local_time":"20190128124524","is_ascension_mode":true,"campfire_choices":[{"data":"Pommel Strike","floor":10,"key":"SMITH"},{"data":"Flex","floor":15,"key":"SMITH"},{"floor":23,"key":"REST"}],"neow_cost":"NONE","seed_source_timestamp":5809645280932,"circlet_count":0,"master_deck":["Strike_R","Strike_R+1","Strike_R","Strike_R+1","Strike_R","Defend_R","Defend_R","Defend_R","Defend_R+1","Bash","Thunderclap+1","Decay","Carnage","Cleave","Pommel Strike+1","Metallicize","Flex+1","Double Tap","Dropkick+1","Offering"],"relics":["Burning Blood","NeowsBlessing","Bloody Idol","Ancient Tea Set","Blood Vial","Whetstone","Bronze Scales","Black Star"],"potions_floor_usage":[8,16,16,18,24,24,24],"damage_taken":[{"damage":0,"enemies":"2 Louse","floor":1,"turns":1},{"damage":0,"enemies":"Jaw Worm","floor":5,"turns":1},{"damage":0,"enemies":"3 Sentries","floor":6,"turns":1},{"damage":3,"enemies":"Cultist","floor":7,"turns":3},{"damage":16,"enemies":"Gremlin Nob","floor":8,"turns":4},{"damage":2,"enemies":"Gremlin Gang","floor":11,"turns":3},{"damage":8,"enemies":"3 Louse","floor":13,"turns":2},{"damage":38,"enemies":"Slime Boss","floor":16,"turns":6},{"damage":49,"enemies":"Shell Parasite","floor":18,"turns":7},{"damage":23,"enemies":"Spheric Guardian","floor":19,"turns":4},{"damage":7,"enemies":"Snecko","floor":21,"turns":3},{"damage":38,"enemies":"Snake Plant","floor":24,"turns":4},{"damage":27,"enemies":"Book of Stabbing","floor":25,"turns":1}],"seed_played":"-2673414664446620063","potions_obtained":[{"floor":1,"key":"GamblersBrew"},{"floor":6,"key":"Weak Potion"},{"floor":7,"key":"EssenceOfSteel"},{"floor":11,"key":"BloodPotion"},{"floor":20,"key":"Swift Potion"},{"floor":20,"key":"SneckoOil"},{"floor":20,"key":"Weak Potion"},{"floor":24,"key":"GamblersBrew"}],"is_trial":false,"path_per_floor":["?","?","?","M","M","?","M","?","M","?"],"character_chosen":"IRONCLAD","items_purchased":["Bronze Scales","Metallicize"],"campfire_rested":1,"item_purchase_floors":[12,12],"current_hp_per_floor":[80,64,64,64,70,74,74,64,64,64,70,70,70,63,63,33,64,30,15,15,16,16,38,13,0],"gold":335,"neow_bonus":"THREE_ENEMY_KILL","is_prod":false,"is_daily":false,"chose_seed":false,"campfire_upgraded":2,"win_rate":0,"timestamp":1548650724,"path_taken":["M","?","?","?","?","E","M","E","T","R","M","$","?","?","R","BOSS","M","?","?","?","?","R","M","E"],"build_version":"2019-01-23","purchased_purges":0,"victory":false,"max_hp_per_floor":[80,80,74,74,74,74,74,74,74,74,74,74,74,74,74,74,74,74,74,74,74,74,74,74,74],"card_choices":[{"not_picked":["Clash","Pommel Strike"],"picked":"Thunderclap","floor":1},{"not_picked":["Uppercut","Disarm"],"picked":"Carnage","floor":5},{"not_picked":["Clash","Perfected Strike"],"picked":"Cleave","floor":6},{"not_picked":["Sword Boomerang","Burning Pact","Armaments"],"picked":"SKIP","floor":7},{"not_picked":["Armaments","Seeing Red"],"picked":"Pommel Strike","floor":8},{"not_picked":["Rupture","Pommel Strike","Cleave"],"picked":"SKIP","floor":11},{"not_picked":["Dual Wield","Heavy Blade"],"picked":"Flex","floor":13},{"not_picked":["Berserk","Exhume"],"picked":"Double Tap","floor":16},{"not_picked":["Clash","Armaments"],"picked":"Dropkick+1","floor":18},{"not_picked":["Cleave","Rampage","Sever Soul"],"picked":"SKIP","floor":19},{"not_picked":["Carnage","Pummel"],"picked":"Offering","floor":21},{"not_picked":["Warcry+1","Thunderclap","Pummel+1"],"picked":"SKIP","floor":24}],"player_experience":76344,"relics_obtained":[{"floor":6,"key":"Ancient Tea Set"},{"floor":8,"key":"Blood Vial"},{"floor":9,"key":"Whetstone"}],"event_choices":[{"damage_healed":0,"gold_gain":0,"player_choice":"Entered Light","damage_taken":16,"max_hp_gain":0,"max_hp_loss":0,"event_name":"Shining Light","floor":2,"gold_loss":0,"cards_upgraded":["Strike_R","Defend_R"]},{"damage_healed":0,"gold_gain":0,"player_choice":"Lose Max HP","damage_taken":0,"relics_obtained":["Golden Idol"],"max_hp_gain":0,"max_hp_loss":6,"event_name":"Golden Idol","floor":3,"gold_loss":0},{"damage_healed":0,"gold_gain":0,"player_choice":"Cursed","damage_taken":0,"max_hp_gain":0,"max_hp_loss":0,"event_name":"Wheel of Change","floor":4,"gold_loss":0,"cards_obtained":["Decay"]},{"damage_healed":0,"gold_gain":75,"player_choice":"Touch","damage_taken":7,"max_hp_gain":0,"max_hp_loss":0,"event_name":"FaceTrader","floor":14,"gold_loss":0},{"damage_healed":0,"gold_gain":0,"player_choice":"Got Potions","damage_taken":0,"max_hp_gain":0,"max_hp_loss":0,"event_name":"Lab","floor":20,"gold_loss":0},{"damage_healed":0,"gold_gain":0,"player_choice":"Gave Idol","damage_taken":0,"relics_obtained":["Bloody Idol"],"max_hp_gain":0,"max_hp_loss":0,"event_name":"Forgotten Altar","floor":22,"relics_lost":["Golden Idol"],"gold_loss":0}],"is_beta":false,"boss_relics":[{"not_picked":["Fusion Hammer","Philosopher\u0027s Stone"],"picked":"Black Star"}],"items_purged_floors":[],"is_endless":false,"potions_floor_spawned":[1,6,7,11,24],"killed_by":"Book of Stabbing","ascension_level":5}