{"gold_per_floor":[111,126,139,149,166,166,179,189,214,214,247,139,155,55,55,55],"floor_reached":16,"playtime":1877,"items_purged":["Defend_R","Strike_R"],"score":131,"play_id":"de1ff5cb-a6c7-4aad-ab54-f5a360ed6484","local_time":"20190226232653","is_ascension_mode":false,"campfire_choices":[{"data":"Armaments","floor":6.0,"key":"SMITH"},{"data":"Double Tap","floor":10.0,"key":"SMITH"},{"data":"Dual Wield","floor":15.0,"key":"SMITH"}],"neow_cost":"NONE","seed_source_timestamp":890872340078573,"circlet_count":0,"master_deck":["Strike_R","Strike_R","Strike_R","Defend_R","Defend_R","Defend_R+1","Bash","Pummel","Headbutt","Shrug It Off","Double Tap+1","Armaments+1","Shrug It Off","Shrug It Off+1","Shrug It Off","Dual Wield+1","Impervious"],"special_seed":0,"relics":["Burning Blood","Bag of Preparation","War Paint"],"potions_floor_usage":[16,16],"damage_taken":[{"damage":1.0,"enemies":"Cultist","floor":1.0,"turns":3.0},{"damage":7.0,"enemies":"2 Louse","floor":2.0,"turns":3.0},{"damage":6.0,"enemies":"Jaw Worm","floor":3.0,"turns":2.0},{"damage":14.0,"enemies":"Large Slime","floor":4.0,"turns":7.0},{"damage":15.0,"enemies":"Exordium Thugs","floor":5.0,"turns":4.0},{"damage":3.0,"enemies":"2 Fungi Beasts","floor":7.0,"turns":4.0},{"damage":19.0,"enemies":"Large Slime","floor":8.0,"turns":8.0},{"damage":16.0,"enemies":"Gremlin Nob","floor":11.0,"turns":3.0},{"damage":7.0,"enemies":"Looter","floor":13.0,"turns":3.0},{"damage":46,"enemies":"Slime Boss","floor":16,"turns":9}],"seed_played":"-7619117579472825415","potions_obtained":[{"floor":1.0,"key":"Ancient Potion"},{"floor":2.0,"key":"Explosive Potion"},{"floor":4.0,"key":"SteroidPotion"},{"floor":11.0,"key":"Strength Potion"}],"is_trial":false,"path_per_floor":["M","M","M","M","M","R","M","M","T","R","E","$","M","$","R","B"],"character_chosen":"IRONCLAD","items_purchased":["Dual Wield"],"campfire_rested":0,"item_purchase_floors":[12],"current_hp_per_floor":[80,79,79,71,62,62,65,52,52,52,42,42,41,41,41,0],"gold":55,"neow_bonus":"REMOVE_CARD","is_prod":false,"is_daily":false,"chose_seed":false,"campfire_upgraded":3,"win_rate":0,"timestamp":1551191213,"path_taken":["M","M","M","M","M","R","M","M","T","R","E","$","M","$","R","BOSS"],"build_version":"2019-01-23","purchased_purges":2,"victory":false,"max_hp_per_floor":[80,80,80,80,80,80,80,80,80,80,80,80,80,80,80,80],"card_choices":[{"not_picked":["Shrug It Off","Clash"],"picked":"Pummel","floor":1.0},{"not_picked":["Rupture","Clash"],"picked":"Headbutt","floor":2.0},{"not_picked":["Clash","True Grit"],"picked":"Shrug It Off","floor":3.0},{"not_picked":["Havoc","Flex"],"picked":"Double Tap","floor":4.0},{"not_picked":["Havoc","Warcry"],"picked":"Armaments","floor":5.0},{"not_picked":["Havoc","Dual Wield"],"picked":"Shrug It Off","floor":7.0},{"not_picked":["Twin Strike","Pummel"],"picked":"Shrug It Off","floor":8.0},{"not_picked":["Power Through","Perfected Strike"],"picked":"Shrug It Off","floor":11.0},{"not_picked":["Pommel Strike","Ghostly Armor"],"picked":"Impervious","floor":13.0}],"player_experience":459385,"relics_obtained":[{"floor":9.0,"key":"Bag of Preparation"},{"floor":11.0,"key":"War Paint"}],"event_choices":[],"is_beta":false,"boss_relics":[],"items_purged_floors":[12,14],"is_endless":false,"potions_floor_spawned":[1,2,4,11],"killed_by":"Slime Boss","ascension_level":0}