{"gold_per_floor":[215,215,225,244,50,50,84,84,109,119,119,119,146,166,166,240,240,258,258,258,48,0,0],"floor_reached":23,"playtime":1278,"items_purged":["Strike_B","Decay"],"score":335,"play_id":"53d6418c-1028-4eb8-8e51-6a64a0089bad","local_time":"20190225140857","is_ascension_mode":true,"campfire_choices":[{"data":"Zap","floor":6,"key":"SMITH"},{"data":"Capacitor","floor":11,"key":"SMITH"},{"floor":15,"key":"REST"}],"neow_cost":"NONE","seed_source_timestamp":844083854778785,"circlet_count":0,"master_deck":["AscendersBane","Strike_B+1","Strike_B+1","Strike_B","Defend_B","Defend_B","Defend_B","Defend_B","Zap+1","Dualcast","Conserve Battery","Coolheaded+1","BootSequence","Capacitor+1","Rip and Tear","Machine Learning","Conserve Battery","Auto Shields","Steam","Echo Form","Injury","Parasite","Self Repair","Rainbow","Zap","Chill","Glacier","Coolheaded"],"relics":["Cracked Core","Whetstone","Art of War","Bag of Marbles","WingedGreaves","Calling Bell","DataDisk","Meat on the Bone","Pocketwatch"],"potions_floor_usage":[7,10,14,16],"damage_taken":[{"damage":1,"enemies":"Cultist","floor":1,"turns":4},{"damage":2,"enemies":"2 Louse","floor":3,"turns":2},{"damage":10,"enemies":"Small Slimes","floor":4,"turns":4},{"damage":2,"enemies":"Lagavulin","floor":7,"turns":9},{"damage":4,"enemies":"Exordium Thugs","floor":10,"turns":3},{"damage":33,"enemies":"Gremlin Nob","floor":13,"turns":4},{"damage":0,"enemies":"Looter","floor":14,"turns":3},{"damage":17,"enemies":"Hexaghost","floor":16,"turns":16},{"damage":16,"enemies":"Chosen","floor":18,"turns":8},{"damage":5,"enemies":"2 Thieves","floor":22,"turns":4},{"damage":49,"enemies":"Slavers","floor":23,"turns":6}],"seed_played":"8437504962427769418","potions_obtained":[{"floor":1,"key":"FearPotion"},{"floor":3,"key":"SkillPotion"},{"floor":13,"key":"Poison Potion"},{"floor":14,"key":"SkillPotion"}],"is_trial":false,"path_per_floor":["M","$","M","M","$","R","E","?","T","M","R","?","E","M","R","B",null,"M","?","?","$","M","E"],"character_chosen":"DEFECT","items_purchased":["Capacitor","Rip and Tear","Chill","Glacier"],"campfire_rested":1,"item_purchase_floors":[5,5,21,21],"current_hp_per_floor":[63,63,61,51,51,51,49,42,42,38,38,38,5,5,26,9,56,40,40,40,40,47,0],"gold":0,"neow_bonus":"HUNDRED_GOLD","is_prod":false,"is_daily":false,"chose_seed":false,"campfire_upgraded":2,"win_rate":0,"timestamp":1551082137,"path_taken":["M","$","?","M","$","R","E","?","T","M","R","?","E","M","R","BOSS","M","?","?","$","M","E"],"build_version":"2019-01-23","purchased_purges":2,"victory":false,"max_hp_per_floor":[71,71,71,71,71,71,71,71,71,71,71,71,71,71,71,71,71,71,71,71,71,71,71],"card_choices":[{"not_picked":["White Noise","Barrage"],"picked":"Conserve Battery","floor":1},{"not_picked":["Steam","Sweeping Beam"],"picked":"Coolheaded","floor":3},{"not_picked":["Barrage","Hologram"],"picked":"BootSequence","floor":4},{"not_picked":["BootSequence","Conserve Battery"],"picked":"Machine Learning","floor":7},{"not_picked":["Steam","Heatsinks"],"picked":"Conserve Battery","floor":10},{"not_picked":["Go for the Eyes","FTL"],"picked":"Auto Shields","floor":13},{"not_picked":["Go for the Eyes","Beam Cell"],"picked":"Steam","floor":14},{"not_picked":["All For One","Rainbow"],"picked":"Echo Form","floor":16},{"not_picked":["Reprogram","Scrape"],"picked":"Self Repair","floor":18},{"not_picked":["Ball Lightning","Gash+1"],"picked":"Coolheaded","floor":22}],"player_experience":880952,"relics_obtained":[{"floor":7,"key":"Whetstone"},{"floor":9,"key":"Bag of Marbles"},{"floor":13,"key":"WingedGreaves"},{"floor":17,"key":"DataDisk"},{"floor":17,"key":"Meat on the Bone"},{"floor":17,"key":"Pocketwatch"}],"event_choices":[{"damage_healed":0,"gold_gain":0,"player_choice":"Success","damage_taken":7,"relics_obtained":["Art of War"],"max_hp_gain":0,"max_hp_loss":0,"event_name":"Scrap Ooze","floor":8,"gold_loss":0},{"damage_healed":0,"gold_gain":0,"player_choice":"Upgraded","damage_taken":0,"max_hp_gain":0,"max_hp_loss":0,"event_name":"Upgrade Shrine","floor":12,"gold_loss":0,"cards_upgraded":["Coolheaded"]},{"damage_healed":0,"gold_gain":0,"player_choice":"Ignored","damage_taken":0,"max_hp_gain":0,"max_hp_loss":0,"event_name":"Ghosts","floor":19,"gold_loss":0},{"damage_healed":0,"gold_gain":0,"player_choice":"2 cards matched","damage_taken":0,"max_hp_gain":0,"max_hp_loss":0,"event_name":"Match and Keep!","floor":20,"gold_loss":0,"cards_obtained":["Rainbow","Zap"]}],"is_beta":false,"boss_relics":[{"not_picked":["Sozu","Eternal Feather"],"picked":"Calling Bell"}],"items_purged_floors":[5,21],"is_endless":false,"potions_floor_spawned":[1,3,13,14],"killed_by":"Slavers","ascension_level":14}