{"gold_per_floor":[115,115,127,127,142,92,125,42,42,8,28,44,44,44,44,116,116,130,55,75,94,94,119,34,66,135,135,150,103,103,103,103,103],"floor_reached":33,"playtime":2217,"items_purged":[],"score":506,"play_id":"af8ebb7b-b744-4657-916f-bde0e414030a","local_time":"20190227144655","is_ascension_mode":true,"campfire_choices":[{"data":"Redo","floor":13,"key":"SMITH"},{"floor":15,"key":"REST"},{"floor":27,"key":"REST"},{"data":"Redo","floor":30,"key":"SMITH"},{"data":"Go for the Eyes","floor":32,"key":"SMITH"}],"neow_cost":"CURSE","seed_source_timestamp":1018226934793429,"circlet_count":0,"master_deck":["AscendersBane","Defend_B+1","Defend_B+1","Defend_B+1","Defend_B+1","Zap+1","Dualcast","Go for the Eyes+1","BootSequence+1","Cold Snap","Beam Cell","Flash of Steel","Melter","Redo+1","Buffer","Chill","Hologram","Buffer","Bite","Bite","Bite","Bite","Bite","Ball Lightning","Coolheaded","Rebound+1","Redo+1"],"relics":["Cracked Core","Shuriken","Symbiotic Virus","White Beast Statue","Omamori","Happy Flower","Frozen Egg 2","Pear"],"potions_floor_usage":[7,7,16,21,21,23,25,28],"damage_taken":[{"damage":0,"enemies":"Small Slimes","floor":1,"turns":3},{"damage":6,"enemies":"Cultist","floor":3,"turns":3},{"damage":0,"enemies":"Jaw Worm","floor":5,"turns":3},{"damage":13,"enemies":"Gremlin Nob","floor":7,"turns":4},{"damage":0,"enemies":"Large Slime","floor":11,"turns":4},{"damage":0,"enemies":"Exordium Wildlife","floor":12,"turns":3},{"damage":26,"enemies":"The Guardian","floor":16,"turns":9},{"damage":19,"enemies":"Shell Parasite","floor":18,"turns":4},{"damage":0,"enemies":"Spheric Guardian","floor":20,"turns":3},{"damage":5,"enemies":"Centurion and Healer","floor":21,"turns":7},{"damage":40,"enemies":"Book of Stabbing","floor":23,"turns":7},{"damage":28,"enemies":"Gremlin Leader","floor":25,"turns":9},{"damage":4,"enemies":"Chosen and Byrds","floor":28,"turns":6},{"damage":127,"enemies":"Automaton","floor":33,"turns":12}],"seed_played":"-1361976448864134218","potions_obtained":[{"floor":1,"key":"LiquidBronze"},{"floor":5,"key":"Poison Potion"},{"floor":11,"key":"PowerPotion"},{"floor":16,"key":"Regen Potion"},{"floor":18,"key":"Swift Potion"},{"floor":20,"key":"PowerPotion"},{"floor":21,"key":"Fruit Juice"},{"floor":23,"key":"Weak Potion"},{"floor":25,"key":"Swift Potion"},{"floor":28,"key":"Explosive Potion"}],"is_trial":false,"path_per_floor":["M","?","M","?","M","?","E","$","T","$","M","M","R","?","R","B",null,"M","?","M","M","?","E","?","E","T","R","M","$","R","?","R","B"],"character_chosen":"DEFECT","items_purchased":["Flash of Steel","Melter","Redo"],"campfire_rested":2,"item_purchase_floors":[8,10,29],"current_hp_per_floor":[78,78,72,77,77,77,64,64,64,64,64,64,64,46,73,47,79,60,60,60,60,60,30,30,20,30,52,60,60,60,60,60,0],"gold":103,"neow_bonus":"TWENTY_PERCENT_HP_BONUS","is_prod":false,"is_daily":false,"chose_seed":false,"campfire_upgraded":3,"win_rate":0,"timestamp":1551257215,"path_taken":["M","?","?","?","M","?","E","?","T","$","?","M","R","?","R","BOSS","M","?","M","M","?","E","?","E","T","R","M","$","R","?","R","BOSS"],"build_version":"2019-01-23","purchased_purges":0,"victory":false,"max_hp_per_floor":[85,85,85,90,90,90,90,90,90,90,90,90,90,90,90,90,90,90,90,90,95,66,66,66,66,76,76,76,76,76,76,76,76],"card_choices":[{"not_picked":["Conserve Battery","Storm"],"picked":"Go for the Eyes","floor":1},{"not_picked":["Compile Driver","Storm"],"picked":"BootSequence","floor":3},{"not_picked":["Hello World","Leap"],"picked":"Cold Snap","floor":5},{"not_picked":["Force Field","Rebound"],"picked":"Beam Cell","floor":7},{"not_picked":["Barrage","Streamline"],"picked":"Redo","floor":11},{"not_picked":["Blizzard","Defragment","Gash"],"picked":"SKIP","floor":12},{"not_picked":["Electrodynamics","Amplify"],"picked":"Buffer","floor":16},{"not_picked":["Steam","Barrage"],"picked":"Chill","floor":18},{"not_picked":["Rebound","Stack"],"picked":"Hologram","floor":20},{"not_picked":["Streamline","Cold Snap"],"picked":"Buffer","floor":21},{"not_picked":["Stack","Sweeping Beam"],"picked":"Ball Lightning","floor":23},{"not_picked":["Barrage","Leap"],"picked":"Coolheaded","floor":25},{"not_picked":["Blizzard","Gash"],"picked":"Rebound+1","floor":28}],"player_experience":899578,"relics_obtained":[{"floor":7,"key":"Shuriken"},{"floor":9,"key":"Symbiotic Virus"},{"floor":23,"key":"Omamori"},{"floor":25,"key":"Frozen Egg 2"},{"floor":26,"key":"Pear"}],"event_choices":[{"damage_healed":0,"gold_gain":0,"player_choice":"Upgraded","damage_taken":0,"max_hp_gain":0,"max_hp_loss":0,"event_name":"Upgrade Shrine","floor":2,"gold_loss":0,"cards_upgraded":["Zap"]},{"damage_healed":0,"gold_gain":0,"player_choice":"Donut","damage_taken":0,"max_hp_gain":5,"max_hp_loss":0,"event_name":"Big Fish","floor":4,"gold_loss":0},{"cards_removed":["Decay"],"damage_healed":0,"gold_gain":0,"player_choice":"Card Removal","damage_taken":0,"max_hp_gain":0,"max_hp_loss":0,"event_name":"The Cleric","floor":6,"gold_loss":50},{"damage_healed":0,"gold_gain":0,"player_choice":"Entered Light","damage_taken":18,"max_hp_gain":0,"max_hp_loss":0,"event_name":"Shining Light","floor":14,"gold_loss":0,"cards_upgraded":["Defend_B","BootSequence"]},{"cards_removed":["Strike_B"],"damage_healed":0,"gold_gain":0,"player_choice":"Gave Gold","damage_taken":0,"max_hp_gain":0,"max_hp_loss":0,"event_name":"Beggar","floor":19,"gold_loss":75},{"damage_healed":0,"gold_gain":0,"player_choice":"Became a vampire","damage_taken":0,"max_hp_gain":0,"max_hp_loss":29,"event_name":"Vampires","floor":22,"gold_loss":0,"cards_obtained":["Bite","Bite","Bite","Bite","Bite"]},{"damage_healed":0,"gold_gain":0,"player_choice":"Obtained Relic","damage_taken":0,"relics_obtained":["Happy Flower"],"max_hp_gain":0,"max_hp_loss":0,"event_name":"Addict","floor":24,"gold_loss":85},{"damage_healed":0,"gold_gain":0,"player_choice":"Simplicity","damage_taken":0,"max_hp_gain":0,"max_hp_loss":0,"event_name":"Back to Basics","floor":31,"gold_loss":0,"cards_upgraded":["Defend_B","Defend_B","Defend_B"]}],"is_beta":false,"boss_relics":[{"not_picked":["Pandora\u0027s Box","Ectoplasm"],"picked":"White Beast Statue"}],"items_purged_floors":[],"is_endless":false,"potions_floor_spawned":[1,5,11,16,18,20,21,23,25,28],"killed_by":"Automaton","ascension_level":14}