{"gold_per_floor":[116,191,202,216,229,255,255,288,288,316,416,448,448,474,474,474],"floor_reached":16,"playtime":1059,"items_purged":[],"score":232,"play_id":"93b39af8-ff8a-49fb-a224-f2b07b96c203","local_time":"20181018210502","is_ascension_mode":true,"campfire_choices":[{"data":"Perfected Strike","floor":7,"key":"SMITH"},{"floor":13,"key":"REST"},{"floor":15,"key":"REST"}],"neow_cost":"NONE","seed_source_timestamp":686734729742290,"circlet_count":0,"master_deck":["Strike_R","Strike_R","Strike_R","Strike_R","Strike_R","Defend_R","Defend_R","Defend_R","Defend_R","Bash","AscendersBane","Inflame","Headbutt","Perfected Strike+1","Twin Strike","Warcry","Perfected Strike","Heavy Blade","Wild Strike","Thunderclap"],"relics":["Burning Blood","Strawberry","Question Card","Mummified Hand","Bottled Tornado","Juzu Bracelet","Red Skull"],"potions_floor_usage":[8,8,10],"damage_taken":[{"damage":3,"enemies":"Small Slimes","floor":1,"turns":4},{"damage":6,"enemies":"Jaw Worm","floor":3,"turns":5},{"damage":1,"enemies":"Cultist","floor":4,"turns":4},{"damage":16,"enemies":"Blue Slaver","floor":5,"turns":4},{"damage":8,"enemies":"Gremlin Nob","floor":6,"turns":3},{"damage":20,"enemies":"Lagavulin","floor":8,"turns":5},{"damage":10,"enemies":"3 Sentries","floor":10,"turns":4},{"damage":30,"enemies":"Lagavulin","floor":12,"turns":5},{"damage":25,"enemies":"3 Sentries","floor":14,"turns":6},{"damage":74,"enemies":"The Guardian","floor":16,"turns":11}],"seed_played":"-2765493508861094849","potions_obtained":[{"floor":4,"key":"Dexterity Potion"},{"floor":5,"key":"GamblersBrew"},{"floor":8,"key":"Explosive Potion"}],"is_trial":false,"path_per_floor":["M","?","M","M","M","E","R","E","T","E","?","E","R","E","R"],"character_chosen":"IRONCLAD","items_purchased":[],"campfire_rested":2,"item_purchase_floors":[],"current_hp_per_floor":[83,72,72,77,67,72,72,58,58,54,54,30,58,39,67,0],"gold":474,"neow_bonus":"TEN_PERCENT_HP_BONUS","is_prod":false,"is_daily":false,"chose_seed":false,"campfire_upgraded":1,"win_rate":0,"timestamp":1539921902,"path_taken":["M","?","M","?","M","E","R","E","T","E","?","E","R","E","R","BOSS"],"build_version":"2018-10-18","purchased_purges":0,"victory":false,"max_hp_per_floor":[88,88,88,88,88,95,95,95,95,95,95,95,95,95,95,95],"card_choices":[{"not_picked":["Havoc","Warcry"],"picked":"Inflame","floor":1},{"not_picked":["Havoc","True Grit"],"picked":"Headbutt","floor":3},{"not_picked":["Armaments","Twin Strike"],"picked":"Perfected Strike","floor":4},{"not_picked":["Inflame","Flex"],"picked":"Twin Strike","floor":5},{"not_picked":["Rampage","Sword Boomerang"],"picked":"Warcry","floor":6},{"not_picked":["Iron Wave","Warcry"],"picked":"Perfected Strike","floor":8},{"not_picked":["Exhume","Warcry","Sword Boomerang"],"picked":"Heavy Blade","floor":10},{"not_picked":["Heavy Blade","Burning Pact","Bloodletting"],"picked":"Wild Strike","floor":12},{"not_picked":["Iron Wave","Dual Wield","Headbutt"],"picked":"Thunderclap","floor":14}],"player_experience":346886,"relics_obtained":[{"floor":6,"key":"Strawberry"},{"floor":8,"key":"Question Card"},{"floor":9,"key":"Mummified Hand"},{"floor":10,"key":"Bottled Tornado"},{"floor":12,"key":"Juzu Bracelet"},{"floor":14,"key":"Red Skull"}],"event_choices":[{"damage_healed":0,"gold_gain":75,"player_choice":"Gather Gold","damage_taken":11,"max_hp_gain":0,"max_hp_loss":0,"event_name":"World of Goop","floor":2,"gold_loss":0},{"damage_healed":0,"gold_gain":100,"player_choice":"Pray","damage_taken":0,"max_hp_gain":0,"max_hp_loss":0,"event_name":"Golden Shrine","floor":11,"gold_loss":0}],"is_beta":false,"boss_relics":[],"items_purged_floors":[],"is_endless":false,"potions_floor_spawned":[4,5,8],"killed_by":"The Guardian","ascension_level":10}