{"gold_per_floor":[119,119,135,25,25,25,356,375,375,119,81,109,109,120,120,120],"floor_reached":16,"playtime":659,"items_purged":["Strike_R","Strike_R"],"score":189,"play_id":"6b619036-aeb6-4ae6-85d5-18559549555d","local_time":"20181016154953","is_ascension_mode":true,"campfire_choices":[{"data":"Hemokinesis","floor":6,"key":"SMITH"},{"floor":13,"key":"REST"},{"data":"Ghostly Armor","floor":15,"key":"SMITH"}],"neow_cost":"","seed_source_timestamp":532198972645901,"circlet_count":0,"master_deck":["Strike_R","Strike_R","Defend_R","Defend_R","Defend_R","Defend_R","Bash","AscendersBane","Clothesline","Hemokinesis+1","Ghostly Armor+1","Armaments","Armaments+1","Whirlwind"],"relics":["Burning Blood","Old Coin","Toxic Egg 2","Lantern","Bag of Marbles"],"potions_floor_usage":[7,16,16],"damage_taken":[{"damage":7,"enemies":"2 Louse","floor":1,"turns":4},{"damage":8,"enemies":"Small Slimes","floor":3,"turns":4},{"damage":24,"enemies":"Gremlin Nob","floor":7,"turns":4},{"damage":2,"enemies":"Cultist","floor":8,"turns":2},{"damage":38,"enemies":"Lagavulin","floor":12,"turns":7},{"damage":16,"enemies":"Exordium Thugs","floor":14,"turns":9},{"damage":32,"enemies":"Hexaghost","floor":16,"turns":11}],"seed_played":"7705734242535224912","potions_obtained":[{"floor":3,"key":"FearPotion"},{"floor":12,"key":"SneckoOil"},{"floor":14,"key":"Poison Potion"}],"is_trial":false,"path_per_floor":["M","?","M","$","?","R","E","M","T","$","?","E","R","M","R"],"character_chosen":"IRONCLAD","items_purchased":["Ghostly Armor","Lantern"],"campfire_rested":1,"item_purchase_floors":[4,10],"current_hp_per_floor":[67,67,65,65,65,65,47,51,51,51,51,19,41,31,31,0],"gold":120,"neow_bonus":"","is_prod":false,"is_daily":false,"chose_seed":false,"campfire_upgraded":2,"win_rate":0,"timestamp":1539697793,"path_taken":["M","?","M","?","?","R","E","M","T","$","?","E","R","?","R","BOSS"],"build_version":"2018-10-11","purchased_purges":2,"victory":false,"max_hp_per_floor":[75,75,75,75,75,75,75,75,75,75,75,75,75,75,75,75],"card_choices":[{"not_picked":["Sword Boomerang","Hemokinesis"],"picked":"Clothesline","floor":1},{"not_picked":["Body Slam","Hemokinesis","Clash"],"picked":"SKIP","floor":3},{"not_picked":["Body Slam","Clash"],"picked":"Hemokinesis","floor":3},{"not_picked":["Clash","Wild Strike","Dark Embrace"],"picked":"SKIP","floor":7},{"not_picked":["Heavy Blade","Burning Pact"],"picked":"Armaments","floor":8},{"not_picked":["Anger","Thunderclap"],"picked":"Armaments+1","floor":12},{"not_picked":["Reckless Charge","Uppercut"],"picked":"Whirlwind","floor":14}],"player_experience":524944,"relics_obtained":[{"floor":7,"key":"Old Coin"},{"floor":9,"key":"Toxic Egg 2"},{"floor":12,"key":"Bag of Marbles"}],"event_choices":[{"event_name":"Shining Light","player_choice":"Ignored","floor":2,"damage_taken":0},{"event_name":"Purifier","player_choice":"One Purge","floor":5,"damage_taken":0},{"event_name":"World of Goop","player_choice":"Left","floor":11,"damage_taken":0}],"is_beta":false,"boss_relics":[],"items_purged_floors":[4,10],"is_endless":false,"potions_floor_spawned":[3,12,14],"killed_by":"Hexaghost","ascension_level":15}