{"gold_per_floor":[118,118,136,311,311,324,343,376,376,28,47,8,8,21,21,146,209,230,230,180,180],"floor_reached":21,"playtime":2038,"items_purged":["Regret"],"score":188,"play_id":"a3814623-1ab7-41db-8764-7af4bea72a96","local_time":"20190221181730","is_ascension_mode":true,"campfire_choices":[{"data":"Armaments","floor":15,"key":"SMITH"}],"neow_cost":"NONE","seed_source_timestamp":375845490861344,"circlet_count":0,"master_deck":["Strike_R","Strike_R","Strike_R","Strike_R","Strike_R","Defend_R","Defend_R","Defend_R","Defend_R+1","Bash","Iron Wave","Perfected Strike","Doubt","Dual Wield","Seeing Red","Barricade","Injury","Inflame","Wild Strike","Rampage","Injury","Armaments+1","Juggernaut","Bloodletting","Battle Trance+1"],"relics":["Cursed Key","Kunai","NlothsMask","Matryoshka","Pantograph","Bottled Flame","Golden Idol","Tiny House"],"potions_floor_usage":[16,16,16],"damage_taken":[{"damage":8,"enemies":"Jaw Worm","floor":1,"turns":3},{"damage":3,"enemies":"Small Slimes","floor":3,"turns":3},{"damage":0,"enemies":"Cultist","floor":6,"turns":2},{"damage":5,"enemies":"Red Slaver","floor":7,"turns":4},{"damage":35,"enemies":"Gremlin Nob","floor":8,"turns":5},{"damage":11,"enemies":"Large Slime","floor":11,"turns":6},{"damage":0,"enemies":"2 Fungi Beasts","floor":14,"turns":2},{"damage":55,"enemies":"Slime Boss","floor":16,"turns":29},{"damage":15,"enemies":"Chosen","floor":18,"turns":6},{"damage":66,"enemies":"Colosseum Slavers","floor":19,"turns":7},{"damage":10,"enemies":"Spheric Guardian","floor":21,"turns":2}],"seed_played":"8969431328692370021","potions_obtained":[{"floor":1,"key":"Regen Potion"},{"floor":6,"key":"FearPotion"},{"floor":8,"key":"FearPotion"},{"floor":16,"key":"AttackPotion"},{"floor":17,"key":"SpeedPotion"},{"floor":18,"key":"FearPotion"}],"is_trial":false,"path_per_floor":["M","?","M","?","?","M","M","E","T","$","M","$","?","M","R","B",null,"M","?","?","M"],"character_chosen":"IRONCLAD","items_purchased":["Inflame","Bottled Flame","Rampage"],"campfire_rested":0,"item_purchase_floors":[10,10,12],"current_hp_per_floor":[72,72,69,69,69,69,64,29,29,29,18,18,18,18,18,3,85,70,4,4,0],"gold":180,"neow_bonus":"BOSS_RELIC","is_prod":false,"is_daily":false,"chose_seed":false,"campfire_upgraded":1,"win_rate":0,"timestamp":1550744250,"path_taken":["M","?","M","?","?","?","M","E","T","?","M","$","?","M","R","BOSS","M","?","?","?"],"build_version":"2019-01-23","purchased_purges":1,"victory":false,"max_hp_per_floor":[80,80,80,80,80,80,80,80,80,80,80,80,80,80,80,80,85,85,85,85,85],"card_choices":[{"not_picked":["Corruption","Feel No Pain"],"picked":"Iron Wave","floor":1},{"not_picked":["Headbutt","Pummel"],"picked":"Perfected Strike","floor":3},{"not_picked":["Flex","Shrug It Off"],"picked":"Dual Wield","floor":6},{"not_picked":["Clothesline","Uppercut"],"picked":"Seeing Red","floor":7},{"not_picked":["Pommel Strike","Body Slam"],"picked":"Barricade","floor":8},{"not_picked":["Pommel Strike","Dropkick"],"picked":"Wild Strike","floor":11},{"not_picked":["Cleave","True Grit"],"picked":"Armaments","floor":14},{"not_picked":["Bludgeon","Barricade"],"picked":"Juggernaut","floor":16},{"not_picked":["Headbutt","Dual Wield"],"picked":"Bloodletting","floor":17},{"not_picked":["Warcry","Clothesline"],"picked":"Battle Trance+1","floor":18}],"player_experience":28371,"relics_obtained":[{"floor":8,"key":"Matryoshka"},{"floor":9,"key":"Pantograph"}],"event_choices":[{"damage_healed":0,"gold_gain":0,"player_choice":"Box","damage_taken":0,"relics_obtained":["Kunai"],"max_hp_gain":0,"max_hp_loss":0,"event_name":"Big Fish","floor":2,"gold_loss":0,"cards_obtained":["Regret"]},{"damage_healed":0,"gold_gain":175,"player_choice":"AGREE","damage_taken":0,"max_hp_gain":0,"max_hp_loss":0,"event_name":"Liars Game","floor":4,"gold_loss":0,"cards_obtained":["Doubt"]},{"damage_healed":0,"gold_gain":0,"player_choice":"Trade","damage_taken":0,"relics_obtained":["NlothsMask"],"max_hp_gain":0,"max_hp_loss":0,"event_name":"FaceTrader","floor":5,"gold_loss":0},{"damage_healed":0,"gold_gain":0,"player_choice":"Take Wound","damage_taken":0,"relics_obtained":["Golden Idol"],"max_hp_gain":0,"max_hp_loss":0,"event_name":"Golden Idol","floor":13,"gold_loss":0,"cards_obtained":["Injury"]},{"damage_healed":0,"gold_gain":0,"player_choice":"Fight","damage_taken":0,"max_hp_gain":0,"max_hp_loss":0,"event_name":"Colosseum","floor":19,"gold_loss":0},{"damage_healed":0,"gold_gain":0,"player_choice":"Fled From Nobs","damage_taken":0,"max_hp_gain":0,"max_hp_loss":0,"event_name":"Colosseum","floor":19,"gold_loss":0},{"damage_healed":0,"gold_gain":0,"player_choice":"Bet on Owner","damage_taken":0,"max_hp_gain":0,"max_hp_loss":0,"event_name":"The Joust","floor":20,"gold_loss":50}],"is_beta":false,"boss_relics":[{"not_picked":["Sozu","Busted Crown"],"picked":"Tiny House"}],"items_purged_floors":[10],"is_endless":false,"potions_floor_spawned":[1,6,8,16,18],"killed_by":"Spheric Guardian","ascension_level":1}