{"gold_per_floor":[216,216,232,247,263,263,276,276,276,201,221,221,221,260,260,260],"floor_reached":16,"playtime":508,"items_purged":["Defend_R"],"score":107,"play_id":"4f7af898-4fb3-4f66-a6cb-769b422200e1","local_time":"20190226190141","is_ascension_mode":true,"campfire_choices":[{"data":"Bash","floor":6.0,"key":"SMITH"},{"floor":12,"key":"REST"},{"floor":15,"key":"REST"}],"neow_cost":"NONE","seed_source_timestamp":0,"circlet_count":0,"master_deck":["Strike_R","Strike_R","Strike_R","Strike_R","Defend_R","Defend_R","Defend_R","Bash+1","Searing Blow"],"special_seed":0,"relics":["Burning Blood","Golden Idol","Shuriken","Red Skull"],"potions_floor_usage":[14,14,16],"damage_taken":[{"damage":8.0,"enemies":"Jaw Worm","floor":1.0,"turns":3.0},{"damage":6.0,"enemies":"Cultist","floor":3.0,"turns":3.0},{"damage":6.0,"enemies":"2 Louse","floor":4.0,"turns":2.0},{"damage":10.0,"enemies":"2 Fungi Beasts","floor":5.0,"turns":4.0},{"damage":20.0,"enemies":"Looter","floor":7.0,"turns":3.0},{"damage":14,"enemies":"Blue Slaver","floor":11,"turns":3},{"damage":34,"enemies":"3 Sentries","floor":14,"turns":8},{"damage":53,"enemies":"Hexaghost","floor":16,"turns":8}],"seed_played":"2475617069612308757","potions_obtained":[{"floor":3.0,"key":"PowerPotion"},{"floor":5.0,"key":"LiquidBronze"},{"floor":14,"key":"SpeedPotion"}],"is_trial":false,"path_per_floor":["M","?","M","M","M","R","M","?","T","$","M","R","?","E","R","B"],"character_chosen":"IRONCLAD","items_purchased":[],"campfire_rested":2,"item_purchase_floors":[],"current_hp_per_floor":[78,78,78,78,74,74,60,40,40,40,32,56,56,28,52,0],"gold":260,"neow_bonus":"HUNDRED_GOLD","is_prod":false,"is_daily":false,"chose_seed":false,"campfire_upgraded":1,"win_rate":0,"timestamp":1551178901,"path_taken":["M","?","M","?","M","R","M","?","T","?","M","R","?","E","R","BOSS"],"build_version":"2019-01-23","purchased_purges":1,"victory":false,"max_hp_per_floor":[80,80,80,80,80,80,80,80,80,80,80,80,80,80,80,80],"card_choices":[{"not_picked":["Sword Boomerang","Heavy Blade","Cleave"],"picked":"SKIP","floor":1.0},{"not_picked":["Heavy Blade","Battle Trance","Shrug It Off"],"picked":"SKIP","floor":3.0},{"not_picked":["Shrug It Off","Perfected Strike","Wild Strike"],"picked":"SKIP","floor":4.0},{"not_picked":["Cleave","Searing Blow","Perfected Strike"],"picked":"SKIP","floor":5.0},{"not_picked":["True Grit","Sever Soul","Carnage"],"picked":"SKIP","floor":7.0},{"not_picked":["Havoc","Armaments","Anger"],"picked":"SKIP","floor":11},{"not_picked":["Offering","Dual Wield","Metallicize"],"picked":"SKIP","floor":14}],"player_experience":90908,"relics_obtained":[{"floor":9.0,"key":"Shuriken"},{"floor":14,"key":"Red Skull"}],"event_choices":[{"damage_healed":0.0,"max_hp_gain":0.0,"max_hp_loss":0.0,"gold_gain":0.0,"cards_transformed":["Strike_R"],"event_name":"Transmorgrifier","player_choice":"Transformed","floor":2.0,"gold_loss":0.0,"damage_taken":0.0,"cards_obtained":["Searing Blow"]},{"damage_healed":0.0,"max_hp_gain":0.0,"max_hp_loss":0.0,"gold_gain":0.0,"event_name":"Golden Idol","player_choice":"Take Damage","floor":8.0,"gold_loss":0.0,"damage_taken":20.0,"relics_obtained":["Golden Idol"]},{"damage_healed":0,"gold_gain":0,"player_choice":"Fled","damage_taken":0,"max_hp_gain":0,"max_hp_loss":0,"event_name":"Scrap Ooze","floor":13,"gold_loss":0}],"is_beta":false,"boss_relics":[],"items_purged_floors":[10],"is_endless":false,"potions_floor_spawned":[3,5,14],"killed_by":"Hexaghost","ascension_level":1}