{"gold_per_floor":[368,388,313,313,21,21,38,38,87,105,120,134,94,94,94,172,172,182,199,210,210,210,210,35,35,35,65,65,65,80,91,91,164,164,182,197,197,121,131,131,146,161,161,29,29,43,43,43,43,43,43],"floor_reached":52,"playtime":2906,"items_purged":["Defend_G","Strike_G"],"score":1653,"play_id":"72886dff-d04a-4776-a977-9a940f88240f","local_time":"20190220085008","is_ascension_mode":true,"campfire_choices":[{"data":"Neutralize","floor":6.0,"key":"SMITH"},{"data":"Cloak And Dagger","floor":8.0,"key":"SMITH"},{"data":"Blade Dance","floor":15.0,"key":"SMITH"},{"data":"Storm of Steel","floor":23.0,"key":"SMITH"},{"data":"Terror","floor":25.0,"key":"SMITH"},{"data":"Adrenaline","floor":32.0,"key":"SMITH"},{"data":"Envenom","floor":40.0,"key":"SMITH"},{"data":"After Image","floor":45.0,"key":"SMITH"},{"data":"Accuracy","floor":47.0,"key":"SMITH"},{"floor":49.0,"key":"REST"}],"neow_cost":"TEN_PERCENT_HP_LOSS","seed_source_timestamp":0,"circlet_count":0,"master_deck":["AscendersBane","Defend_G","Defend_G","Defend_G","Defend_G","Strike_G","Survivor","Neutralize+1","Cloak And Dagger+1","Blade Dance+1","Adrenaline+1","Leg Sweep","Footwork+1","Storm of Steel+1","PiercingWail","Dodge and Roll","Glass Knife","Terror+1","Backflip","After Image+1","Heel Hook+1","Blade Dance+1","Envenom+1","Accuracy+1","Cloak And Dagger+1"],"special_seed":0,"relics":["Ring of the Snake","ClockworkSouvenir","Juzu Bracelet","WristBlade","Bottled Lightning","Darkstone Periapt","Kunai","Ninja Scroll","Empty Cage","Sundial"],"potions_floor_usage":[51],"damage_taken":[{"damage":7.0,"enemies":"Jaw Worm","floor":1.0,"turns":6.0},{"damage":4.0,"enemies":"Small Slimes","floor":2.0,"turns":4.0},{"damage":0.0,"enemies":"Cultist","floor":7.0,"turns":3.0},{"damage":8.0,"enemies":"3 Louse","floor":10.0,"turns":4.0},{"damage":1.0,"enemies":"Blue Slaver","floor":11.0,"turns":3.0},{"damage":0.0,"enemies":"Looter","floor":12.0,"turns":3.0},{"damage":23.0,"enemies":"The Guardian","floor":16.0,"turns":23.0},{"damage":3.0,"enemies":"3 Byrds","floor":18.0,"turns":6.0},{"damage":16.0,"enemies":"Shell Parasite","floor":19.0,"turns":6.0},{"damage":0.0,"enemies":"Shelled Parasite and Fungi","floor":20.0,"turns":9.0},{"damage":18.0,"enemies":"Gremlin Leader","floor":27.0,"turns":7.0},{"damage":0.0,"enemies":"3 Cultists","floor":30.0,"turns":5.0},{"damage":0.0,"enemies":"Snake Plant","floor":31.0,"turns":3.0},{"damage":14.0,"enemies":"Collector","floor":33.0,"turns":15.0},{"damage":0.0,"enemies":"Orb Walker","floor":35.0,"turns":1.0},{"damage":2.0,"enemies":"3 Shapes","floor":36.0,"turns":5.0},{"damage":18.0,"enemies":"Sphere and 2 Shapes","floor":39.0,"turns":6.0},{"damage":11.0,"enemies":"Transient","floor":41.0,"turns":6.0},{"damage":3.0,"enemies":"Writhing Mass","floor":42.0,"turns":12.0},{"damage":9.0,"enemies":"Sphere and 2 Shapes","floor":46.0,"turns":10.0},{"damage":24.0,"enemies":"Time Eater","floor":50.0,"turns":16.0},{"damage":10,"enemies":"Donu and Deca","floor":51,"turns":13}],"seed_played":"-230695212716388664","potions_obtained":[{"floor":7.0,"key":"Swift Potion"},{"floor":11.0,"key":"Regen Potion"},{"floor":18.0,"key":"EssenceOfSteel"},{"floor":20.0,"key":"Poison Potion"},{"floor":33.0,"key":"Explosive Potion"},{"floor":41.0,"key":"FearPotion"},{"floor":42.0,"key":"GamblersBrew"}],"is_trial":false,"path_per_floor":["M","M","?","?","$","R","M","R","T","M","M","M","$","?","R","B",null,"M","M","M","?","?","R","$","R","T","E","?","?","M","M","R","B",null,"M","M","?","$","M","R","M","M","T","$","R","M","R","?","R","B","B",null],"character_chosen":"THE_SILENT","items_purchased":["ClockworkSouvenir","Footwork","Terror","Envenom","Accuracy","Cloak And Dagger"],"campfire_rested":1,"item_purchase_floors":[5,13,24,38,44,44],"current_hp_per_floor":[52,48,48,48,48,48,48,48,48,40,39,39,39,39,39,31,53,50,34,34,34,60,60,60,60,60,42,48,54,54,54,54,40,64,64,62,62,62,44,44,33,30,30,30,30,21,21,21,41,17,7],"gold":43,"neow_bonus":"TWO_FIFTY_GOLD","is_prod":false,"is_daily":false,"chose_seed":false,"campfire_upgraded":9,"win_rate":0,"timestamp":1550623808,"path_taken":["M","M","?","?","$","R","M","R","T","M","M","M","?","?","R","BOSS","M","M","M","?","?","R","$","R","T","E","?","?","M","M","R","BOSS","M","M","?","$","M","R","M","M","T","$","R","M","R","?","R","BOSS","BOSS"],"build_version":"2019-02-06","purchased_purges":2,"victory":true,"max_hp_per_floor":[60,60,60,60,60,60,60,60,60,60,60,60,60,60,60,60,60,60,60,60,60,60,60,60,60,60,60,66,72,72,72,72,72,72,72,72,68,68,68,68,68,68,68,68,68,68,68,68,68,68,68],"card_choices":[{"not_picked":["Backflip","Poisoned Stab"],"picked":"Cloak And Dagger","floor":1.0},{"not_picked":["Sucker Punch","Predator","Choke"],"picked":"SKIP","floor":2.0},{"not_picked":["Prepared","Bane"],"picked":"Blade Dance","floor":7.0},{"not_picked":["Bane","Eviscerate","Infinite Blades"],"picked":"SKIP","floor":10.0},{"not_picked":["Acrobatics","Bouncing Flask"],"picked":"Adrenaline","floor":11.0},{"not_picked":["Backflip","Prepared"],"picked":"Leg Sweep","floor":12.0},{"not_picked":["Tools of the Trade","Venomology"],"picked":"Storm of Steel","floor":16.0},{"not_picked":["PiercingWail","Bane","Deadly Poison"],"picked":"SKIP","floor":18.0},{"not_picked":["Bane","Deadly Poison"],"picked":"PiercingWail","floor":18.0},{"not_picked":["Calculated Gamble","Dagger Throw+1"],"picked":"Dodge and Roll","floor":19.0},{"not_picked":["Dash+1","Acrobatics","Blur"],"picked":"SKIP","floor":20.0},{"not_picked":["Wraith Form v2","Eviscerate","Acrobatics"],"picked":"SKIP","floor":27.0},{"not_picked":["Poisoned Stab","Setup","Slice"],"picked":"SKIP","floor":30.0},{"not_picked":["Dagger Throw","Flying Knee"],"picked":"Backflip","floor":31.0},{"not_picked":["Malaise","Bullet Time"],"picked":"After Image","floor":33.0},{"not_picked":["Dodge and Roll","Crippling Poison"],"picked":"Heel Hook+1","floor":35.0},{"not_picked":["Acrobatics+1","Deflect+1"],"picked":"Blade Dance+1","floor":36.0},{"not_picked":["Flechettes","Backflip","Riddle With Holes"],"picked":"SKIP","floor":39.0},{"not_picked":["Bouncing Flask","Slice","Flying Knee+1"],"picked":"SKIP","floor":41.0},{"not_picked":["Blade Dance","Acrobatics","Deflect"],"picked":"SKIP","floor":42.0},{"not_picked":["Dash","Riddle With Holes","Masterful Stab"],"picked":"SKIP","floor":46.0}],"player_experience":734175,"relics_obtained":[{"floor":9.0,"key":"Juzu Bracelet"},{"floor":26.0,"key":"Bottled Lightning"},{"floor":27.0,"key":"Darkstone Periapt"},{"floor":43.0,"key":"Sundial"}],"event_choices":[{"cards_removed":["Strike_G"],"damage_healed":0.0,"max_hp_gain":0.0,"max_hp_loss":0.0,"gold_gain":0.0,"event_name":"The Cleric","player_choice":"Card Removal","floor":3.0,"gold_loss":75.0,"damage_taken":0.0},{"damage_healed":0.0,"max_hp_gain":0.0,"max_hp_loss":0.0,"gold_gain":0.0,"event_name":"Liars Game","player_choice":"Ignored","floor":4.0,"gold_loss":0.0,"damage_taken":0.0},{"damage_healed":0.0,"max_hp_gain":0.0,"max_hp_loss":0.0,"gold_gain":0.0,"event_name":"Living Wall","player_choice":"Grow","floor":14.0,"gold_loss":0.0,"damage_taken":0.0,"cards_upgraded":["Footwork"]},{"damage_healed":0.0,"max_hp_gain":0.0,"max_hp_loss":0.0,"gold_gain":0.0,"cards_transformed":["Strike_G","Strike_G"],"event_name":"Drug Dealer","player_choice":"Became Test Subject","floor":21.0,"gold_loss":0.0,"damage_taken":0.0,"cards_obtained":["Glass Knife","Crippling Poison"]},{"cards_removed":["Crippling Poison"],"damage_healed":26.0,"max_hp_gain":0.0,"max_hp_loss":0.0,"gold_gain":0.0,"event_name":"Bonfire Elementals","player_choice":"Offered Uncommon","floor":22.0,"gold_loss":0.0,"damage_taken":0.0},{"damage_healed":0.0,"max_hp_gain":0.0,"max_hp_loss":0.0,"gold_gain":0.0,"event_name":"The Mausoleum","player_choice":"Opened","floor":28.0,"gold_loss":0.0,"damage_taken":0.0,"relics_obtained":["Kunai"],"cards_obtained":["Writhe"]},{"damage_healed":0.0,"max_hp_gain":0.0,"max_hp_loss":0.0,"gold_gain":0.0,"event_name":"Addict","player_choice":"Stole Relic","floor":29.0,"gold_loss":0.0,"damage_taken":0.0,"relics_obtained":["Ninja Scroll"],"cards_obtained":["Shame"]},{"damage_healed":0.0,"max_hp_gain":0.0,"max_hp_loss":4.0,"gold_gain":0.0,"event_name":"Winding Halls","player_choice":"Max HP","floor":37.0,"gold_loss":0.0,"damage_taken":0.0},{"damage_healed":0.0,"max_hp_gain":0.0,"max_hp_loss":0.0,"gold_gain":0.0,"event_name":"Upgrade Shrine","player_choice":"Upgraded","floor":48.0,"gold_loss":0.0,"damage_taken":0.0,"cards_upgraded":["Cloak And Dagger"]}],"is_beta":true,"boss_relics":[{"not_picked":["Pandora\u0027s Box","Black Star"],"picked":"WristBlade"},{"not_picked":["Velvet Choker","Busted Crown"],"picked":"Empty Cage"}],"items_purged_floors":[5,24],"is_endless":false,"potions_floor_spawned":[7,11,18,20,33,36,41,42],"ascension_level":20}