{"gold_per_floor":[115,265,265,275,550,579,595,629,681,695,258,258,288,303,303,303],"floor_reached":16,"playtime":782,"items_purged":["Regret"],"score":254,"play_id":"5a8dbb48-394a-401c-af55-ab109b3acdab","local_time":"20190115193356","is_ascension_mode":true,"campfire_choices":[{"floor":15,"key":"REST"}],"neow_cost":"NONE","seed_source_timestamp":320055170408316,"circlet_count":0,"master_deck":["AscendersBane","Strike_R","Strike_R","Strike_R","Strike_R","Strike_R","Defend_R","Defend_R","Defend_R","Defend_R","Bash","Whirlwind","Flex","Offering","Anger","Fire Breathing+1","Havoc","Double Tap","Ghostly Armor"],"relics":["Burning Blood","NeowsBlessing","Frozen Egg 2","PreservedInsect","Bag of Preparation","Shuriken","Bronze Scales"],"potions_floor_usage":[8,13,16],"damage_taken":[{"damage":0,"enemies":"Jaw Worm","floor":1,"turns":1},{"damage":0,"enemies":"Small Slimes","floor":4,"turns":1},{"damage":0,"enemies":"Gremlin Nob","floor":6,"turns":1},{"damage":2,"enemies":"2 Louse","floor":7,"turns":2},{"damage":45,"enemies":"3 Sentries","floor":8,"turns":9},{"damage":11,"enemies":"Red Slaver","floor":10,"turns":3},{"damage":14,"enemies":"Gremlin Nob","floor":13,"turns":3},{"damage":7,"enemies":"Large Slime","floor":14,"turns":5},{"damage":45,"enemies":"The Guardian","floor":16,"turns":9}],"seed_played":"-3382477869835062331","potions_obtained":[{"floor":6,"key":"PowerPotion"},{"floor":8,"key":"SpeedPotion"},{"floor":14,"key":"SpeedPotion"}],"is_trial":false,"path_per_floor":["M","?","?","M","?","E","M","E","T","M","$","?","E","M","R","B"],"character_chosen":"IRONCLAD","items_purchased":["Shuriken","Weak Potion","Strength Potion"],"campfire_rested":1,"item_purchase_floors":[11,11,11],"current_hp_per_floor":[74,74,67,73,73,75,75,36,36,31,31,31,23,22,44,0],"gold":303,"neow_bonus":"THREE_ENEMY_KILL","is_prod":false,"is_daily":false,"chose_seed":false,"campfire_upgraded":0,"win_rate":0,"timestamp":1547609636,"path_taken":["M","?","?","M","?","E","M","E","T","?","$","?","E","M","R","BOSS"],"build_version":"2019-01-10","purchased_purges":1,"victory":false,"max_hp_per_floor":[75,75,75,75,75,75,75,75,75,75,75,75,75,75,75,75],"card_choices":[{"not_picked":["Headbutt","Dual Wield"],"picked":"Whirlwind","floor":1},{"not_picked":["Havoc","Intimidate"],"picked":"Flex","floor":4},{"not_picked":["Entrench","Rampage"],"picked":"Offering","floor":6},{"not_picked":["Shrug It Off","Perfected Strike"],"picked":"Anger","floor":7},{"not_picked":["Anger","Iron Wave"],"picked":"Fire Breathing+1","floor":8},{"not_picked":["True Grit","Flex"],"picked":"Havoc","floor":10},{"not_picked":["Disarm","Shrug It Off"],"picked":"Double Tap","floor":13},{"not_picked":["Twin Strike","Whirlwind"],"picked":"Ghostly Armor","floor":14}],"player_experience":486772,"relics_obtained":[{"floor":6,"key":"Frozen Egg 2"},{"floor":8,"key":"PreservedInsect"},{"floor":9,"key":"Bag of Preparation"},{"floor":13,"key":"Bronze Scales"}],"event_choices":[{"damage_healed":0,"gold_gain":150,"player_choice":"AGREE","damage_taken":0,"max_hp_gain":0,"max_hp_loss":0,"event_name":"Liars Game","floor":2,"gold_loss":0,"cards_obtained":["Doubt"]},{"cards_removed":["Doubt"],"damage_healed":0,"gold_gain":0,"player_choice":"Card Removal","damage_taken":7,"max_hp_gain":0,"max_hp_loss":0,"event_name":"Golden Wing","floor":3,"gold_loss":0},{"damage_healed":0,"gold_gain":275,"player_choice":"Desecrate","damage_taken":0,"max_hp_gain":0,"max_hp_loss":0,"event_name":"Golden Shrine","floor":5,"gold_loss":0,"cards_obtained":["Regret"]},{"damage_healed":0,"gold_gain":0,"player_choice":"Ignored","damage_taken":0,"max_hp_gain":0,"max_hp_loss":0,"event_name":"Shining Light","floor":12,"gold_loss":0}],"is_beta":false,"boss_relics":[],"items_purged_floors":[11],"is_endless":false,"potions_floor_spawned":[6,8,14],"killed_by":"The Guardian","ascension_level":15}