{"gold_per_floor":[117,136,136,150,164,191,191,217,244,3,3,36,51,62,62,167,167,178,194,214,230,230,230,244,244,244,307,222,234,234,251,251,353,353,367,467,486,486,486,486,27,27],"floor_reached":42,"playtime":3282,"items_purged":[],"score":704,"play_id":"623d4ebc-3b85-4dac-a939-23b88efaba99","local_time":"20181030195758","is_ascension_mode":true,"campfire_choices":[{"data":"Limit Break","floor":7.0,"key":"SMITH"},{"floor":11.0,"key":"REST"},{"data":"Blood for Blood","floor":15.0,"key":"SMITH"},{"floor":23.0,"key":"REST"},{"data":"Shrug It Off","floor":25.0,"key":"SMITH"},{"floor":30.0,"key":"REST"},{"floor":32.0,"key":"REST"},{"floor":40,"key":"REST"}],"neow_cost":"NONE","seed_source_timestamp":0,"circlet_count":0,"master_deck":["Strike_R","Strike_R","Strike_R","Defend_R","Defend_R","Defend_R","Bash","AscendersBane","Anger","Pommel Strike","Limit Break+1","Blood for Blood+1","Flame Barrier","Anger","Thunderclap","Pommel Strike","Inflame","Flex","Headbutt","Warcry","Berserk","Combust+1","Dropkick","Shrug It Off+1","Heavy Blade+1","True Grit","Anger","Shrug It Off","Reaper","Ghostly Armor+1"],"special_seed":0,"relics":["Burning Blood","Art of War","Orichalcum","Bag of Marbles","Pen Nib","Anchor","Lizard Tail","Happy Flower","Pear","Tiny Chest","Red Skull","Empty Cage","Frozen Egg 2","Brimstone","Mercury Hourglass"],"potions_floor_usage":[42],"damage_taken":[{"damage":0.0,"enemies":"Cultist","floor":1.0,"turns":2.0},{"damage":18.0,"enemies":"Jaw Worm","floor":2.0,"turns":4.0},{"damage":0.0,"enemies":"Small Slimes","floor":4.0,"turns":3.0},{"damage":7.0,"enemies":"Blue Slaver","floor":5.0,"turns":5.0},{"damage":6.0,"enemies":"Lagavulin","floor":6.0,"turns":7.0},{"damage":30.0,"enemies":"3 Sentries","floor":8.0,"turns":8.0},{"damage":10.0,"enemies":"Gremlin Nob","floor":12.0,"turns":3.0},{"damage":0.0,"enemies":"Looter","floor":13.0,"turns":2.0},{"damage":1.0,"enemies":"Lots of Slimes","floor":14.0,"turns":3.0},{"damage":26.0,"enemies":"The Guardian","floor":16.0,"turns":9.0},{"damage":6.0,"enemies":"Chosen","floor":18.0,"turns":4.0},{"damage":17.0,"enemies":"2 Thieves","floor":19.0,"turns":3.0},{"damage":46.0,"enemies":"Shelled Parasite and Fungi","floor":20.0,"turns":4.0},{"damage":33.0,"enemies":"Snake Plant","floor":21.0,"turns":5.0},{"damage":11.0,"enemies":"Centurion and Healer","floor":24.0,"turns":5.0},{"damage":31.0,"enemies":"Slavers","floor":27.0,"turns":5.0},{"damage":10.0,"enemies":"3 Cultists","floor":29.0,"turns":5.0},{"damage":9.0,"enemies":"Snecko","floor":31.0,"turns":4.0},{"damage":82.0,"enemies":"Collector","floor":33.0,"turns":10.0},{"damage":35,"enemies":"3 Darklings","floor":35,"turns":5},{"damage":17,"enemies":"Orb Walker","floor":37,"turns":4},{"damage":93,"enemies":"Nemesis","floor":42,"turns":6}],"seed_played":"7165078620646412719","potions_obtained":[{"floor":1.0,"key":"Ancient Potion"},{"floor":4.0,"key":"Dexterity Potion"},{"floor":12.0,"key":"Swift Potion"},{"floor":16.0,"key":"Explosive Potion"},{"floor":24.0,"key":"Ancient Potion"},{"floor":27.0,"key":"Dexterity Potion"},{"floor":35,"key":"PowerPotion"}],"is_trial":false,"path_per_floor":["M","M","?","M","M","E","R","E","T","$","R","E","M","M","R","B",null,"M","M","M","M","?","R","M","R","T","E","?","M","R","M","R","B",null,"M","?","M","?","T","R","$"],"character_chosen":"IRONCLAD","items_purchased":["Pen Nib","Inflame","Flex","Brimstone","Mercury Hourglass"],"campfire_rested":5,"item_purchase_floors":[10,10,10,41,41],"current_hp_per_floor":[78,66,66,72,71,71,71,47,47,47,71,67,73,78,78,58,75,75,64,24,38,38,62,57,57,67,42,42,38,65,62,89,13,71,42,42,41,41,41,68,68,0],"gold":27,"neow_bonus":"THREE_CARDS","is_prod":false,"is_daily":false,"chose_seed":false,"campfire_upgraded":3,"win_rate":0,"timestamp":1540954678,"path_taken":["M","M","?","M","M","E","R","E","T","$","R","E","M","M","R","BOSS","M","?","M","M","?","R","M","R","T","E","?","?","R","?","R","BOSS","M","?","M","?","?","R","?","E"],"build_version":"2018-10-25v2","purchased_purges":0,"victory":false,"max_hp_per_floor":[80,80,80,80,80,80,80,80,80,80,80,80,80,80,80,80,80,80,80,80,80,80,80,80,80,90,90,90,90,90,90,90,90,90,90,90,90,90,90,90,90,90],"card_choices":[{"not_picked":["Corruption","Clash"],"picked":"Anger","floor":0.0},{"not_picked":["Clash","Twin Strike"],"picked":"Pommel Strike","floor":1.0},{"not_picked":["Metallicize","Heavy Blade"],"picked":"Limit Break","floor":2.0},{"not_picked":["Body Slam","Clothesline"],"picked":"Flame Barrier","floor":4.0},{"not_picked":["Pummel","Sword Boomerang"],"picked":"Anger","floor":5.0},{"not_picked":["Wild Strike","Dropkick"],"picked":"Thunderclap","floor":6.0},{"not_picked":["Bloodletting","Thunderclap"],"picked":"Pommel Strike","floor":8.0},{"not_picked":["Fire Breathing","Shockwave"],"picked":"Headbutt","floor":12.0},{"not_picked":["Twin Strike","Thunderclap","Flex"],"picked":"SKIP","floor":13.0},{"not_picked":["Searing Blow","Pommel Strike"],"picked":"Warcry","floor":14.0},{"not_picked":["Dark Embrace","Juggernaut"],"picked":"Berserk","floor":16.0},{"not_picked":["Havoc","Anger"],"picked":"Combust+1","floor":18.0},{"not_picked":["Whirlwind","Searing Blow","Heavy Blade"],"picked":"SKIP","floor":19.0},{"not_picked":["Heavy Blade","Combust"],"picked":"Dropkick","floor":20.0},{"not_picked":["Bloodletting","Ghostly Armor"],"picked":"Shrug It Off","floor":21.0},{"not_picked":["Perfected Strike","Sword Boomerang"],"picked":"Heavy Blade+1","floor":24.0},{"not_picked":["Clash","Fire Breathing"],"picked":"True Grit","floor":27.0},{"not_picked":["Berserk","Headbutt"],"picked":"Anger","floor":29.0},{"not_picked":["Thunderclap+1","Shockwave"],"picked":"Shrug It Off","floor":31.0},{"not_picked":["Berserk","Dark Embrace"],"picked":"Reaper","floor":33.0},{"not_picked":["Feel No Pain","Rampage"],"picked":"Ghostly Armor+1","floor":35},{"not_picked":["Heavy Blade","Feel No Pain","Rupture"],"picked":"SKIP","floor":37}],"player_experience":381280,"relics_obtained":[{"floor":6.0,"key":"Art of War"},{"floor":8.0,"key":"Orichalcum"},{"floor":9.0,"key":"Bag of Marbles"},{"floor":12.0,"key":"Anchor"},{"floor":26.0,"key":"Pear"},{"floor":27.0,"key":"Tiny Chest"},{"floor":39,"key":"Frozen Egg 2"}],"event_choices":[{"damage_healed":0.0,"max_hp_gain":0.0,"max_hp_loss":0.0,"gold_gain":0.0,"cards_transformed":["Strike_R"],"event_name":"Transmorgrifier","player_choice":"Transformed","floor":3.0,"gold_loss":0.0,"damage_taken":0.0,"cards_obtained":["Blood for Blood"]},{"damage_healed":0.0,"max_hp_gain":0.0,"max_hp_loss":0.0,"gold_gain":0.0,"event_name":"The Mausoleum","player_choice":"Opened","floor":22.0,"gold_loss":0.0,"damage_taken":0.0,"relics_obtained":["Happy Flower"]},{"damage_healed":0.0,"max_hp_gain":0.0,"max_hp_loss":0.0,"gold_gain":0.0,"event_name":"Addict","player_choice":"Obtained Relic","floor":28.0,"gold_loss":85.0,"damage_taken":0.0,"relics_obtained":["Red Skull"]},{"damage_healed":0,"gold_gain":100,"player_choice":"Pray","damage_taken":0,"max_hp_gain":0,"max_hp_loss":0,"event_name":"Golden Shrine","floor":36,"gold_loss":0},{"damage_healed":0,"gold_gain":0,"player_choice":"Ignored","damage_taken":0,"max_hp_gain":0,"max_hp_loss":0,"event_name":"The Moai Head","floor":38,"gold_loss":0}],"is_beta":false,"boss_relics":[{"not_picked":["Black Blood","Runic Pyramid"],"picked":"Lizard Tail"},{"not_picked":["Philosopher\u0027s Stone","Black Star"],"picked":"Empty Cage"}],"items_purged_floors":[],"is_endless":false,"potions_floor_spawned":[1,4,12,16,24,27,29,35],"killed_by":"Nemesis","ascension_level":12}