{"gold_per_floor":[119,69,69,19,94,119,119,119,119,119,44,76,92,106,106,203,203,215,10,10,26,26,26,26,26,72,89,105,105,117,144,144,247,247,258,258,268,286,386,386,412,412,439,439,450,464,374,1,1,1],"floor_reached":51,"playtime":2444,"items_purged":["Defend_R","Strike_R"],"score":1092,"play_id":"0e1308cc-4ef3-4a42-95c7-da175d2302b4","local_time":"20190130115424","is_ascension_mode":true,"campfire_choices":[{"data":"Perfected Strike","floor":7.0,"key":"SMITH"},{"floor":10.0,"key":"REST"},{"data":"Bash","floor":15.0,"key":"SMITH"},{"floor":23.0,"key":"REST"},{"data":"Impervious","floor":25.0,"key":"SMITH"},{"floor":29.0,"key":"REST"},{"floor":32.0,"key":"REST"},{"floor":40.0,"key":"REST"},{"floor":42.0,"key":"REST"},{"data":"1","floor":44.0,"key":"LIFT"},{"data":"2","floor":49.0,"key":"LIFT"}],"neow_cost":"NONE","seed_source_timestamp":61807354910648,"circlet_count":0,"master_deck":["AscendersBane","Strike_R+1","Strike_R","Strike_R+1","Defend_R+1","Bash+1","Perfected Strike+1","Inflame","Reaper+1","Impervious+1","Clash+1","Pommel Strike+1","RitualDagger+1","Intimidate","Wild Strike+1","Thunderclap+1","Double Tap","Flex+1","Perfected Strike+1","Shockwave+1","Bludgeon+1","Cleave+1","Metallicize+1","Parasite","Warcry+1","Swift Strike+1"],"special_seed":0,"relics":["Burning Blood","Red Skull","Whetstone","Molten Egg 2","Self Forming Clay","Sozu","Vajra","Nilry\u0027s Codex","Mummified Hand","War Paint","Pen Nib","Mark of Pain","Girya","Happy Flower","Juzu Bracelet","HandDrill"],"potions_floor_usage":[],"damage_taken":[{"damage":10.0,"enemies":"2 Louse","floor":1.0,"turns":4.0},{"damage":25.0,"enemies":"3 Sentries","floor":6.0,"turns":6.0},{"damage":35.0,"enemies":"Lagavulin","floor":12.0,"turns":5.0},{"damage":7.0,"enemies":"Jaw Worm","floor":13.0,"turns":2.0},{"damage":0.0,"enemies":"Cultist","floor":14.0,"turns":2.0},{"damage":50.0,"enemies":"The Guardian","floor":16.0,"turns":7.0},{"damage":35.0,"enemies":"2 Thieves","floor":18.0,"turns":4.0},{"damage":12.0,"enemies":"Chosen","floor":21.0,"turns":2.0},{"damage":20.0,"enemies":"Shelled Parasite and Fungi","floor":27.0,"turns":3.0},{"damage":4.0,"enemies":"Chosen and Byrds","floor":28.0,"turns":3.0},{"damage":15.0,"enemies":"Centurion and Healer","floor":30.0,"turns":3.0},{"damage":23.0,"enemies":"Book of Stabbing","floor":31.0,"turns":3.0},{"damage":97.0,"enemies":"Automaton","floor":33.0,"turns":8.0},{"damage":8.0,"enemies":"3 Darklings","floor":35.0,"turns":3.0},{"damage":14.0,"enemies":"3 Shapes","floor":37.0,"turns":2.0},{"damage":0.0,"enemies":"Spire Growth","floor":38.0,"turns":3.0},{"damage":48.0,"enemies":"Mind Bloom Boss Battle","floor":39.0,"turns":5.0},{"damage":45.0,"enemies":"Nemesis","floor":41.0,"turns":5.0},{"damage":15.0,"enemies":"4 Shapes","floor":45.0,"turns":3.0},{"damage":12.0,"enemies":"Writhing Mass","floor":46.0,"turns":3.0},{"damage":86,"enemies":"Awakened One","floor":50,"turns":12}],"seed_played":"3141527239151335930","potions_obtained":[{"floor":13.0,"key":"Explosive Potion"},{"floor":14.0,"key":"Regen Potion"}],"is_trial":false,"path_per_floor":["?","?","?","?","$","?","?","T","M","?","M","?","?"],"character_chosen":"IRONCLAD","items_purchased":["Explosive Potion","Vajra","Pommel Strike+1","Swift Strike+1","HandDrill"],"campfire_rested":6,"item_purchase_floors":[4,19,19,48,48],"current_hp_per_floor":[68,68,61,61,50,31,31,31,31,55,55,26,25,38,38,9,62,33,33,27,34,18,42,42,42,42,28,30,54,59,54,78,15,64,62,62,54,60,44,68,30,54,54,54,77,74,74,74,74,19],"gold":1,"neow_bonus":"RANDOM_COMMON_RELIC","is_prod":false,"is_daily":false,"chose_seed":false,"campfire_upgraded":3,"win_rate":0,"timestamp":1548820464,"path_taken":["M","?","?","$","?","E","R","?","T","R","?","E","M","M","R","BOSS","M","$","?","M","?","R","?","R","T","M","M","R","?","E","R","BOSS","M","?","?","M","?","R","E","R","T","R","M","M","?","$","R","BOSS"],"build_version":"2019-01-23","purchased_purges":2,"victory":true,"max_hp_per_floor":[80,80,80,80,80,80,80,80,80,80,80,80,80,80,80,80,80,80,80,80,80,80,80,80,80,80,80,80,80,80,80,80,80,80,80,80,80,80,80,80,80,80,80,80,80,80,80,80,80,80],"card_choices":[{"not_picked":["True Grit","Dropkick"],"picked":"Perfected Strike","floor":1.0},{"not_picked":["Warcry","Blood for Blood"],"picked":"Inflame","floor":6.0},{"not_picked":["Pommel Strike+1","Clash+1"],"picked":"Reaper+1","floor":12.0},{"not_picked":["Clash+1","Rampage+1","Seeing Red"],"picked":"SKIP","floor":13.0},{"not_picked":["Corruption","Reckless Charge+1","Metallicize"],"picked":"SKIP","floor":14.0},{"not_picked":["Dark Embrace","Brutality"],"picked":"Impervious","floor":16.0},{"not_picked":["Rupture","Heavy Blade+1"],"picked":"Clash+1","floor":18.0},{"not_picked":["True Grit","Shrug It Off+1","Sever Soul+1"],"picked":"SKIP","floor":21.0},{"not_picked":["Power Through","Body Slam+1"],"picked":"Intimidate","floor":27.0},{"not_picked":["Battle Trance","Inflame+1"],"picked":"Wild Strike+1","floor":28.0},{"not_picked":["Feel No Pain","Shockwave"],"picked":"Thunderclap+1","floor":30.0},{"not_picked":["Fiend Fire+1","Clothesline+1","Warcry"],"picked":"SKIP","floor":31.0},{"not_picked":["Berserk","Exhume"],"picked":"Double Tap","floor":33.0},{"not_picked":["Second Wind","Body Slam+1"],"picked":"Flex","floor":35.0},{"not_picked":["Body Slam+1","Headbutt+1"],"picked":"Shockwave+1","floor":37.0},{"not_picked":["Metallicize","Armaments+1","Clothesline+1"],"picked":"SKIP","floor":38.0},{"not_picked":["Havoc","Seeing Red"],"picked":"Bludgeon+1","floor":39.0},{"not_picked":["Feel No Pain+1","Anger+1"],"picked":"Cleave+1","floor":41.0},{"not_picked":["Flex","Heavy Blade+1"],"picked":"Metallicize+1","floor":45.0},{"not_picked":["Combust","Reckless Charge+1"],"picked":"Warcry+1","floor":46.0}],"player_experience":145782,"relics_obtained":[{"floor":6.0,"key":"Whetstone"},{"floor":9.0,"key":"Molten Egg 2"},{"floor":12.0,"key":"Self Forming Clay"},{"floor":22.0,"key":"Nilry\u0027s Codex"},{"floor":24.0,"key":"Mummified Hand"},{"floor":26.0,"key":"War Paint"},{"floor":31.0,"key":"Pen Nib"},{"floor":39.0,"key":"Girya"},{"floor":41.0,"key":"Happy Flower"},{"floor":43.0,"key":"Juzu Bracelet"}],"event_choices":[{"cards_removed":["Defend_R"],"damage_healed":0.0,"max_hp_gain":0.0,"max_hp_loss":0.0,"gold_gain":0.0,"event_name":"The Cleric","player_choice":"Card Removal","floor":2.0,"gold_loss":50.0,"damage_taken":0.0},{"cards_removed":["Defend_R"],"damage_healed":0.0,"max_hp_gain":0.0,"max_hp_loss":0.0,"gold_gain":0.0,"event_name":"Golden Wing","player_choice":"Card Removal","floor":3.0,"gold_loss":0.0,"damage_taken":7.0},{"damage_healed":0.0,"max_hp_gain":0.0,"max_hp_loss":0.0,"gold_gain":75.0,"event_name":"World of Goop","player_choice":"Gather Gold","floor":5.0,"gold_loss":0.0,"damage_taken":11.0},{"damage_healed":0.0,"max_hp_gain":0.0,"max_hp_loss":0.0,"gold_gain":0.0,"event_name":"Liars Game","player_choice":"Ignored","floor":8.0,"gold_loss":0.0,"damage_taken":0.0},{"damage_healed":0.0,"max_hp_gain":0.0,"max_hp_loss":0.0,"gold_gain":0.0,"event_name":"Nest","player_choice":"Joined the Cult","floor":20.0,"gold_loss":0.0,"damage_taken":6.0,"cards_obtained":["RitualDagger"]},{"damage_healed":0.0,"max_hp_gain":0.0,"max_hp_loss":0.0,"gold_gain":0.0,"event_name":"Cursed Tome","player_choice":"Obtained Book","floor":22.0,"gold_loss":0.0,"damage_taken":16.0},{"damage_healed":0.0,"max_hp_gain":0.0,"max_hp_loss":0.0,"gold_gain":0.0,"event_name":"Duplicator","player_choice":"Copied","floor":36.0,"gold_loss":0.0,"damage_taken":0.0,"cards_obtained":["Perfected Strike"]},{"damage_healed":0.0,"max_hp_gain":0.0,"max_hp_loss":0.0,"gold_gain":0.0,"event_name":"MindBloom","player_choice":"Fight","floor":39.0,"gold_loss":0.0,"damage_taken":0.0},{"cards_removed":["Strike_R"],"damage_healed":0.0,"max_hp_gain":0.0,"max_hp_loss":0.0,"gold_gain":0.0,"event_name":"Designer","player_choice":"Upgrade and Remove","floor":47.0,"gold_loss":90.0,"damage_taken":0.0,"cards_upgraded":["Flex"]}],"is_beta":false,"boss_relics":[{"not_picked":["Lizard Tail","Philosopher\u0027s Stone"],"picked":"Sozu"},{"not_picked":["Orrery","Black Star"],"picked":"Mark of Pain"}],"items_purged_floors":[11,48],"is_endless":false,"potions_floor_spawned":[13,14,18,27,28,33,39,41,45],"ascension_level":12}