{"gold_per_floor":[118,135,135,152,172,172,172,192,192,212,212,62,95,115,115,186,186,196,209,89,104,114,114,124,158,158,158,158,184,201,201,201,201],"floor_reached":33,"playtime":1301,"items_purged":[],"score":504,"play_id":"6ee7c409-21bb-40c5-bc10-ddf0ead387ce","local_time":"20181223011720","is_ascension_mode":true,"campfire_choices":[{"data":"Discovery","floor":7.0,"key":"SMITH"},{"data":"Accuracy","floor":11.0,"key":"SMITH"},{"floor":15,"key":"REST"},{"floor":23,"key":"REST"},{"floor":27,"key":"REST"},{"data":"A Thousand Cuts","floor":32,"key":"SMITH"}],"neow_cost":"NONE","seed_source_timestamp":131340447192437,"circlet_count":0,"master_deck":["AscendersBane","Defend_G","Defend_G","Defend_G","Defend_G","Defend_G","Strike_G","Strike_G","Strike_G","Strike_G","Strike_G","Survivor","Neutralize","Backflip","Crippling Poison","PiercingWail","Tactician","Venomology","Discovery+1","Storm of Steel","Accuracy+1","Infinite Blades","Cloak And Dagger","All Out Attack","Infinite Blades","Cloak And Dagger","Malaise","Cloak And Dagger+1","PiercingWail","Footwork","Dodge and Roll","Blade Dance","Heel Hook","Deflect","A Thousand Cuts+1"],"special_seed":0,"relics":["Ring of the Snake","Bronze Scales","Shuriken","Mercury Hourglass","Regal Pillow","Eternal Feather","Bottled Flame","Question Card","Vajra","Darkstone Periapt","Spirit Poop"],"potions_floor_usage":[13,13,13,16,16,16,19,19,21,24,25,25,29,33,33],"damage_taken":[{"damage":0.0,"enemies":"2 Louse","floor":1.0,"turns":3.0},{"damage":2.0,"enemies":"Small Slimes","floor":2.0,"turns":4.0},{"damage":0.0,"enemies":"Cultist","floor":4.0,"turns":4.0},{"damage":15.0,"enemies":"Lots of Slimes","floor":5.0,"turns":3.0},{"damage":0.0,"enemies":"Gremlin Gang","floor":8.0,"turns":3.0},{"damage":0.0,"enemies":"Large Slime","floor":10.0,"turns":6.0},{"damage":10,"enemies":"3 Sentries","floor":13,"turns":3},{"damage":13,"enemies":"3 Louse","floor":14,"turns":3},{"damage":15,"enemies":"Hexaghost","floor":16,"turns":8},{"damage":6,"enemies":"3 Byrds","floor":18,"turns":3},{"damage":28,"enemies":"Shell Parasite","floor":19,"turns":6},{"damage":20,"enemies":"Centurion and Healer","floor":21,"turns":7},{"damage":0,"enemies":"Chosen and Byrds","floor":22,"turns":4},{"damage":27,"enemies":"Cultist and Chosen","floor":24,"turns":6},{"damage":31,"enemies":"Slavers","floor":25,"turns":5},{"damage":6,"enemies":"Gremlin Leader","floor":29,"turns":5},{"damage":8,"enemies":"Centurion and Healer","floor":30,"turns":6},{"damage":78,"enemies":"Automaton","floor":33,"turns":6}],"seed_played":"8076228326779486695","potions_obtained":[{"floor":4.0,"key":"Weak Potion"},{"floor":5.0,"key":"Block Potion"},{"floor":8.0,"key":"SpeedPotion"},{"floor":10.0,"key":"PowerPotion"},{"floor":16,"key":"GhostInAJar"},{"floor":19,"key":"Explosive Potion"},{"floor":24,"key":"Fire Potion"},{"floor":25,"key":"SteroidPotion"}],"is_trial":false,"path_per_floor":["M","M","?","M","M","?","R","M","T","M","R","$","E","M","R","B",null,"M","M","$","M","M","R","M","E","T","R","?","E","M","?","R","B"],"character_chosen":"THE_SILENT","items_purchased":["Infinite Blades","Cloak And Dagger","All Out Attack","Footwork","Dodge and Roll"],"campfire_rested":3,"item_purchase_floors":[12,12,12,20,20],"current_hp_per_floor":[63,61,54,54,39,39,39,39,39,39,39,39,29,16,52,37,62,56,42,42,22,22,70,43,12,12,66,66,60,52,52,70,0],"gold":201,"neow_bonus":"RANDOM_COMMON_RELIC","is_prod":false,"is_daily":false,"chose_seed":false,"campfire_upgraded":3,"win_rate":0,"timestamp":1545524240,"path_taken":["M","M","?","M","M","?","R","?","T","M","R","?","E","M","R","BOSS","M","M","$","M","?","R","M","E","T","R","?","E","M","?","R","BOSS"],"build_version":"2018-12-20","purchased_purges":0,"victory":false,"max_hp_per_floor":[70,70,70,70,70,70,70,70,70,70,70,70,70,70,70,70,70,70,70,70,70,70,70,70,70,70,70,70,70,70,70,70,70],"card_choices":[{"not_picked":["Deadly Poison","Deflect"],"picked":"Backflip","floor":1.0},{"not_picked":["Quick Slash","Bane"],"picked":"Crippling Poison","floor":2.0},{"not_picked":["Bouncing Flask","Bane","Setup"],"picked":"SKIP","floor":4.0},{"not_picked":["Masterful Stab","Flying Knee"],"picked":"PiercingWail","floor":5.0},{"not_picked":["Flying Knee","Deadly Poison"],"picked":"Storm of Steel","floor":8.0},{"not_picked":["Deadly Poison","Dodge and Roll"],"picked":"Accuracy","floor":10.0},{"not_picked":["Bane","Predator"],"picked":"Infinite Blades","floor":13},{"not_picked":["Flechettes","Outmaneuver"],"picked":"Cloak And Dagger","floor":14},{"not_picked":["Night Terror","Unload"],"picked":"Malaise","floor":16},{"not_picked":["Blade Dance","Slice"],"picked":"Cloak And Dagger+1","floor":18},{"not_picked":["Sucker Punch+1","Deadly Poison"],"picked":"PiercingWail","floor":19},{"not_picked":["Dodge and Roll","Outmaneuver"],"picked":"Blade Dance","floor":21},{"not_picked":["PiercingWail","Outmaneuver","Sucker Punch+1"],"picked":"SKIP","floor":22},{"not_picked":["Heel Hook","Eviscerate","Flying Knee"],"picked":"SKIP","floor":24},{"not_picked":["Eviscerate","Flying Knee"],"picked":"Heel Hook","floor":24},{"not_picked":["Backstab","Distraction","Dagger Throw"],"picked":"SKIP","floor":25},{"not_picked":["Backflip","Dash","Deflect","Cloak And Dagger"],"picked":"SKIP","floor":29},{"not_picked":["Backflip","Dash","Cloak And Dagger"],"picked":"Deflect","floor":29},{"not_picked":["Deadly Poison","Acrobatics","Deflect"],"picked":"A Thousand Cuts","floor":30}],"player_experience":781564,"relics_obtained":[{"floor":9.0,"key":"Mercury Hourglass"},{"floor":13,"key":"Regal Pillow"},{"floor":25,"key":"Bottled Flame"},{"floor":26,"key":"Question Card"},{"floor":29,"key":"Darkstone Periapt"}],"event_choices":[{"damage_healed":0.0,"max_hp_gain":0.0,"max_hp_loss":0.0,"gold_gain":0.0,"event_name":"Scrap Ooze","player_choice":"Success","floor":3.0,"gold_loss":0.0,"damage_taken":7.0,"relics_obtained":["Shuriken"]},{"damage_healed":0.0,"max_hp_gain":0.0,"max_hp_loss":0.0,"gold_gain":0.0,"event_name":"Match and Keep!","player_choice":"3 cards matched","floor":6.0,"gold_loss":0.0,"damage_taken":0.0,"cards_obtained":["Tactician","Venomology","Discovery"]},{"damage_healed":0,"gold_gain":0,"player_choice":"Opened","damage_taken":0,"relics_obtained":["Vajra"],"max_hp_gain":0,"max_hp_loss":0,"event_name":"The Mausoleum","floor":28,"gold_loss":0,"cards_obtained":["Writhe"]},{"cards_removed":["Writhe"],"damage_healed":0,"gold_gain":0,"player_choice":"Offered Curse","damage_taken":0,"relics_obtained":["Spirit Poop"],"max_hp_gain":0,"max_hp_loss":0,"event_name":"Bonfire Elementals","floor":31,"gold_loss":0}],"is_beta":false,"boss_relics":[{"not_picked":["White Beast Statue","Lizard Tail"],"picked":"Eternal Feather"}],"items_purged_floors":[],"is_endless":false,"potions_floor_spawned":[4,5,8,10,16,19,24,25],"killed_by":"Automaton","ascension_level":13}