{"gold_per_floor":[111,111,111,111,111,141,159,188,215,247,53,66,77,89,89,184,184,200,299,299,299,311,338,338,338,338,366,382,402,402,132,132,236,236,256,156,166,41,41,60,60,79,79,106,28,28,62,72,72,72],"floor_reached":51,"playtime":4821,"items_purged":["Defend_B","Defend_B","Defend_B"],"score":1286,"play_id":"f6015bf0-15ec-47e1-b731-17af4347e4d9","local_time":"20190220154149","is_ascension_mode":true,"campfire_choices":[{"floor":15,"key":"REST"},{"floor":25,"key":"REST"},{"floor":30,"key":"REST"},{"floor":32,"key":"REST"},{"floor":46,"key":"REST"},{"floor":49,"key":"REST"}],"neow_cost":"NONE","seed_source_timestamp":414099765530364,"circlet_count":0,"master_deck":["AscendersBane","Strike_B+1","Defend_B+1","Zap","Dualcast","Go for the Eyes","Chill","FTL","Leap","Chill","Coolheaded","Echo Form","Go for the Eyes","Cold Snap","BootSequence","Sunder","Reboot","FTL","Defragment","Gash","Creative AI","Chill","Chill","Storm","Coolheaded","Reinforced Body"],"relics":["Cracked Core","NeowsBlessing","Omamori","DataDisk","Pen Nib","Oddly Smooth Stone","Orichalcum","Bronze Scales","Velvet Choker","Bottled Tornado","Ice Cream","PreservedInsect","Centennial Puzzle","Black Star","Potion Belt","Mango","Anchor","Dodecahedron","Thread and Needle"],"potions_floor_usage":[10,16,16,16,27],"damage_taken":[{"damage":0,"enemies":"2 Louse","floor":1,"turns":1},{"damage":0,"enemies":"Lagavulin","floor":6,"turns":1},{"damage":0,"enemies":"Small Slimes","floor":7,"turns":1},{"damage":16,"enemies":"3 Sentries","floor":8,"turns":9},{"damage":8,"enemies":"Lagavulin","floor":10,"turns":8},{"damage":2,"enemies":"Jaw Worm","floor":12,"turns":3},{"damage":1,"enemies":"Exordium Wildlife","floor":13,"turns":5},{"damage":0,"enemies":"2 Fungi Beasts","floor":14,"turns":3},{"damage":18,"enemies":"Slime Boss","floor":16,"turns":8},{"damage":4,"enemies":"Chosen","floor":18,"turns":4},{"damage":5,"enemies":"Colosseum Slavers","floor":20,"turns":5},{"damage":9,"enemies":"Shell Parasite","floor":22,"turns":4},{"damage":18,"enemies":"Gremlin Leader","floor":23,"turns":7},{"damage":22,"enemies":"Slavers","floor":27,"turns":6},{"damage":4,"enemies":"3 Cultists","floor":28,"turns":6},{"damage":3,"enemies":"Snake Plant","floor":29,"turns":5},{"damage":0,"enemies":"Collector","floor":33,"turns":13},{"damage":0,"enemies":"Orb Walker","floor":35,"turns":4},{"damage":0,"enemies":"3 Shapes","floor":37,"turns":5},{"damage":1,"enemies":"Writhing Mass","floor":40,"turns":7},{"damage":1,"enemies":"3 Darklings","floor":42,"turns":6},{"damage":32,"enemies":"Reptomancer","floor":44,"turns":8},{"damage":35,"enemies":"Giant Head","floor":47,"turns":8},{"damage":0,"enemies":"4 Shapes","floor":48,"turns":5},{"damage":7,"enemies":"Awakened One","floor":50,"turns":21}],"seed_played":"-2166887343748110418","potions_obtained":[{"floor":8,"key":"Weak Potion"},{"floor":10,"key":"Weak Potion"},{"floor":13,"key":"EntropicBrew"},{"floor":16,"key":"FairyPotion"},{"floor":23,"key":"LiquidBronze"},{"floor":33,"key":"Energy Potion"},{"floor":35,"key":"Block Potion"},{"floor":48,"key":"SpeedPotion"}],"is_trial":false,"path_per_floor":["M","?","?","?","?","E","M","E","T","E","$","M","M","M","R","B",null,"M","?","?","?","M","E","?","R","T","E","M","M","R","$","R","B",null,"M","$","M","$","?","M","$","M","T","E","$","R","E","M","R","B",null],"character_chosen":"DEFECT","items_purchased":["Echo Form","Go for the Eyes","Centennial Puzzle","Chill","Reinforced Body"],"campfire_rested":6,"item_purchase_floors":[11,11,31,31,45],"current_hp_per_floor":[68,68,68,53,46,46,46,30,30,22,22,20,19,19,41,23,62,58,58,53,53,44,26,26,48,48,26,22,19,41,41,63,63,72,72,72,72,72,72,71,71,70,70,52,52,78,43,43,69,62],"gold":72,"neow_bonus":"THREE_ENEMY_KILL","is_prod":false,"is_daily":false,"chose_seed":false,"campfire_upgraded":0,"win_rate":0,"timestamp":1550655709,"path_taken":["M","?","?","?","?","E","M","E","T","E","$","M","?","M","R","BOSS","M","?","?","?","M","E","?","R","T","E","M","M","R","$","R","BOSS","M","$","M","$","?","M","?","?","T","E","$","R","E","M","R","BOSS"],"build_version":"2019-01-23","purchased_purges":3,"victory":true,"max_hp_per_floor":[75,75,75,75,75,75,75,75,75,75,75,75,75,75,75,75,75,75,75,75,75,75,75,75,75,75,75,75,75,75,75,75,75,75,75,75,75,75,75,75,75,75,75,89,89,89,89,89,89,89],"card_choices":[{"not_picked":["Compile Driver","Heatsinks"],"picked":"Go for the Eyes","floor":1},{"not_picked":["Reprogram","White Noise"],"picked":"FTL","floor":6},{"not_picked":["Capacitor","Hologram"],"picked":"Leap","floor":7},{"not_picked":["Darkness","Aggregate"],"picked":"Chill","floor":8},{"not_picked":["Stack","Storm"],"picked":"Coolheaded","floor":10},{"not_picked":["Recycle","Hologram"],"picked":"Cold Snap","floor":12},{"not_picked":["Beam Cell","Rip and Tear"],"picked":"BootSequence","floor":13},{"not_picked":["Sweeping Beam","Heatsinks"],"picked":"Sunder","floor":14},{"not_picked":["Biased Cognition","Electrodynamics"],"picked":"Reboot","floor":16},{"not_picked":["Gash","Redo"],"picked":"FTL","floor":18},{"not_picked":["Beam Cell","Barrage"],"picked":"Defragment","floor":22},{"not_picked":["Scrape","Hologram","Hyperbeam"],"picked":"SKIP","floor":23},{"not_picked":["White Noise","Go for the Eyes"],"picked":"Creative AI","floor":27},{"not_picked":["Heatsinks","Leap","Lockon"],"picked":"SKIP","floor":28},{"not_picked":["Steam Power","BootSequence"],"picked":"Chill","floor":29},{"not_picked":["Gash+1","Redo+1","Ball Lightning"],"picked":"SKIP","floor":35},{"not_picked":["Ball Lightning+1","Self Repair","Streamline"],"picked":"SKIP","floor":37},{"not_picked":["Go for the Eyes","Steam Power+1"],"picked":"Coolheaded","floor":40},{"not_picked":["Hello World","Barrage","Sweeping Beam"],"picked":"SKIP","floor":42},{"not_picked":["Chaos+1","Steam Power","Stack"],"picked":"SKIP","floor":44},{"not_picked":["Buffer","Genetic Algorithm","Stack"],"picked":"SKIP","floor":47},{"not_picked":["Ball Lightning","Beam Cell","Coolheaded"],"picked":"SKIP","floor":48}],"player_experience":839432,"relics_obtained":[{"floor":6,"key":"Pen Nib"},{"floor":8,"key":"Oddly Smooth Stone"},{"floor":9,"key":"Orichalcum"},{"floor":10,"key":"Bronze Scales"},{"floor":23,"key":"Bottled Tornado"},{"floor":26,"key":"Ice Cream"},{"floor":27,"key":"PreservedInsect"},{"floor":43,"key":"Potion Belt"},{"floor":44,"key":"Mango"},{"floor":44,"key":"Anchor"},{"floor":47,"key":"Dodecahedron"},{"floor":47,"key":"Thread and Needle"}],"event_choices":[{"damage_healed":0,"gold_gain":0,"cards_transformed":["Strike_B"],"player_choice":"Change","damage_taken":0,"max_hp_gain":0,"max_hp_loss":0,"event_name":"Living Wall","floor":2,"gold_loss":0,"cards_obtained":["Chill"]},{"damage_healed":0,"gold_gain":0,"player_choice":"Box","damage_taken":0,"relics_obtained":["Omamori"],"max_hp_gain":0,"max_hp_loss":0,"event_name":"Big Fish","floor":3,"gold_loss":0,"cards_obtained":["Regret"]},{"damage_healed":0,"gold_gain":0,"player_choice":"Entered Light","damage_taken":15,"max_hp_gain":0,"max_hp_loss":0,"event_name":"Shining Light","floor":4,"gold_loss":0,"cards_upgraded":["Strike_B","Defend_B"]},{"damage_healed":0,"gold_gain":0,"player_choice":"Success","damage_taken":7,"relics_obtained":["DataDisk"],"max_hp_gain":0,"max_hp_loss":0,"event_name":"Scrap Ooze","floor":5,"gold_loss":0},{"damage_healed":0,"gold_gain":99,"player_choice":"Stole From Cult","damage_taken":0,"max_hp_gain":0,"max_hp_loss":0,"event_name":"Nest","floor":19,"gold_loss":0},{"damage_healed":0,"gold_gain":0,"player_choice":"Fight","damage_taken":0,"max_hp_gain":0,"max_hp_loss":0,"event_name":"Colosseum","floor":20,"gold_loss":0},{"damage_healed":0,"gold_gain":0,"player_choice":"Fled From Nobs","damage_taken":0,"max_hp_gain":0,"max_hp_loss":0,"event_name":"Colosseum","floor":20,"gold_loss":0},{"cards_removed":["Regret"],"damage_healed":0,"gold_gain":0,"player_choice":"Elegance","damage_taken":0,"max_hp_gain":0,"max_hp_loss":0,"event_name":"Back to Basics","floor":21,"gold_loss":0},{"damage_healed":0,"gold_gain":0,"cards_transformed":["Strike_B","Strike_B"],"player_choice":"Became Test Subject","damage_taken":0,"max_hp_gain":0,"max_hp_loss":0,"event_name":"Drug Dealer","floor":24,"gold_loss":0,"cards_obtained":["Heatsinks","Gash"]},{"damage_healed":0,"gold_gain":0,"cards_transformed":["Heatsinks"],"player_choice":"Transformed","damage_taken":0,"max_hp_gain":0,"max_hp_loss":0,"event_name":"Transmorgrifier","floor":39,"gold_loss":0,"cards_obtained":["Storm"]}],"is_beta":false,"boss_relics":[{"not_picked":["Eternal Feather","Tiny House"],"picked":"Velvet Choker"},{"not_picked":["Fusion Hammer","Snecko Eye"],"picked":"Black Star"}],"items_purged_floors":[31,36,38],"is_endless":false,"potions_floor_spawned":[8,10,13,16,20,23,33,35,37,40,48],"ascension_level":12}