{"gold_per_floor":[11,11,26,26,36,36,50,62,87,107,107,107,140,240,240,314,314,334,534,534,534],"floor_reached":21,"playtime":1757,"items_purged":[],"score":304,"play_id":"11e322c1-fd6a-4ca3-8013-c5b195054659","local_time":"20181015121903","is_ascension_mode":true,"campfire_choices":[{"data":"Immolate","floor":6,"key":"SMITH"},{"data":"True Grit","floor":12,"key":"SMITH"},{"data":"Bash","floor":15,"key":"SMITH"}],"neow_cost":"NO_GOLD","seed_source_timestamp":432047786530925,"circlet_count":0,"master_deck":["Strike_R","Strike_R","Strike_R","Strike_R","Strike_R","Defend_R+1","Defend_R","Defend_R","Defend_R","Bash+1","AscendersBane","Immolate+1","Shrug It Off","Wild Strike","Seeing Red+1","True Grit+1","Wild Strike","Double Tap","Shockwave"],"relics":["Burning Blood","Orichalcum","War Paint","Calling Bell","Boot","Dodecahedron","Magic Flower"],"potions_floor_usage":[7,16,16],"damage_taken":[{"damage":1,"enemies":"Cultist","floor":1,"turns":3},{"damage":12,"enemies":"Small Slimes","floor":3,"turns":3},{"damage":2,"enemies":"Jaw Worm","floor":5,"turns":3},{"damage":0,"enemies":"Exordium Wildlife","floor":7,"turns":1},{"damage":8,"enemies":"Blue Slaver","floor":8,"turns":2},{"damage":3,"enemies":"Looter","floor":10,"turns":2},{"damage":18,"enemies":"Lagavulin","floor":13,"turns":7},{"damage":47,"enemies":"Slime Boss","floor":16,"turns":11},{"damage":37,"enemies":"Spheric Guardian","floor":18,"turns":6},{"damage":39,"enemies":"3 Byrds","floor":21,"turns":5}],"seed_played":"6078491034363605603","potions_obtained":[{"floor":3,"key":"Explosive Potion"},{"floor":5,"key":"Swift Potion"},{"floor":10,"key":"Block Potion"}],"is_trial":false,"path_per_floor":["M","?","M","$","M","R","M","M","T","M","?","R","E","?","R","B",null,"M","?","?"],"character_chosen":"IRONCLAD","items_purchased":[],"campfire_rested":0,"item_purchase_floors":[],"current_hp_per_floor":[73,73,67,67,71,71,75,73,73,75,80,80,68,68,68,27,67,39,39,39,0],"gold":534,"neow_bonus":"THREE_RARE_CARDS","is_prod":false,"is_daily":false,"chose_seed":false,"campfire_upgraded":3,"win_rate":0,"timestamp":1539598743,"path_taken":["M","?","M","$","M","R","M","M","T","?","?","R","E","?","R","BOSS","M","?","?","?"],"build_version":"2018-10-11","purchased_purges":0,"victory":false,"max_hp_per_floor":[75,75,75,75,75,75,75,75,75,75,80,80,80,80,80,80,80,80,80,80,80],"card_choices":[{"not_picked":["Brutality","Dark Embrace"],"picked":"Immolate","floor":0},{"not_picked":["Thunderclap","Headbutt"],"picked":"Shrug It Off","floor":1},{"not_picked":["Infernal Blade","Warcry"],"picked":"Wild Strike","floor":3},{"not_picked":["Clothesline","Perfected Strike","Heavy Blade"],"picked":"SKIP","floor":5},{"not_picked":["Spot Weakness","Twin Strike"],"picked":"Seeing Red","floor":7},{"not_picked":["Body Slam","Heavy Blade"],"picked":"True Grit","floor":8},{"not_picked":["Flex","Iron Wave","Clash"],"picked":"SKIP","floor":10},{"not_picked":["Perfected Strike","Rage"],"picked":"Wild Strike","floor":13},{"not_picked":["Exhume","Berserk"],"picked":"Double Tap","floor":16},{"not_picked":["Cleave","Warcry"],"picked":"Shockwave","floor":18}],"player_experience":518416,"relics_obtained":[{"floor":9,"key":"Orichalcum"},{"floor":13,"key":"War Paint"},{"floor":17,"key":"Boot"},{"floor":17,"key":"Dodecahedron"},{"floor":17,"key":"Magic Flower"}],"event_choices":[{"event_name":"The Cleric","player_choice":"Leave","floor":2,"damage_taken":0},{"event_name":"Big Fish","player_choice":"Donut","floor":11,"damage_taken":0},{"event_name":"Wheel of Change","player_choice":"Gold","floor":14,"damage_taken":0},{"event_name":"The Joust","player_choice":"Bet on Owner","floor":19,"damage_taken":0},{"event_name":"Fountain of Cleansing","player_choice":"Removed Curse","floor":20,"damage_taken":0}],"is_beta":false,"boss_relics":[{"not_picked":["Runic Dome","Snecko Eye"],"picked":"Calling Bell"}],"items_purged_floors":[],"is_endless":false,"potions_floor_spawned":[3,5,10,13],"killed_by":"3 Byrds","ascension_level":14}