{"gold_per_floor":[118,130,145,220,232,232,261,261,261,261,292,292,292,325,325,423,423,447,472,472,495,508,508,529,544,544,584,584,600,600,618,618,711,711,725,205,221,221,11,11,27,27,80,80,116,116,116,140,140,140],"floor_reached":51,"playtime":3010,"items_purged":["Strike_R"],"score":1226,"play_id":"80d5a3c5-ea79-4ec6-85f2-5dfb560881b4","local_time":"20190131144926","is_ascension_mode":true,"campfire_choices":[{"data":"Bash","floor":6.0,"key":"SMITH"},{"floor":8.0,"key":"REST"},{"floor":12.0,"key":"REST"},{"floor":15.0,"key":"REST"},{"data":"Flex","floor":23.0,"key":"SMITH"},{"floor":28.0,"key":"REST"},{"data":"Whirlwind","floor":30.0,"key":"SMITH"},{"data":"Exhume","floor":32.0,"key":"SMITH"},{"data":"Pummel","floor":40.0,"key":"SMITH"},{"data":"Demon Form","floor":42.0,"key":"SMITH"},{"floor":44.0,"key":"REST"},{"data":"Defend_R","floor":46.0,"key":"SMITH"},{"floor":49.0,"key":"REST"}],"neow_cost":"NONE","seed_source_timestamp":86671148766159,"circlet_count":0,"master_deck":["AscendersBane","Strike_R","Strike_R","Strike_R","Defend_R+1","Defend_R+1","Defend_R+1","Bash+1","Exhume+1","Dropkick","Flex+1","Pummel+1","Whirlwind+1","Thunderclap","Injury","Battle Trance+1","Dropkick","Offering+1","Headbutt+1","Seeing Red+1","Flex+1","Offering+1","Battle Trance+1","Flex+1","Double Tap+1","Shockwave+1","Demon Form+1","Warcry+1","Spot Weakness+1"],"special_seed":0,"relics":["Burning Blood","Toxic Egg 2","Bottled Lightning","Golden Idol","Blood Vial","Bag of Preparation","White Beast Statue","Shuriken","War Paint","Black Star","Strawberry","Singing Bowl","TheAbacus","Anchor","Oddly Smooth Stone","Lantern"],"potions_floor_usage":[50,50],"damage_taken":[{"damage":6.0,"enemies":"Cultist","floor":1.0,"turns":3.0},{"damage":7.0,"enemies":"Jaw Worm","floor":2.0,"turns":3.0},{"damage":8.0,"enemies":"2 Louse","floor":3.0,"turns":3.0},{"damage":22.0,"enemies":"Large Slime","floor":5.0,"turns":6.0},{"damage":20.0,"enemies":"Lagavulin","floor":7.0,"turns":5.0},{"damage":30.0,"enemies":"3 Sentries","floor":11.0,"turns":5.0},{"damage":16.0,"enemies":"Gremlin Nob","floor":14.0,"turns":3.0},{"damage":52.0,"enemies":"Hexaghost","floor":16.0,"turns":8.0},{"damage":13.0,"enemies":"Chosen","floor":18.0,"turns":3.0},{"damage":12.0,"enemies":"2 Thieves","floor":19.0,"turns":2.0},{"damage":12.0,"enemies":"Centurion and Healer","floor":21.0,"turns":6.0},{"damage":27.0,"enemies":"Sentry and Sphere","floor":22.0,"turns":4.0},{"damage":6.0,"enemies":"Snake Plant","floor":24.0,"turns":1.0},{"damage":8.0,"enemies":"Cultist and Chosen","floor":25.0,"turns":2.0},{"damage":14.0,"enemies":"Slavers","floor":27.0,"turns":3.0},{"damage":0.0,"enemies":"Sentry and Sphere","floor":29.0,"turns":3.0},{"damage":6.0,"enemies":"Snecko","floor":31.0,"turns":2.0},{"damage":32.0,"enemies":"Champ","floor":33.0,"turns":5.0},{"damage":0.0,"enemies":"3 Darklings","floor":35.0,"turns":1.0},{"damage":38.0,"enemies":"3 Shapes","floor":37.0,"turns":2.0},{"damage":0.0,"enemies":"Jaw Worm Horde","floor":41.0,"turns":1.0},{"damage":24.0,"enemies":"Nemesis","floor":45.0,"turns":3.0},{"damage":12.0,"enemies":"Spire Growth","floor":48.0,"turns":1.0},{"damage":72,"enemies":"Awakened One","floor":50,"turns":6}],"seed_played":"1386679312308791118","potions_obtained":[{"floor":3.0,"key":"Swift Potion"},{"floor":5.0,"key":"Weak Potion"},{"floor":7.0,"key":"Energy Potion"},{"floor":14.0,"key":"Strength Potion"},{"floor":18.0,"key":"Explosive Potion"},{"floor":19.0,"key":"Explosive Potion"},{"floor":21.0,"key":"Regen Potion"},{"floor":22.0,"key":"FearPotion"},{"floor":24.0,"key":"AttackPotion"},{"floor":25.0,"key":"Block Potion"},{"floor":27.0,"key":"EssenceOfSteel"},{"floor":29.0,"key":"EntropicBrew"},{"floor":31.0,"key":"LiquidBronze"},{"floor":33.0,"key":"Dexterity Potion"},{"floor":35.0,"key":"LiquidBronze"},{"floor":37.0,"key":"LiquidBronze"}],"is_trial":false,"path_per_floor":["M","?","?","?","?","?","?"],"character_chosen":"IRONCLAD","items_purchased":["Strawberry","Singing Bowl","TheAbacus"],"campfire_rested":6,"item_purchase_floors":[36,36,39],"current_hp_per_floor":[68,67,65,54,38,38,24,46,46,46,22,44,37,29,51,7,58,53,49,49,45,38,38,40,40,40,34,56,64,64,66,66,42,67,75,82,50,50,50,50,60,60,60,84,68,68,68,66,84,18],"gold":140,"neow_bonus":"ONE_RANDOM_RARE_CARD","is_prod":false,"is_daily":false,"chose_seed":false,"campfire_upgraded":7,"win_rate":0,"timestamp":1548917366,"path_taken":["M","?","M","?","M","R","E","R","T","?","E","R","?","E","R","BOSS","M","M","?","M","M","R","M","M","T","E","R","M","R","M","R","BOSS","M","$","M","?","$","R","M","R","T","R","E","R","?","M","R","BOSS"],"build_version":"2019-01-23","purchased_purges":1,"victory":true,"max_hp_per_floor":[75,75,75,75,75,75,75,75,75,75,75,75,75,75,75,75,75,75,75,75,75,75,75,75,75,75,75,75,75,75,75,75,75,75,75,82,82,82,82,82,84,84,84,84,86,86,82,84,84,84],"card_choices":[{"not_picked":["Havoc","Pommel Strike"],"picked":"Dropkick","floor":1.0},{"not_picked":["Pommel Strike","True Grit"],"picked":"Flex","floor":2.0},{"not_picked":["Thunderclap","Dropkick"],"picked":"Pummel","floor":3.0},{"not_picked":["Rampage","Warcry"],"picked":"Whirlwind","floor":5.0},{"not_picked":["Havoc","Twin Strike"],"picked":"Thunderclap","floor":7.0},{"not_picked":["Dark Embrace","Headbutt"],"picked":"Battle Trance+1","floor":11.0},{"not_picked":["Heavy Blade","Hemokinesis"],"picked":"Dropkick","floor":14.0},{"not_picked":["Barricade","Impervious+1"],"picked":"Offering+1","floor":16.0},{"not_picked":["Shrug It Off+1","Twin Strike"],"picked":"Headbutt+1","floor":18.0},{"not_picked":["Rupture","Shockwave+1"],"picked":"Seeing Red+1","floor":19.0},{"not_picked":["Havoc+1","Wild Strike"],"picked":"Flex+1","floor":21.0},{"not_picked":["Sword Boomerang","Iron Wave"],"picked":"Offering+1","floor":22.0},{"not_picked":["Perfected Strike+1","Whirlwind+1"],"picked":"Battle Trance+1","floor":24.0},{"not_picked":["Combust","Pommel Strike"],"picked":"Flex+1","floor":25.0},{"not_picked":["Ghostly Armor+1","Reckless Charge"],"picked":"Double Tap+1","floor":27.0},{"not_picked":["Body Slam","Havoc+1"],"picked":"Shockwave+1","floor":29.0},{"not_picked":["Sentinel+1","Fire Breathing+1","Cleave"],"picked":"SKIP","floor":31.0},{"not_picked":["Immolate","Barricade"],"picked":"Demon Form","floor":33.0},{"not_picked":["Body Slam","Heavy Blade"],"picked":"Warcry+1","floor":35.0},{"not_picked":["Intimidate+1","Shrug It Off+1"],"picked":"Spot Weakness+1","floor":37.0},{"not_picked":["Whirlwind","Flame Barrier+1","Pummel"],"picked":"Singing Bowl","floor":41.0},{"not_picked":["Shockwave+1","Carnage","Corruption+1"],"picked":"Singing Bowl","floor":45.0},{"not_picked":["Disarm+1","Shrug It Off+1","Bludgeon"],"picked":"Singing Bowl","floor":48.0}],"player_experience":181759,"relics_obtained":[{"floor":7.0,"key":"Toxic Egg 2"},{"floor":9.0,"key":"Bottled Lightning"},{"floor":11.0,"key":"Blood Vial"},{"floor":14.0,"key":"Bag of Preparation"},{"floor":26.0,"key":"Shuriken"},{"floor":27.0,"key":"War Paint"},{"floor":43.0,"key":"Anchor"},{"floor":45.0,"key":"Oddly Smooth Stone"},{"floor":45.0,"key":"Lantern"}],"event_choices":[{"damage_healed":0.0,"max_hp_gain":0.0,"max_hp_loss":0.0,"gold_gain":75.0,"event_name":"World of Goop","player_choice":"Gather Gold","floor":4.0,"gold_loss":0.0,"damage_taken":11.0},{"damage_healed":0.0,"max_hp_gain":0.0,"max_hp_loss":0.0,"gold_gain":0.0,"event_name":"Golden Idol","player_choice":"Take Wound","floor":10.0,"gold_loss":0.0,"damage_taken":0.0,"relics_obtained":["Golden Idol"],"cards_obtained":["Injury"]},{"cards_removed":["Strike_R"],"damage_healed":0.0,"max_hp_gain":0.0,"max_hp_loss":0.0,"gold_gain":0.0,"event_name":"Golden Wing","player_choice":"Card Removal","floor":13.0,"gold_loss":0.0,"damage_taken":7.0},{"damage_healed":0.0,"max_hp_gain":0.0,"max_hp_loss":0.0,"gold_gain":0.0,"event_name":"Ghosts","player_choice":"Ignored","floor":20.0,"gold_loss":0.0,"damage_taken":0.0},{"cards_removed":["Defend_R"],"damage_healed":0.0,"max_hp_gain":0.0,"max_hp_loss":0.0,"gold_gain":0.0,"event_name":"Falling","player_choice":"Removed Skill","floor":38.0,"gold_loss":0.0,"damage_taken":0.0},{"damage_healed":0.0,"max_hp_gain":0.0,"max_hp_loss":4.0,"gold_gain":0.0,"event_name":"Winding Halls","player_choice":"Max HP","floor":47.0,"gold_loss":0.0,"damage_taken":0.0}],"is_beta":false,"boss_relics":[{"not_picked":["Runic Dome","Fusion Hammer"],"picked":"White Beast Statue"},{"not_picked":["Velvet Choker","Tiny House"],"picked":"Black Star"}],"items_purged_floors":[36],"is_endless":false,"potions_floor_spawned":[3,5,7,14,18,19,21,22,24,25,27,29,31,33,35,37,41,45,48],"ascension_level":16}