{"gold_per_floor":[12,30,47,62,62,62,96,96,148,159,171,171,187,197,197,296,296,314,13,32,42,61,61,92,92,92,103,103,103,132,29,29,126,126,139,151,151,58,75,75,92,53,53,16,16,0,19,39,39,39],"floor_reached":50,"playtime":3260,"items_purged":["Strike_G"],"score":684,"play_id":"93fbc724-d37d-4dce-abe8-b0a01f9c4db4","local_time":"20190220174156","is_ascension_mode":true,"campfire_choices":[{"data":"PiercingWail","floor":6,"key":"SMITH"},{"floor":8,"key":"REST"},{"data":"Terror","floor":12,"key":"SMITH"},{"data":"Caltrops","floor":15,"key":"SMITH"},{"floor":23,"key":"REST"},{"data":"Footwork","floor":25,"key":"SMITH"},{"floor":32,"key":"REST"},{"data":"Envenom","floor":40,"key":"SMITH"},{"floor":45,"key":"REST"},{"floor":49,"key":"REST"}],"neow_cost":"NO_GOLD","seed_source_timestamp":356045258442456,"circlet_count":0,"master_deck":["Defend_G","Defend_G","Defend_G","Defend_G","Strike_G","Strike_G","Strike_G","Survivor","Neutralize+1","Dagger Throw","Infinite Blades","PiercingWail+1","Blade Dance","Terror+1","Poisoned Stab","Cloak And Dagger","Dodge and Roll","Caltrops+1","Die Die Die","Sucker Punch","Footwork+1","Prepared","Poisoned Stab","Escape Plan","Cloak And Dagger+1","Heel Hook","Necronomicurse","Deflect","Dash+1","Flying Knee+1","Envenom+1","Cloak And Dagger+1","Dodge and Roll+1","Flash of Steel+1","Infinite Blades+1","Blade Dance+1","Accuracy","Leg Sweep","Quick Slash+1","Quick Slash+1"],"relics":["Ring of the Snake","Mercury Hourglass","Boot","Sozu","Bronze Scales","Happy Flower","Mango","Necronomicon","Molten Egg 2","WristBlade","Dodecahedron","Red Mask"],"potions_floor_usage":[21,50,50],"damage_taken":[{"damage":0,"enemies":"Cultist","floor":1,"turns":4},{"damage":0,"enemies":"2 Louse","floor":2,"turns":3},{"damage":1,"enemies":"Small Slimes","floor":3,"turns":4},{"damage":5,"enemies":"3 Louse","floor":4,"turns":4},{"damage":29,"enemies":"3 Sentries","floor":7,"turns":10},{"damage":0,"enemies":"Blue Slaver","floor":10,"turns":3},{"damage":0,"enemies":"Large Slime","floor":11,"turns":4},{"damage":0,"enemies":"Red Slaver","floor":13,"turns":2},{"damage":0,"enemies":"Gremlin Gang","floor":14,"turns":3},{"damage":8,"enemies":"Hexaghost","floor":16,"turns":8},{"damage":10,"enemies":"3 Byrds","floor":18,"turns":3},{"damage":8,"enemies":"2 Thieves","floor":20,"turns":3},{"damage":0,"enemies":"Snecko","floor":21,"turns":4},{"damage":0,"enemies":"Snake Plant","floor":22,"turns":4},{"damage":25,"enemies":"Book of Stabbing","floor":24,"turns":4},{"damage":9,"enemies":"Centurion and Healer","floor":27,"turns":5},{"damage":26,"enemies":"Slavers","floor":30,"turns":4},{"damage":38,"enemies":"Collector","floor":33,"turns":8},{"damage":1,"enemies":"Orb Walker","floor":35,"turns":3},{"damage":4,"enemies":"3 Darklings","floor":36,"turns":6},{"damage":21,"enemies":"Jaw Worm Horde","floor":39,"turns":4},{"damage":5,"enemies":"4 Shapes","floor":41,"turns":3},{"damage":5,"enemies":"Maw","floor":47,"turns":6},{"damage":0,"enemies":"Sphere and 2 Shapes","floor":48,"turns":4},{"damage":100,"enemies":"Time Eater","floor":50,"turns":10}],"seed_played":"-4222942712632077811","potions_obtained":[{"floor":4,"key":"FearPotion"},{"floor":7,"key":"GamblersBrew"},{"floor":10,"key":"Weak Potion"},{"floor":11,"key":"Energy Potion"},{"floor":13,"key":"Regen Potion"}],"is_trial":false,"path_per_floor":["M","M","M","M","?","R","E","R","T","M","M","R","M","M","R","B",null,"M","$","M","M","M","R","E","R","T","M","?","?","E","$","R","B",null,"M","M","?","$","M","R","M","$","T","$","R","?","M","M","R","B"],"character_chosen":"THE_SILENT","items_purchased":["Footwork","Bronze Scales","Dash+1","Flying Knee+1","Flash of Steel+1","Accuracy","Leg Sweep"],"campfire_rested":5,"item_purchase_floors":[19,19,31,31,38,42,44],"current_hp_per_floor":[63,63,62,57,57,57,28,49,49,49,49,49,49,49,49,41,63,53,53,45,45,45,66,41,41,55,46,74,58,32,32,57,19,68,67,63,63,63,42,42,37,37,37,37,62,62,57,57,82,0],"gold":39,"neow_bonus":"REMOVE_TWO","is_prod":false,"is_daily":false,"chose_seed":false,"campfire_upgraded":5,"win_rate":0,"timestamp":1550680916,"path_taken":["M","M","?","M","?","R","E","R","T","M","M","R","M","?","R","BOSS","M","$","M","M","M","R","E","R","T","?","?","?","E","?","R","BOSS","M","M","?","$","?","R","?","?","T","$","R","?","M","M","R","BOSS"],"build_version":"2019-01-23","purchased_purges":1,"victory":false,"max_hp_per_floor":[70,70,70,70,70,70,70,70,70,70,70,70,70,70,70,70,70,70,70,70,70,70,70,70,70,84,84,84,84,84,84,84,84,84,84,84,84,84,84,84,84,84,84,84,84,84,84,84,84,84],"card_choices":[{"not_picked":["Dagger Spray","Setup"],"picked":"Dagger Throw","floor":1},{"not_picked":["Heel Hook","Crippling Poison"],"picked":"Infinite Blades","floor":2},{"not_picked":["Dodge and Roll","Dagger Throw"],"picked":"PiercingWail","floor":3},{"not_picked":["Deflect","Flying Knee"],"picked":"Blade Dance","floor":4},{"not_picked":["Predator","PiercingWail"],"picked":"Terror","floor":7},{"not_picked":["Outmaneuver","Slice"],"picked":"Poisoned Stab","floor":10},{"not_picked":["Blade Dance","Bullet Time"],"picked":"Cloak And Dagger","floor":11},{"not_picked":["Quick Slash","Endless Agony"],"picked":"Dodge and Roll","floor":13},{"not_picked":["Reflex","Flying Knee"],"picked":"Caltrops","floor":14},{"not_picked":["Phantasmal Killer","Grand Finale"],"picked":"Die Die Die","floor":16},{"not_picked":["Backstab","Bane"],"picked":"Sucker Punch","floor":18},{"not_picked":["Slice","Dagger Spray+1"],"picked":"Prepared","floor":20},{"not_picked":["Quick Slash","Deflect"],"picked":"Poisoned Stab","floor":21},{"not_picked":["Terror","Flechettes"],"picked":"Escape Plan","floor":22},{"not_picked":["Bane+1","All Out Attack+1"],"picked":"Cloak And Dagger+1","floor":24},{"not_picked":["Expertise","Sucker Punch"],"picked":"Heel Hook","floor":27},{"not_picked":["Outmaneuver","Finisher+1"],"picked":"Deflect","floor":30},{"not_picked":["Glass Knife+1","Grand Finale+1"],"picked":"Envenom","floor":33},{"not_picked":["Prepared+1","Blade Dance+1"],"picked":"Cloak And Dagger+1","floor":35},{"not_picked":["All Out Attack+1","Flying Knee+1"],"picked":"Dodge and Roll+1","floor":36},{"not_picked":["Masterful Stab+1","Grand Finale+1"],"picked":"Infinite Blades+1","floor":39},{"not_picked":["Riddle With Holes+1","Reflex"],"picked":"Blade Dance+1","floor":41},{"not_picked":["Concentrate+1","Expertise"],"picked":"Quick Slash+1","floor":47},{"not_picked":["Masterful Stab+1","PiercingWail"],"picked":"Quick Slash+1","floor":48}],"player_experience":432352,"relics_obtained":[{"floor":7,"key":"Mercury Hourglass"},{"floor":9,"key":"Boot"},{"floor":24,"key":"Happy Flower"},{"floor":26,"key":"Mango"},{"floor":29,"key":"Necronomicon"},{"floor":30,"key":"Molten Egg 2"},{"floor":43,"key":"Dodecahedron"}],"event_choices":[{"damage_healed":0,"gold_gain":0,"player_choice":"Forge","damage_taken":0,"max_hp_gain":0,"max_hp_loss":0,"event_name":"Accursed Blacksmith","floor":5,"gold_loss":0,"cards_upgraded":["Neutralize"]},{"damage_healed":28,"gold_gain":0,"player_choice":"Heal","damage_taken":0,"max_hp_gain":0,"max_hp_loss":0,"event_name":"The Library","floor":28,"gold_loss":0},{"damage_healed":0,"gold_gain":0,"player_choice":"Obtained Book","damage_taken":16,"max_hp_gain":0,"max_hp_loss":0,"event_name":"Cursed Tome","floor":29,"gold_loss":0},{"damage_healed":0,"gold_gain":0,"player_choice":"Bought 0 Potions","damage_taken":0,"max_hp_gain":0,"max_hp_loss":0,"event_name":"The Woman in Blue","floor":37,"gold_loss":0},{"damage_healed":0,"gold_gain":0,"player_choice":"Paid","damage_taken":0,"relics_obtained":["Red Mask"],"max_hp_gain":0,"max_hp_loss":0,"event_name":"Tomb of Lord Red Mask","floor":46,"gold_loss":16}],"is_beta":false,"boss_relics":[{"not_picked":["Cursed Key","Ectoplasm"],"picked":"Sozu"},{"not_picked":["Pandora\u0027s Box","Ring of the Serpent"],"picked":"WristBlade"}],"items_purged_floors":[19],"is_endless":false,"potions_floor_spawned":[4,7,10,11,13,14,20,21,27,33,35,41,47],"killed_by":"Time Eater","ascension_level":7}