{"gold_per_floor":[111,111,111,135,5,5,39,62,62,62,132,155,49,84,84,174,174,174,174,174,174,174,174,174,174,174,174,174,174,174,174,174,174,174,174,174,99,99,99,99,99,99,99,99,99,99,99,57,57,57],"floor_reached":50,"playtime":1978,"items_purged":["Strike_R"],"score":1079,"play_id":"8657959d-9281-4aa1-9419-8297207d0883","local_time":"20181205130638","is_ascension_mode":true,"campfire_choices":[{"data":"Cleave","floor":6,"key":"SMITH"},{"data":"Bash","floor":10,"key":"SMITH"},{"data":"Body Slam","floor":15,"key":"SMITH"},{"data":"Barricade","floor":23,"key":"SMITH"},{"data":"True Grit","floor":25,"key":"SMITH"},{"data":"Entrench","floor":28,"key":"SMITH"},{"data":"Uppercut","floor":32,"key":"SMITH"},{"floor":40,"key":"RECALL"},{"floor":45,"key":"REST"},{"floor":49,"key":"REST"}],"neow_cost":"NONE","seed_source_timestamp":348131136895076,"circlet_count":0,"master_deck":["AscendersBane","Strike_R","Strike_R","Strike_R","Defend_R","Defend_R","Defend_R","Defend_R","Bash+1","Cleave+1","Shrug It Off","Iron Wave","Shrug It Off","Sword Boomerang","Uppercut+1","True Grit+1","Shrug It Off","Body Slam+1","Barricade+1","Body Slam+1","Power Through","Pummel","Entrench+1","Metallicize","Feel No Pain","Dual Wield"],"relics":["Burning Blood","Strawberry","Golden Idol","Pear","Shuriken","PreservedInsect","Mercury Hourglass","Ectoplasm","FossilizedHelix","Mark of Pain","Nunchaku","Bronze Scales","Bottled Tornado"],"potions_floor_usage":[7,11,11,18,29,36,44,47],"damage_taken":[{"damage":0,"enemies":"2 Louse","floor":1,"turns":3},{"damage":11,"enemies":"Jaw Worm","floor":4,"turns":5},{"damage":41,"enemies":"Lagavulin","floor":7,"turns":9},{"damage":0,"enemies":"Small Slimes","floor":8,"turns":5},{"damage":24,"enemies":"3 Sentries","floor":11,"turns":5},{"damage":0,"enemies":"2 Fungi Beasts","floor":12,"turns":4},{"damage":17,"enemies":"Gremlin Nob","floor":14,"turns":4},{"damage":21,"enemies":"The Guardian","floor":16,"turns":15},{"damage":0,"enemies":"Chosen","floor":18,"turns":3},{"damage":10,"enemies":"Shell Parasite","floor":21,"turns":5},{"damage":27,"enemies":"Snake Plant","floor":24,"turns":3},{"damage":0,"enemies":"Centurion and Healer","floor":27,"turns":5},{"damage":1,"enemies":"Cultist and Chosen","floor":29,"turns":6},{"damage":0,"enemies":"Shelled Parasite and Fungi","floor":30,"turns":2},{"damage":0,"enemies":"Champ","floor":33,"turns":11},{"damage":0,"enemies":"3 Shapes","floor":35,"turns":6},{"damage":7,"enemies":"Orb Walker","floor":36,"turns":4},{"damage":0,"enemies":"Mind Bloom Boss Battle","floor":39,"turns":7},{"damage":42,"enemies":"Reptomancer","floor":41,"turns":9},{"damage":36,"enemies":"Nemesis","floor":44,"turns":9},{"damage":0,"enemies":"4 Shapes","floor":46,"turns":6},{"damage":0,"enemies":"Sphere and 2 Shapes","floor":47,"turns":4},{"damage":80,"enemies":"Awakened One","floor":50,"turns":6}],"seed_played":"2449198205729754613","potions_obtained":[{"floor":4,"key":"Weak Potion"},{"floor":7,"key":"Swift Potion"},{"floor":8,"key":"PowerPotion"},{"floor":14,"key":"SneckoOil"},{"floor":27,"key":"AttackPotion"},{"floor":33,"key":"SpeedPotion"},{"floor":35,"key":"EssenceOfSteel"},{"floor":44,"key":"Strength Potion"},{"floor":46,"key":"Energy Potion"}],"is_trial":false,"path_per_floor":["M","?","?","M","$","R","E","M","T","R","?","M","$","E","R","B",null,"M","$","?","M","?","R","M","R","T","M","R","M","M","?","R","B",null,"M","M","$","?","?","R","E","?","T","E","R","M","M","$","R","B"],"character_chosen":"IRONCLAD","items_purchased":["Iron Wave","True Grit","Shrug It Off","Feel No Pain","Dual Wield"],"campfire_rested":2,"item_purchase_floors":[5,13,13,37,48],"current_hp_per_floor":[81,74,74,69,69,69,44,50,50,50,32,38,38,27,27,12,66,72,72,72,68,68,68,47,47,47,53,53,58,64,64,64,70,81,84,83,83,83,84,84,48,48,48,18,43,49,55,55,80,0],"gold":57,"neow_bonus":"RANDOM_COMMON_RELIC","is_prod":false,"is_daily":false,"chose_seed":false,"campfire_upgraded":7,"win_rate":0,"timestamp":1544011598,"path_taken":["M","?","?","M","?","R","E","M","T","R","?","M","$","E","R","BOSS","M","$","?","M","?","R","M","R","T","M","R","M","M","?","R","BOSS","M","M","$","?","?","R","E","?","T","E","R","M","M","?","R","BOSS"],"build_version":"2018-11-15","purchased_purges":1,"victory":false,"max_hp_per_floor":[82,74,74,74,74,74,84,84,84,84,84,84,84,84,84,84,84,84,84,84,84,84,84,84,84,84,84,84,84,84,84,84,84,84,84,84,84,84,84,84,84,84,84,84,84,84,84,84,84,84],"card_choices":[{"not_picked":["Bloodletting","Headbutt"],"picked":"Cleave","floor":1},{"not_picked":["Thunderclap","Anger"],"picked":"Shrug It Off","floor":4},{"not_picked":["Bloodletting","Perfected Strike","Combust"],"picked":"SKIP","floor":7},{"not_picked":["Headbutt","Perfected Strike"],"picked":"Shrug It Off","floor":8},{"not_picked":["Second Wind","Bludgeon"],"picked":"Sword Boomerang","floor":11},{"not_picked":["Twin Strike","Heavy Blade"],"picked":"Uppercut","floor":12},{"not_picked":["Twin Strike","Headbutt"],"picked":"Body Slam","floor":14},{"not_picked":["Dark Embrace","Offering"],"picked":"Barricade","floor":16},{"not_picked":["Shockwave","Infernal Blade"],"picked":"Body Slam+1","floor":18},{"not_picked":["Headbutt","Armaments"],"picked":"Power Through","floor":21},{"not_picked":["Sword Boomerang+1","Sentinel"],"picked":"Pummel","floor":24},{"not_picked":["Battle Trance","Dual Wield"],"picked":"Entrench","floor":27},{"not_picked":["Body Slam","Anger+1"],"picked":"Metallicize","floor":29},{"not_picked":["Whirlwind","Combust","Perfected Strike"],"picked":"SKIP","floor":30},{"not_picked":["Clothesline","Second Wind+1","Heavy Blade+1"],"picked":"SKIP","floor":35},{"not_picked":["Havoc+1","Armaments","Reckless Charge+1"],"picked":"SKIP","floor":36},{"not_picked":["Wild Strike+1","Searing Blow+1","Uppercut"],"picked":"SKIP","floor":41},{"not_picked":["Spot Weakness","Rage+1","Anger"],"picked":"SKIP","floor":44},{"not_picked":["Fire Breathing","Clothesline","Twin Strike"],"picked":"SKIP","floor":46},{"not_picked":["Inflame","Bludgeon","Warcry"],"picked":"SKIP","floor":47}],"player_experience":712978,"relics_obtained":[{"floor":7,"key":"Pear"},{"floor":9,"key":"Shuriken"},{"floor":11,"key":"PreservedInsect"},{"floor":14,"key":"Mercury Hourglass"},{"floor":26,"key":"FossilizedHelix"},{"floor":39,"key":"Nunchaku"},{"floor":41,"key":"Bronze Scales"},{"floor":44,"key":"Bottled Tornado"}],"event_choices":[{"damage_healed":0,"gold_gain":0,"player_choice":"Lose Max HP","damage_taken":0,"relics_obtained":["Golden Idol"],"max_hp_gain":0,"max_hp_loss":8,"event_name":"Golden Idol","floor":2,"gold_loss":0},{"cards_removed":["Strike_R"],"damage_healed":0,"gold_gain":0,"player_choice":"Forget","damage_taken":0,"max_hp_gain":0,"max_hp_loss":0,"event_name":"Living Wall","floor":3,"gold_loss":0},{"damage_healed":0,"gold_gain":30,"player_choice":"Searched \u00273\u0027 times","damage_taken":0,"max_hp_gain":0,"max_hp_loss":0,"event_name":"Dead Adventurer","floor":11,"gold_loss":0},{"damage_healed":0,"gold_gain":50,"player_choice":"Stole From Cult","damage_taken":0,"max_hp_gain":0,"max_hp_loss":0,"event_name":"Nest","floor":20,"gold_loss":0},{"damage_healed":0,"gold_gain":0,"player_choice":"Ignored","damage_taken":0,"max_hp_gain":0,"max_hp_loss":0,"event_name":"Beggar","floor":22,"gold_loss":0},{"damage_healed":0,"gold_gain":0,"player_choice":"Ignored","damage_taken":0,"max_hp_gain":0,"max_hp_loss":0,"event_name":"N\u0027loth","floor":31,"gold_loss":0},{"damage_healed":0,"gold_gain":0,"player_choice":"Ignored","damage_taken":0,"max_hp_gain":0,"max_hp_loss":0,"event_name":"Tomb of Lord Red Mask","floor":38,"gold_loss":0},{"damage_healed":0,"gold_gain":0,"player_choice":"Fight","damage_taken":0,"max_hp_gain":0,"max_hp_loss":0,"event_name":"MindBloom","floor":39,"gold_loss":0},{"damage_healed":0,"gold_gain":0,"player_choice":"Ignored","damage_taken":0,"max_hp_gain":0,"max_hp_loss":0,"event_name":"The Moai Head","floor":42,"gold_loss":0}],"is_beta":false,"boss_relics":[{"not_picked":["Astrolabe","Black Blood"],"picked":"Ectoplasm"},{"not_picked":["Eternal Feather","Black Star"],"picked":"Mark of Pain"}],"items_purged_floors":[5],"is_endless":false,"potions_floor_spawned":[4,7,8,14,27,33,35,44,46],"killed_by":"Awakened One","ascension_level":17}