{"gold_per_floor":[217,8,8,8,20,54,54,29,52,72,72,112,112,131,131,131],"floor_reached":16,"playtime":643,"items_purged":[],"score":189,"play_id":"987f975c-8876-4e80-9f3a-ca507b738038","local_time":"20190111205414","is_ascension_mode":true,"campfire_choices":[{"data":"Seeing Red","floor":7,"key":"SMITH"},{"data":"Body Slam","floor":13,"key":"SMITH"},{"floor":15,"key":"REST"}],"neow_cost":"NONE","seed_source_timestamp":171850223596462,"circlet_count":0,"master_deck":["AscendersBane","Strike_R","Strike_R","Strike_R","Strike_R","Strike_R","Defend_R","Defend_R","Defend_R","Defend_R","Bash","Flame Barrier","Pommel Strike","Seeing Red+1","Armaments","Fiend Fire","Injury","Body Slam+1","Anger"],"relics":["Burning Blood","OrangePellets","Vajra","Centennial Puzzle","Golden Idol","Darkstone Periapt"],"potions_floor_usage":[6],"damage_taken":[{"damage":0,"enemies":"Small Slimes","floor":1,"turns":4},{"damage":6,"enemies":"Cultist","floor":5,"turns":3},{"damage":22,"enemies":"Gremlin Nob","floor":6,"turns":4},{"damage":3,"enemies":"2 Louse","floor":10,"turns":3},{"damage":52,"enemies":"3 Sentries","floor":12,"turns":13},{"damage":8,"enemies":"Large Slime","floor":14,"turns":2},{"damage":37,"enemies":"Hexaghost","floor":16,"turns":9}],"seed_played":"6578338744723222892","potions_obtained":[{"floor":1,"key":"Swift Potion"},{"floor":3,"key":"Ancient Potion"},{"floor":5,"key":"Fire Potion"}],"is_trial":false,"path_per_floor":["M","$","?","$","M","E","R","$","T","M","?","E","R","M","R","B"],"character_chosen":"IRONCLAD","items_purchased":["OrangePellets","Armaments"],"campfire_rested":1,"item_purchase_floors":[2,8],"current_hp_per_floor":[74,74,74,74,74,58,58,58,58,61,61,15,15,13,35,0],"gold":131,"neow_bonus":"HUNDRED_GOLD","is_prod":false,"is_daily":false,"chose_seed":false,"campfire_upgraded":2,"win_rate":0,"timestamp":1547268854,"path_taken":["M","$","?","?","?","E","R","$","T","M","?","E","R","M","R","BOSS"],"build_version":"2019-01-10","purchased_purges":0,"victory":false,"max_hp_per_floor":[75,75,75,75,75,75,75,75,75,75,75,75,75,75,75,75],"card_choices":[{"not_picked":["Iron Wave","Burning Pact"],"picked":"Flame Barrier","floor":1},{"not_picked":["Armaments","Thunderclap"],"picked":"Pommel Strike","floor":5},{"not_picked":["Pummel","Battle Trance"],"picked":"Seeing Red","floor":6},{"not_picked":["Body Slam","Thunderclap"],"picked":"Fiend Fire","floor":10},{"not_picked":["Fire Breathing","Heavy Blade"],"picked":"Body Slam","floor":12},{"not_picked":["Twin Strike","Armaments"],"picked":"Anger","floor":14}],"player_experience":464779,"relics_obtained":[{"floor":6,"key":"Vajra"},{"floor":9,"key":"Centennial Puzzle"},{"floor":12,"key":"Darkstone Periapt"}],"event_choices":[{"damage_healed":0,"gold_gain":0,"player_choice":"Got Potions","damage_taken":0,"max_hp_gain":0,"max_hp_loss":0,"event_name":"Lab","floor":3,"gold_loss":0},{"damage_healed":0,"gold_gain":0,"player_choice":"Take Wound","damage_taken":0,"relics_obtained":["Golden Idol"],"max_hp_gain":0,"max_hp_loss":0,"event_name":"Golden Idol","floor":11,"gold_loss":0,"cards_obtained":["Injury"]}],"is_beta":false,"boss_relics":[],"items_purged_floors":[],"is_endless":false,"potions_floor_spawned":[1,5],"killed_by":"Hexaghost","ascension_level":15}