{"gold_per_floor":[110,126,137,147,208,239,239,255,304,37,47,47,47,72,72,72],"floor_reached":16,"playtime":1260,"items_purged":[],"score":104,"play_id":"6faf1085-0fdb-4b12-8507-c0e64be6e76c","local_time":"20190221114929","is_ascension_mode":false,"campfire_choices":[{"floor":7,"key":"REST"},{"floor":13,"key":"REST"},{"data":"Perfected Strike","floor":15,"key":"SMITH"}],"neow_cost":"NONE","seed_source_timestamp":353341782969292,"circlet_count":0,"master_deck":["Strike_R","Strike_R","Strike_R","Strike_R","Strike_R","Defend_R","Defend_R","Defend_R","Defend_R","Bash","Hemokinesis","Perfected Strike+1","Inflame","Flex","Heavy Blade","Shrug It Off","Iron Wave","Jack Of All Trades","Flame Barrier","Carnage","Reckless Charge","Cleave","Injury","Armaments"],"relics":["Burning Blood","Darkstone Periapt","Bag of Preparation","Golden Idol"],"potions_floor_usage":[],"damage_taken":[{"damage":3,"enemies":"Cultist","floor":1,"turns":2},{"damage":13,"enemies":"Small Slimes","floor":2,"turns":4},{"damage":0,"enemies":"2 Louse","floor":3,"turns":2},{"damage":21,"enemies":"Exordium Wildlife","floor":4,"turns":5},{"damage":41,"enemies":"Lagavulin","floor":6,"turns":6},{"damage":16,"enemies":"Red Slaver","floor":8,"turns":2},{"damage":19,"enemies":"Lots of Slimes","floor":11,"turns":4},{"damage":0,"enemies":"Large Slime","floor":14,"turns":4},{"damage":67,"enemies":"The Guardian","floor":16,"turns":10}],"seed_played":"-6727445509700524533","potions_obtained":[{"floor":1,"key":"Dexterity Potion"},{"floor":3,"key":"Explosive Potion"},{"floor":6,"key":"GamblersBrew"}],"is_trial":false,"path_per_floor":["M","M","M","M","?","E","R","M","T","$","M","?","R","M","R","B"],"character_chosen":"IRONCLAD","items_purchased":["Jack Of All Trades","Flame Barrier","Carnage","Reckless Charge"],"campfire_rested":2,"item_purchase_floors":[10,10,10,10],"current_hp_per_floor":[80,73,79,64,64,29,53,43,43,43,30,36,61,67,67,0],"gold":72,"neow_bonus":"THREE_CARDS","is_prod":false,"is_daily":false,"chose_seed":false,"campfire_upgraded":1,"win_rate":0.0,"timestamp":1550720969,"path_taken":["M","M","?","M","?","E","R","M","T","$","M","?","R","M","R","BOSS"],"build_version":"2019-01-23","purchased_purges":0,"victory":false,"max_hp_per_floor":[80,80,80,80,80,80,80,80,80,80,80,86,86,86,86,86],"card_choices":[{"not_picked":["True Grit","Pommel Strike"],"picked":"Hemokinesis","floor":0},{"not_picked":["Hemokinesis","Armaments"],"picked":"Perfected Strike","floor":1},{"not_picked":["Pommel Strike","Iron Wave"],"picked":"Inflame","floor":2},{"not_picked":["Cleave","Body Slam"],"picked":"Flex","floor":3},{"not_picked":["Spot Weakness","Blood for Blood"],"picked":"Heavy Blade","floor":4},{"not_picked":["Thunderclap","Sever Soul"],"picked":"Shrug It Off","floor":6},{"not_picked":["Rampage","Heavy Blade"],"picked":"Iron Wave","floor":8},{"not_picked":["Sword Boomerang","Heavy Blade"],"picked":"Cleave","floor":11},{"not_picked":["Ghostly Armor","Metallicize"],"picked":"Armaments","floor":14}],"player_experience":15460,"relics_obtained":[{"floor":6,"key":"Darkstone Periapt"},{"floor":9,"key":"Bag of Preparation"}],"event_choices":[{"damage_healed":0,"gold_gain":61,"player_choice":"Gained Gold","damage_taken":0,"max_hp_gain":0,"max_hp_loss":0,"event_name":"Golden Wing","floor":5,"gold_loss":0},{"damage_healed":0,"gold_gain":0,"player_choice":"Take Wound","damage_taken":0,"relics_obtained":["Golden Idol"],"max_hp_gain":0,"max_hp_loss":0,"event_name":"Golden Idol","floor":12,"gold_loss":0,"cards_obtained":["Injury"]}],"is_beta":false,"boss_relics":[],"items_purged_floors":[],"is_endless":false,"potions_floor_spawned":[1,3,6,11],"killed_by":"The Guardian","ascension_level":0}