{"gold_per_floor":[117,130,143,143,68,68,243,243,267,267,305,48,48,48,48,177,177,197,272,12,30,51,51,51,90,390,75,75,109,109,129,129,248,248,266,266,266,284,309,309,334,334],"floor_reached":42,"playtime":3892,"items_purged":["Strike_R","Doubt","Strike_R"],"score":522,"play_id":"683b4be4-0aa3-4ccf-979d-7408426c53c0","local_time":"20180914005855","is_ascension_mode":true,"campfire_choices":[{"data":"Armaments","floor":6,"key":"SMITH"},{"data":"Anger","floor":10,"key":"SMITH"},{"floor":13,"key":"REST"},{"floor":15,"key":"REST"},{"floor":23,"key":"REST"},{"floor":28,"key":"REST"},{"floor":30,"key":"REST"},{"floor":32,"key":"REST"},{"floor":40,"key":"REST"}],"neow_cost":"NONE","seed_source_timestamp":172158234166601,"circlet_count":0,"master_deck":["Strike_R","Defend_R","Defend_R","Defend_R","Defend_R","Bash","Anger+1","Armaments+1","Body Slam+1","Battle Trance","Evolve","Shrug It Off","Bludgeon","Feed","Rage+1","Panache","Clash","Warcry","Flex+1"],"relics":["Empty Cage","Golden Idol","Boot","Gambling Chip","Black Star","Ornamental Fan","Pantograph","Blue Candle","Old Coin","Lantern","Oddly Smooth Stone","Fusion Hammer"],"potions_floor_usage":[16,16,22,25,29,33,39,42,42],"damage_taken":[{"damage":6,"enemies":"2 Louse","floor":1,"turns":3},{"damage":0,"enemies":"Cultist","floor":2,"turns":4},{"damage":7,"enemies":"Small Slimes","floor":3,"turns":4},{"damage":32,"enemies":"Gremlin Nob","floor":11,"turns":4},{"damage":25,"enemies":"Hexaghost","floor":16,"turns":7},{"damage":2,"enemies":"Chosen","floor":18,"turns":4},{"damage":11,"enemies":"Shell Parasite","floor":21,"turns":6},{"damage":26,"enemies":"3 Cultists","floor":22,"turns":6},{"damage":33,"enemies":"Slavers","floor":25,"turns":7},{"damage":35,"enemies":"Book of Stabbing","floor":29,"turns":6},{"damage":12,"enemies":"Snake Plant","floor":31,"turns":4},{"damage":52,"enemies":"Collector","floor":33,"turns":13},{"damage":0,"enemies":"3 Darklings","floor":35,"turns":5},{"damage":0,"enemies":"3 Shapes","floor":38,"turns":4},{"damage":54,"enemies":"Transient","floor":39,"turns":5},{"damage":3,"enemies":"4 Shapes","floor":41,"turns":7},{"damage":51,"enemies":"Nemesis","floor":42,"turns":4}],"seed_played":"6967657059765128435","potions_obtained":[{"floor":1,"key":"Explosive Potion"},{"floor":11,"key":"Poison Potion"},{"floor":22,"key":"Explosive Potion"},{"floor":25,"key":"LiquidBronze"},{"floor":31,"key":"Block Potion"},{"floor":33,"key":"Poison Potion"},{"floor":38,"key":"Strength Potion"},{"floor":41,"key":"FearPotion"}],"is_trial":false,"path_per_floor":["M","M","M","?","$","R","?","?","T","R","E","$","R","$","R","B",null,"M","?","$","M","M","R","?","E","T","$","R","E","R","M","R","B",null,"M","?","?","M","M","R","M"],"character_chosen":"IRONCLAD","items_purchased":["Evolve","Shrug It Off","LiquidBronze","Ornamental Fan","Panache"],"campfire_rested":7,"item_purchase_floors":[12,12,12,20,27],"current_hp_per_floor":[74,74,67,67,67,67,67,67,67,67,35,35,57,57,74,49,74,72,65,65,54,28,50,74,45,45,45,68,33,56,44,67,26,78,81,81,77,80,26,50,47,0],"gold":334,"neow_bonus":"BOSS_RELIC","is_prod":false,"is_daily":false,"chose_seed":false,"campfire_upgraded":2,"win_rate":0,"timestamp":1536904735,"path_taken":["M","M","M","?","$","R","?","?","T","R","E","$","R","?","R","BOSS","M","?","$","M","M","R","?","E","T","$","R","E","R","M","R","BOSS","M","?","?","?","M","R","M","E"],"build_version":"2018-09-06","purchased_purges":3,"victory":false,"max_hp_per_floor":[80,80,80,80,80,80,80,74,74,74,74,74,74,74,74,74,74,74,74,74,74,74,74,74,78,78,78,78,78,78,78,78,78,78,81,81,77,80,80,80,80,80],"card_choices":[{"not_picked":["Disarm","Rage"],"picked":"Anger","floor":1},{"not_picked":["Wild Strike","Rupture"],"picked":"Armaments","floor":2},{"not_picked":["Spot Weakness","Thunderclap"],"picked":"Body Slam","floor":3},{"not_picked":["Brutality","Wild Strike"],"picked":"Battle Trance","floor":11},{"not_picked":["Reaper","Exhume"],"picked":"Bludgeon","floor":16},{"not_picked":["Thunderclap","Shrug It Off","Wild Strike"],"picked":"SKIP","floor":18},{"not_picked":["Heavy Blade","Havoc+1","Perfected Strike"],"picked":"SKIP","floor":21},{"not_picked":["Twin Strike","True Grit"],"picked":"Feed","floor":22},{"not_picked":["Thunderclap","Sword Boomerang+1"],"picked":"Rage+1","floor":25},{"not_picked":["Body Slam","Fire Breathing","Ghostly Armor"],"picked":"SKIP","floor":29},{"not_picked":["Sword Boomerang","Body Slam+1"],"picked":"Clash","floor":31},{"not_picked":["Wild Strike+1","Pommel Strike"],"picked":"Warcry","floor":35},{"not_picked":["Wild Strike","Cleave","Thunderclap+1"],"picked":"SKIP","floor":38},{"not_picked":["Rampage+1","Shrug It Off+1","Twin Strike+1"],"picked":"SKIP","floor":39},{"not_picked":["Reckless Charge","Exhume"],"picked":"Flex+1","floor":41}],"player_experience":245175,"relics_obtained":[{"floor":9,"key":"Boot"},{"floor":11,"key":"Gambling Chip"},{"floor":25,"key":"Pantograph"},{"floor":25,"key":"Blue Candle"},{"floor":26,"key":"Old Coin"},{"floor":29,"key":"Lantern"},{"floor":29,"key":"Oddly Smooth Stone"}],"event_choices":[{"event_name":"Living Wall","player_choice":"Grow","floor":4,"damage_taken":0},{"event_name":"Liars Game","player_choice":"agreed","floor":7,"damage_taken":0},{"event_name":"Golden Idol","player_choice":"Lose Max HP","floor":8,"damage_taken":0},{"event_name":"FaceTrader","player_choice":"Touch","floor":19,"damage_taken":0},{"event_name":"The Library","player_choice":"Heal","floor":24,"damage_taken":0},{"event_name":"Tomb of Lord Red Mask","player_choice":"Ignored","floor":36,"damage_taken":0},{"event_name":"Winding Halls","player_choice":"Max HP","floor":37,"damage_taken":0}],"is_beta":false,"boss_relics":[{"not_picked":["Calling Bell","Snecko Eye"],"picked":"Black Star"},{"not_picked":["Coffee Dripper","Cursed Key"],"picked":"Fusion Hammer"}],"items_purged_floors":[5,12,27],"is_endless":false,"potions_floor_spawned":[1,11,22,25,31,33,38,41],"killed_by":"Nemesis","ascension_level":3}