{"gold_per_floor":[119,119,79,154,167,167,185,205,205,238,238,238,258,10,10,84,84,96,96,53,153,78,78,78,78,78,78],"floor_reached":27,"playtime":1085,"items_purged":["Strike_R"],"score":383,"play_id":"523bb3ac-7fa4-4414-baf0-3143d308cf8b","local_time":"20181102183800","is_ascension_mode":true,"campfire_choices":[{"data":"Body Slam","floor":6,"key":"SMITH"},{"data":"Flame Barrier","floor":12,"key":"SMITH"},{"data":"Metallicize","floor":15,"key":"SMITH"},{"floor":23,"key":"REST"},{"floor":25,"key":"REST"}],"neow_cost":"TEN_PERCENT_HP_LOSS","seed_source_timestamp":540160592552239,"circlet_count":0,"master_deck":["AscendersBane","Strike_R","Defend_R","Defend_R","Defend_R","Bash","Iron Wave","Metallicize+1","Body Slam+1","Flame Barrier+1","Shrug It Off","Finesse","Pommel Strike","Feed","Double Tap","True Grit","Armaments","Shrug It Off","Body Slam","Shockwave","True Grit"],"relics":["Burning Blood","Calipers","Oddly Smooth Stone","Shuriken","Orrery","Champion Belt","Darkstone Periapt","Juzu Bracelet"],"potions_floor_usage":[10,13,16,18],"damage_taken":[{"damage":4,"enemies":"2 Louse","floor":1,"turns":3},{"damage":19,"enemies":"Jaw Worm","floor":5,"turns":7},{"damage":4,"enemies":"Small Slimes","floor":7,"turns":4},{"damage":7,"enemies":"2 Fungi Beasts","floor":8,"turns":4},{"damage":6,"enemies":"Lagavulin","floor":10,"turns":8},{"damage":0,"enemies":"Exordium Wildlife","floor":13,"turns":4},{"damage":5,"enemies":"Hexaghost","floor":16,"turns":9},{"damage":0,"enemies":"3 Byrds","floor":18,"turns":2},{"damage":5,"enemies":"Colosseum Slavers","floor":21,"turns":6},{"damage":75,"enemies":"Colosseum Nobs","floor":21,"turns":8},{"damage":53,"enemies":"Book of Stabbing","floor":27,"turns":8}],"seed_played":"6858453942530333223","potions_obtained":[{"floor":7,"key":"SkillPotion"},{"floor":8,"key":"PowerPotion"},{"floor":13,"key":"Dexterity Potion"},{"floor":16,"key":"Fire Potion"}],"is_trial":false,"path_per_floor":["M","?","$","?","M","R","M","M","T","E","?","R","M","$","R","B",null,"M","?","$","?","?","R","?","R","T","E"],"character_chosen":"IRONCLAD","items_purchased":["Metallicize","Shrug It Off","Finesse","Pommel Strike","Shockwave"],"campfire_rested":2,"item_purchase_floors":[3,14,14,14,20],"current_hp_per_floor":[68,73,73,62,49,49,51,50,50,50,43,43,49,49,49,50,67,73,73,73,7,7,29,29,51,51,0],"gold":78,"neow_bonus":"ONE_RARE_RELIC","is_prod":false,"is_daily":false,"chose_seed":false,"campfire_upgraded":3,"win_rate":0,"timestamp":1541180280,"path_taken":["M","?","$","?","M","R","M","M","T","E","?","R","?","$","R","BOSS","M","?","$","?","?","R","?","R","T","E"],"build_version":"2018-11-01","purchased_purges":1,"victory":false,"max_hp_per_floor":[68,73,73,73,73,73,73,73,73,73,73,73,73,73,73,73,73,73,73,73,76,76,76,76,76,76,76],"card_choices":[{"not_picked":["Twin Strike","Battle Trance"],"picked":"Iron Wave","floor":1},{"not_picked":["Clothesline","Perfected Strike"],"picked":"Body Slam","floor":5},{"not_picked":["Heavy Blade","Cleave"],"picked":"Flame Barrier","floor":7},{"not_picked":["Thunderclap","Body Slam","Combust"],"picked":"SKIP","floor":8},{"not_picked":["Bloodletting","Hemokinesis","Body Slam"],"picked":"SKIP","floor":10},{"not_picked":["Perfected Strike","Fire Breathing","Carnage"],"picked":"SKIP","floor":13},{"not_picked":["Exhume","Brutality"],"picked":"Feed","floor":16},{"not_picked":["Warcry","Shrug It Off"],"picked":"Double Tap","floor":17},{"not_picked":["Thunderclap","Searing Blow"],"picked":"True Grit","floor":17},{"not_picked":["Shrug It Off","Flex"],"picked":"Armaments","floor":17},{"not_picked":["Thunderclap","Spot Weakness","Anger"],"picked":"SKIP","floor":18},{"not_picked":["Cleave","Flex"],"picked":"True Grit","floor":21}],"player_experience":615644,"relics_obtained":[{"floor":9,"key":"Oddly Smooth Stone"},{"floor":10,"key":"Shuriken"},{"floor":21,"key":"Champion Belt"},{"floor":21,"key":"Darkstone Periapt"},{"floor":26,"key":"Juzu Bracelet"}],"event_choices":[{"damage_healed":0,"gold_gain":0,"player_choice":"Donut","damage_taken":0,"max_hp_gain":5,"max_hp_loss":0,"event_name":"Big Fish","floor":2,"gold_loss":0},{"damage_healed":0,"gold_gain":75,"player_choice":"Gather Gold","damage_taken":11,"max_hp_gain":0,"max_hp_loss":0,"event_name":"World of Goop","floor":4,"gold_loss":0},{"cards_removed":["Strike_R"],"damage_healed":0,"gold_gain":0,"player_choice":"Card Removal","damage_taken":7,"max_hp_gain":0,"max_hp_loss":0,"event_name":"Golden Wing","floor":11,"gold_loss":0},{"damage_healed":0,"gold_gain":0,"cards_transformed":["Strike_R","Defend_R"],"player_choice":"Became Test Subject","damage_taken":0,"max_hp_gain":0,"max_hp_loss":0,"event_name":"Drug Dealer","floor":19,"gold_loss":0,"cards_obtained":["Shrug It Off","Body Slam"]},{"damage_healed":0,"gold_gain":0,"player_choice":"Fight","damage_taken":0,"max_hp_gain":0,"max_hp_loss":0,"event_name":"Colosseum","floor":21,"gold_loss":0},{"damage_healed":0,"gold_gain":0,"player_choice":"Fought Nobs","damage_taken":0,"max_hp_gain":0,"max_hp_loss":0,"event_name":"Colosseum","floor":21,"gold_loss":0},{"cards_removed":["Strike_R"],"damage_healed":0,"gold_gain":0,"player_choice":"Gave Gold","damage_taken":0,"max_hp_gain":0,"max_hp_loss":0,"event_name":"Beggar","floor":22,"gold_loss":75},{"damage_healed":0,"gold_gain":0,"player_choice":"Ignored","damage_taken":0,"max_hp_gain":0,"max_hp_loss":0,"event_name":"Ghosts","floor":24,"gold_loss":0}],"is_beta":false,"boss_relics":[{"not_picked":["Philosopher\u0027s Stone","Tiny House"],"picked":"Orrery"}],"items_purged_floors":[14],"is_endless":false,"potions_floor_spawned":[7,8,13,16,21],"killed_by":"Book of Stabbing","ascension_level":17}