{"gold_per_floor":[116,126,136,155,172,199,181,181,181,181,206,217,217,230,230,230],"floor_reached":16,"playtime":1423,"items_purged":[],"score":174,"play_id":"a2dff06d-beb4-4543-9100-ac73036ff7c7","local_time":"20181017235449","is_ascension_mode":true,"campfire_choices":[{"floor":8,"key":"REST"},{"floor":15,"key":"REST"}],"neow_cost":"NONE","seed_source_timestamp":610153092979507,"circlet_count":0,"master_deck":["Strike_R","Strike_R","Strike_R","Strike_R","Defend_R","Defend_R","Defend_R","Defend_R","Bash","AscendersBane","Second Wind","Intimidate","Pommel Strike","Armaments","Havoc","Whirlwind","Shrug It Off","Corruption","Power Through","Power Through","Anger"],"relics":["Burning Blood","Bag of Marbles","Bag of Preparation","Anchor","Red Skull"],"potions_floor_usage":[6,7,11,12],"damage_taken":[{"damage":0,"enemies":"Cultist","floor":1,"turns":4},{"damage":16,"enemies":"Small Slimes","floor":2,"turns":5},{"damage":2,"enemies":"Jaw Worm","floor":3,"turns":3},{"damage":17,"enemies":"Blue Slaver","floor":4,"turns":5},{"damage":23,"enemies":"Gremlin Gang","floor":5,"turns":5},{"damage":32,"enemies":"3 Sentries","floor":6,"turns":9},{"damage":9,"enemies":"Exordium Thugs","floor":7,"turns":4},{"damage":34,"enemies":"Gremlin Nob","floor":11,"turns":5},{"damage":2,"enemies":"Exordium Wildlife","floor":12,"turns":5},{"damage":0,"enemies":"Lots of Slimes","floor":14,"turns":3},{"damage":47,"enemies":"The Guardian","floor":16,"turns":9}],"seed_played":"5356682342968320732","potions_obtained":[{"floor":2,"key":"SpeedPotion"},{"floor":3,"key":"Strength Potion"},{"floor":7,"key":"Strength Potion"},{"floor":11,"key":"EssenceOfSteel"}],"is_trial":false,"path_per_floor":["M","M","M","M","M","E","M","R","T","?","E","M","?","M","R"],"character_chosen":"IRONCLAD","items_purchased":[],"campfire_rested":2,"item_purchase_floors":[],"current_hp_per_floor":[78,68,72,61,44,18,15,39,39,39,11,15,15,21,45,0],"gold":230,"neow_bonus":"RANDOM_COMMON_RELIC","is_prod":false,"is_daily":false,"chose_seed":false,"campfire_upgraded":0,"win_rate":0,"timestamp":1539845689,"path_taken":["M","M","M","M","M","E","M","R","T","?","E","M","?","M","R","BOSS"],"build_version":"2018-10-11","purchased_purges":0,"victory":false,"max_hp_per_floor":[80,80,80,80,80,80,80,80,80,80,80,80,80,80,80,80],"card_choices":[{"not_picked":["Twin Strike","Reckless Charge"],"picked":"Second Wind","floor":1},{"not_picked":["Body Slam","Heavy Blade"],"picked":"Intimidate","floor":2},{"not_picked":["Perfected Strike","Sword Boomerang"],"picked":"Pommel Strike","floor":3},{"not_picked":["Intimidate","Burning Pact"],"picked":"Armaments","floor":4},{"not_picked":["Armaments","Wild Strike"],"picked":"Havoc","floor":5},{"not_picked":["Spot Weakness","Sword Boomerang"],"picked":"Whirlwind","floor":6},{"not_picked":["Sword Boomerang","Inflame"],"picked":"Shrug It Off","floor":7},{"not_picked":["Limit Break","Havoc"],"picked":"Power Through","floor":11},{"not_picked":["Cleave","Heavy Blade"],"picked":"Power Through","floor":12},{"not_picked":["Cleave","Fire Breathing"],"picked":"Anger","floor":14}],"player_experience":344838,"relics_obtained":[{"floor":6,"key":"Bag of Preparation"},{"floor":9,"key":"Anchor"},{"floor":11,"key":"Red Skull"}],"event_choices":[{"event_name":"Transmorgrifier","player_choice":"Transform","floor":10,"damage_taken":0},{"event_name":"Dead Adventurer","player_choice":"Searched \u00270\u0027 times","floor":13,"damage_taken":0}],"is_beta":false,"boss_relics":[],"items_purged_floors":[],"is_endless":false,"potions_floor_spawned":[2,3,7,11],"killed_by":"The Guardian","ascension_level":10}