{"gold_per_floor":[14,14,89,89,109,144,172,172,172,172,172,192,71,82,82,186,186,205,219,219,26,36,36,71,71,71,90,90,110,128,139,139],"floor_reached":32,"playtime":947,"items_purged":[],"score":312,"play_id":"8c249c5e-10dc-4d36-ae34-299ae9d9e101","local_time":"20181129225132","is_ascension_mode":false,"campfire_choices":[{"data":"Deflect","floor":8,"key":"SMITH"},{"data":"Deflect","floor":10,"key":"SMITH"},{"data":"Choke","floor":15,"key":"SMITH"},{"data":"Apotheosis","floor":23,"key":"SMITH"},{"floor":25,"key":"REST"},{"floor":32,"key":"REST"}],"neow_cost":"NO_GOLD","seed_source_timestamp":621356642465219,"circlet_count":0,"master_deck":["Defend_G","Defend_G","Defend_G","Defend_G","Defend_G+1","Strike_G","Strike_G","Strike_G","Strike_G+1","Strike_G","Survivor","Neutralize","Glass Knife+1","Quick Slash","Dagger Spray","Deflect+1","Deflect+1","Backflip","Well Laid Plans","Blind","Choke+1","Glass Knife","Flying Knee","Deflect","Sucker Punch","Dagger Throw+1","Noxious Fumes+1","Noxious Fumes+1","Apotheosis+1","Poisoned Stab+1","Corpse Explosion","Envenom"],"relics":["Ring of the Snake","Darkstone Periapt","Odd Mushroom","Orrery","PreservedInsect","Sundial","Ninja Scroll"],"potions_floor_usage":[7,14,16,22,22,22,22,24],"damage_taken":[{"damage":1,"enemies":"Jaw Worm","floor":1,"turns":5},{"damage":0,"enemies":"2 Louse","floor":5,"turns":2},{"damage":12,"enemies":"Lagavulin","floor":6,"turns":7},{"damage":0,"enemies":"The Mushroom Lair","floor":7,"turns":3},{"damage":0,"enemies":"Small Slimes","floor":12,"turns":1},{"damage":0,"enemies":"3 Louse","floor":14,"turns":1},{"damage":0,"enemies":"Slime Boss","floor":16,"turns":7},{"damage":0,"enemies":"Shell Parasite","floor":18,"turns":3},{"damage":13,"enemies":"3 Byrds","floor":19,"turns":6},{"damage":11,"enemies":"Snake Plant","floor":22,"turns":4},{"damage":28,"enemies":"Gremlin Leader","floor":24,"turns":6},{"damage":0,"enemies":"Centurion and Healer","floor":27,"turns":4},{"damage":13,"enemies":"Cultist and Chosen","floor":29,"turns":5},{"damage":15,"enemies":"Snake Plant","floor":30,"turns":3},{"damage":9,"enemies":"Snecko","floor":31,"turns":6}],"seed_played":"-4123002307590604971","potions_obtained":[{"floor":5,"key":"Explosive Potion"},{"floor":11,"key":"Weak Potion"},{"floor":11,"key":"EntropicBrew"},{"floor":11,"key":"Explosive Potion"},{"floor":12,"key":"Swift Potion"},{"floor":14,"key":"FearPotion"},{"floor":16,"key":"Fire Potion"},{"floor":24,"key":"PowerPotion"},{"floor":31,"key":"SpeedPotion"}],"is_trial":false,"path_per_floor":["M","?","?","?","M","E","?","R","T","R","?","M","$","M","R","B",null,"M","M","?","$","M","R","E","R","T","M","?","M","M","M","R"],"character_chosen":"THE_SILENT","items_purchased":["Well Laid Plans","Blind","Apotheosis"],"campfire_rested":2,"item_purchase_floors":[13,13,21],"current_hp_per_floor":[69,69,58,44,44,32,32,32,32,32,32,32,32,32,32,32,70,70,57,57,57,46,46,18,39,39,39,39,26,11,2,23],"gold":139,"neow_bonus":"THREE_RARE_CARDS","is_prod":false,"is_daily":false,"chose_seed":false,"campfire_upgraded":4,"win_rate":0,"timestamp":1543528292,"path_taken":["M","?","?","?","M","E","?","R","T","R","?","?","$","M","R","BOSS","M","M","?","$","M","R","E","R","T","?","?","?","M","M","R"],"build_version":"2018-11-15","purchased_purges":0,"victory":false,"max_hp_per_floor":[70,70,70,70,70,70,70,70,70,70,70,70,70,70,70,70,70,70,70,70,70,70,70,70,70,70,70,70,70,70,70,70],"card_choices":[{"not_picked":["Grand Finale","Storm of Steel"],"picked":"Glass Knife","floor":0},{"not_picked":["Slice","Setup"],"picked":"Quick Slash","floor":1},{"not_picked":["PiercingWail","Acrobatics"],"picked":"Dagger Spray","floor":5},{"not_picked":["Heel Hook","Dodge and Roll"],"picked":"Deflect","floor":6},{"not_picked":["Crippling Poison","Blade Dance"],"picked":"Deflect","floor":7},{"not_picked":["Blade Dance","Poisoned Stab"],"picked":"Backflip","floor":12},{"not_picked":["Sucker Punch","Backflip"],"picked":"Choke","floor":14},{"not_picked":["Grand Finale","Adrenaline"],"picked":"Glass Knife","floor":16},{"not_picked":["Storm of Steel","All Out Attack"],"picked":"Flying Knee","floor":17},{"not_picked":["Cloak And Dagger","Dagger Spray"],"picked":"Deflect","floor":17},{"not_picked":["Setup","Flying Knee"],"picked":"Sucker Punch","floor":17},{"not_picked":["Deflect+1","Poisoned Stab"],"picked":"Dagger Throw+1","floor":18},{"not_picked":["Dagger Spray","Crippling Poison"],"picked":"Noxious Fumes+1","floor":19},{"not_picked":["Well Laid Plans+1","Quick Slash+1"],"picked":"Poisoned Stab+1","floor":22},{"not_picked":["Deadly Poison","Concentrate"],"picked":"Corpse Explosion","floor":24},{"not_picked":["Flying Knee","Accuracy","Dagger Throw"],"picked":"SKIP","floor":27},{"not_picked":["Deflect","Blade Dance+1","PiercingWail"],"picked":"SKIP","floor":29},{"not_picked":["Prepared","Heel Hook+1"],"picked":"Envenom","floor":30},{"not_picked":["Acrobatics","Masterful Stab+1","Concentrate+1"],"picked":"SKIP","floor":31}],"player_experience":691248,"relics_obtained":[{"floor":6,"key":"Darkstone Periapt"},{"floor":7,"key":"Odd Mushroom"},{"floor":24,"key":"PreservedInsect"},{"floor":26,"key":"Sundial"}],"event_choices":[{"damage_healed":0,"gold_gain":0,"player_choice":"Grow","damage_taken":0,"max_hp_gain":0,"max_hp_loss":0,"event_name":"Living Wall","floor":2,"gold_loss":0,"cards_upgraded":["Glass Knife"]},{"damage_healed":0,"gold_gain":75,"player_choice":"Gather Gold","damage_taken":11,"max_hp_gain":0,"max_hp_loss":0,"event_name":"World of Goop","floor":3,"gold_loss":0},{"damage_healed":0,"gold_gain":0,"player_choice":"Entered Light","damage_taken":14,"max_hp_gain":0,"max_hp_loss":0,"event_name":"Shining Light","floor":4,"gold_loss":0,"cards_upgraded":["Strike_G","Defend_G"]},{"damage_healed":0,"gold_gain":0,"player_choice":"Fought Mushrooms","damage_taken":0,"max_hp_gain":0,"max_hp_loss":0,"event_name":"Mushrooms","floor":7,"gold_loss":0},{"damage_healed":0,"gold_gain":0,"player_choice":"Got Potions","damage_taken":0,"max_hp_gain":0,"max_hp_loss":0,"event_name":"Lab","floor":11,"gold_loss":0},{"damage_healed":0,"gold_gain":0,"player_choice":"Copied","damage_taken":0,"max_hp_gain":0,"max_hp_loss":0,"event_name":"Duplicator","floor":20,"gold_loss":0,"cards_obtained":["Noxious Fumes"]},{"damage_healed":0,"gold_gain":0,"player_choice":"Gave Potion","damage_taken":0,"relics_obtained":["Ninja Scroll"],"max_hp_gain":0,"max_hp_loss":0,"event_name":"WeMeetAgain","floor":28,"gold_loss":0}],"is_beta":false,"boss_relics":[{"not_picked":["Tiny House","Runic Pyramid"],"picked":"Orrery"}],"items_purged_floors":[],"is_endless":false,"potions_floor_spawned":[5,12,14,16,19,24,31],"ascension_level":0}