{"gold_per_floor":[119,9,9,9,21,49,59,59,59,59,29],"floor_reached":11,"playtime":319,"items_purged":["Writhe"],"score":89,"play_id":"13036471-6771-4dd2-af91-454af47ce2ec","local_time":"20190428090920","is_ascension_mode":true,"campfire_choices":[{"floor":8,"key":"REST"},{"data":"Footwork","floor":10,"key":"SMITH"}],"neow_cost":"CURSE","seed_source_timestamp":168433257463124,"circlet_count":0,"master_deck":["Defend_G","Defend_G","Defend_G","Defend_G","Defend_G","Strike_G","Strike_G","Strike_G","Strike_G","Strike_G","Survivor","Neutralize","Deadly Poison","Well Laid Plans","Doppelganger","Forethought","Footwork+1"],"relics":["Ring of the Snake","Thread and Needle","Blue Candle","Singing Bowl"],"potions_floor_usage":[],"damage_taken":[{"damage":0,"enemies":"Small Slimes","floor":1,"turns":3},{"damage":2,"enemies":"Jaw Worm","floor":5,"turns":5},{"damage":40,"enemies":"Gremlin Nob","floor":6,"turns":5},{"damage":0,"enemies":"Cultist","floor":7,"turns":5},{"damage":8,"enemies":"Exordium Thugs","floor":11,"turns":4}],"seed_played":"-2324155782850178432","potions_obtained":[{"floor":5,"key":"SteroidPotion"}],"is_trial":false,"path_per_floor":["?","?"],"character_chosen":"THE_SILENT","items_purchased":["Well Laid Plans"],"campfire_rested":1,"item_purchase_floors":[2],"current_hp_per_floor":[70,70,70,70,68,28,28,49,49,49,41],"gold":29,"neow_bonus":"ONE_RARE_RELIC","is_prod":false,"is_daily":false,"chose_seed":false,"campfire_upgraded":1,"win_rate":0,"timestamp":1556435360,"path_taken":["M","$","?","?","M","E","M","R","T","R","M"],"build_version":"2019-01-23","purchased_purges":1,"victory":false,"max_hp_per_floor":[70,70,70,70,70,70,70,70,70,70,70],"card_choices":[{"not_picked":["Bane","Deflect"],"picked":"Deadly Poison","floor":1},{"not_picked":["Well Laid Plans","Eviscerate","Blade Dance"],"picked":"SKIP","floor":5},{"not_picked":["Dash","Poisoned Stab"],"picked":"Footwork","floor":6},{"not_picked":["Doppelganger","Reflex","Slice"],"picked":"SKIP","floor":7}],"player_experience":169153,"relics_obtained":[{"floor":6,"key":"Blue Candle"},{"floor":9,"key":"Singing Bowl"}],"event_choices":[{"damage_healed":0,"gold_gain":0,"player_choice":"Leave","damage_taken":0,"max_hp_gain":0,"max_hp_loss":0,"event_name":"The Cleric","floor":3,"gold_loss":0},{"damage_healed":0,"gold_gain":0,"player_choice":"2 cards matched","damage_taken":0,"max_hp_gain":0,"max_hp_loss":0,"event_name":"Match and Keep!","floor":4,"gold_loss":0,"cards_obtained":["Doppelganger","Forethought"]}],"is_beta":false,"boss_relics":[],"items_purged_floors":[2],"is_endless":false,"potions_floor_spawned":[5],"killed_by":"Exordium Thugs","ascension_level":5}