{"gold_per_floor":[112,127,127,277,287,40,40,58,130,161,179,190,190,222,222,295,295,308,327,347,47,47,47,76,76,76,126,141,74,74,85,85,156,156,166,186,41,41,41],"floor_reached":39,"playtime":3800,"items_purged":["Doubt"],"score":744,"play_id":"3ab3b258-5a76-4138-bd51-eef3dedbc695","local_time":"20190427181956","is_ascension_mode":true,"campfire_choices":[{"data":"Apotheosis","floor":7.0,"key":"SMITH"},{"data":"Searing Blow","floor":13.0,"key":"SMITH"},{"floor":15.0,"key":"REST"},{"data":"Pommel Strike","floor":23.0,"key":"SMITH"},{"data":"Searing Blow+1","floor":25.0,"key":"SMITH"},{"floor":30.0,"key":"REST"},{"floor":32.0,"key":"REST"}],"neow_cost":"NONE","seed_source_timestamp":48099759210688,"circlet_count":0,"master_deck":["AscendersBane","Strike_R","Strike_R","Strike_R","Defend_R","Defend_R","Defend_R","Defend_R","Bash","Cleave","Armaments","Iron Wave","Apotheosis+1","Headbutt","Body Slam","Searing Blow+2","Body Slam","Feed","Blood for Blood","Pommel Strike+1","Body Slam","Battle Trance","Metallicize","Demon Form","Heavy Blade+1","Writhe"],"special_seed":0,"relics":["Burning Blood","Potion Belt","Kunai","WingedGreaves","Champion Belt","Sozu","FossilizedHelix","Dream Catcher","Blue Candle","Empty Cage","Anchor"],"potions_floor_usage":[39],"damage_taken":[{"damage":0.0,"enemies":"Small Slimes","floor":1.0,"turns":3.0},{"damage":2.0,"enemies":"2 Louse","floor":2.0,"turns":3.0},{"damage":9.0,"enemies":"Jaw Worm","floor":5.0,"turns":5.0},{"damage":1.0,"enemies":"3 Louse","floor":8.0,"turns":4.0},{"damage":15.0,"enemies":"Lagavulin","floor":10.0,"turns":6.0},{"damage":8.0,"enemies":"Blue Slaver","floor":11.0,"turns":5.0},{"damage":10.0,"enemies":"Exordium Wildlife","floor":12.0,"turns":4.0},{"damage":18.0,"enemies":"Gremlin Nob","floor":14.0,"turns":3.0},{"damage":23.0,"enemies":"The Guardian","floor":16.0,"turns":13.0},{"damage":23.0,"enemies":"Shell Parasite","floor":18.0,"turns":8.0},{"damage":14.0,"enemies":"2 Thieves","floor":19.0,"turns":5.0},{"damage":33.0,"enemies":"Snake Plant","floor":20.0,"turns":5.0},{"damage":24.0,"enemies":"Slavers","floor":24.0,"turns":5.0},{"damage":25.0,"enemies":"Chosen and Byrds","floor":28.0,"turns":5.0},{"damage":26.0,"enemies":"Shelled Parasite and Fungi","floor":31.0,"turns":5.0},{"damage":39.0,"enemies":"Champ","floor":33.0,"turns":9.0},{"damage":28.0,"enemies":"Orb Walker","floor":35.0,"turns":4.0},{"damage":50.0,"enemies":"3 Darklings","floor":36.0,"turns":5.0},{"damage":41,"enemies":"Transient","floor":39,"turns":5}],"seed_played":"1262866077550637056","potions_obtained":[{"floor":1.0,"key":"AttackPotion"},{"floor":10.0,"key":"PowerPotion"},{"floor":14.0,"key":"Regen Potion"},{"floor":16.0,"key":"Poison Potion"}],"is_trial":false,"path_per_floor":["M","M","?","?","M","$","R","M","T","E","M","M","R","E","R","B",null,"M","M","M","$","?","R","E","R","T","?","M","$","R","M","R","B",null,"M","M","$","?","M"],"character_chosen":"IRONCLAD","items_purchased":["Apotheosis","FossilizedHelix","Battle Trance","Anchor"],"campfire_rested":3,"item_purchase_floors":[6,21,29,37],"current_hp_per_floor":[81,82,77,77,74,74,74,79,79,70,68,64,64,52,76,59,76,78,70,47,47,65,65,51,51,51,51,32,32,60,43,72,39,83,61,17,17,36,0],"gold":41,"neow_bonus":"TEN_PERCENT_HP_BONUS","is_prod":false,"is_daily":false,"chose_seed":false,"campfire_upgraded":4,"win_rate":0,"timestamp":1556414396,"path_taken":["M","M","?","?","M","$","R","M","T","E","M","?","R","E","R","BOSS","M","M","M","$","?","R","E","R","T","?","M","?","R","M","R","BOSS","M","M","$","?","M"],"build_version":"2019-01-23","purchased_purges":1,"victory":false,"max_hp_per_floor":[82,82,82,82,82,82,82,82,82,82,82,82,82,82,82,82,82,86,86,90,90,90,90,94,94,94,94,94,94,94,97,97,97,97,97,97,97,97,97],"card_choices":[{"not_picked":["Carnage","Corruption"],"picked":"Cleave","floor":1.0},{"not_picked":["Body Slam","Headbutt"],"picked":"Armaments","floor":2.0},{"not_picked":["Burning Pact","Sword Boomerang"],"picked":"Iron Wave","floor":5.0},{"not_picked":["Clash","Flex","Reckless Charge"],"picked":"SKIP","floor":8.0},{"not_picked":["Sever Soul","Entrench"],"picked":"Headbutt","floor":10.0},{"not_picked":["Dual Wield","Twin Strike"],"picked":"Body Slam","floor":11.0},{"not_picked":["Warcry","Evolve"],"picked":"Searing Blow","floor":12.0},{"not_picked":["Searing Blow","Twin Strike"],"picked":"Body Slam","floor":14.0},{"not_picked":["Fiend Fire","Dark Embrace"],"picked":"Feed","floor":16.0},{"not_picked":["Bloodletting","Sword Boomerang","Dual Wield"],"picked":"SKIP","floor":18.0},{"not_picked":["Seeing Red","Evolve"],"picked":"Blood for Blood","floor":19.0},{"not_picked":["Flex","Shockwave"],"picked":"Pommel Strike","floor":20.0},{"not_picked":["Havoc","Hemokinesis","Immolate"],"picked":"SKIP","floor":24.0},{"not_picked":["Heavy Blade+1","Clash+1"],"picked":"Body Slam","floor":28.0},{"not_picked":["Havoc","Clash"],"picked":"Metallicize","floor":31.0},{"not_picked":["Berserk","Fiend Fire"],"picked":"Demon Form","floor":33.0},{"not_picked":["Hemokinesis","Evolve+1"],"picked":"Heavy Blade+1","floor":35.0},{"not_picked":["Armaments","Perfected Strike","Burning Pact"],"picked":"SKIP","floor":36.0}],"player_experience":598860,"relics_obtained":[{"floor":9.0,"key":"Kunai"},{"floor":10.0,"key":"WingedGreaves"},{"floor":14.0,"key":"Champion Belt"},{"floor":24.0,"key":"Dream Catcher"},{"floor":26.0,"key":"Blue Candle"}],"event_choices":[{"damage_healed":0.0,"max_hp_gain":0.0,"max_hp_loss":0.0,"gold_gain":0.0,"event_name":"Scrap Ooze","player_choice":"Success","floor":3.0,"gold_loss":0.0,"damage_taken":5.0,"relics_obtained":["Potion Belt"]},{"damage_healed":0.0,"max_hp_gain":0.0,"max_hp_loss":0.0,"gold_gain":150.0,"event_name":"Liars Game","player_choice":"AGREE","floor":4.0,"gold_loss":0.0,"damage_taken":0.0,"cards_obtained":["Doubt"]},{"damage_healed":18.0,"max_hp_gain":0.0,"max_hp_loss":0.0,"gold_gain":0.0,"event_name":"The Library","player_choice":"Heal","floor":22.0,"gold_loss":0.0,"damage_taken":0.0},{"damage_healed":0.0,"max_hp_gain":0.0,"max_hp_loss":0.0,"gold_gain":50.0,"event_name":"Nest","player_choice":"Stole From Cult","floor":27.0,"gold_loss":0.0,"damage_taken":0.0},{"damage_healed":19.0,"max_hp_gain":0.0,"max_hp_loss":0.0,"gold_gain":0.0,"event_name":"Winding Halls","player_choice":"Writhe","floor":38.0,"gold_loss":0.0,"damage_taken":0.0,"cards_obtained":["Writhe"]}],"is_beta":false,"boss_relics":[{"not_picked":["Coffee Dripper","Eternal Feather"],"picked":"Sozu"},{"not_picked":["White Beast Statue","Runic Pyramid"],"picked":"Empty Cage"}],"items_purged_floors":[6],"is_endless":false,"potions_floor_spawned":[1,10,14,16,19,24,33,35,36],"killed_by":"Transient","ascension_level":15}