{"gold_per_floor":[110,110,130,130,130,130,162,162,162,179,196,212,212,226,226,299,299,310,250,130,149,166,166],"floor_reached":23,"playtime":1562,"items_purged":[],"score":328,"play_id":"e3277d60-a186-4865-bac3-c31f49ea4e16","local_time":"20190331165030","is_ascension_mode":true,"campfire_choices":[{"data":"Noxious Fumes","floor":6.0,"key":"SMITH"},{"data":"Neutralize","floor":8.0,"key":"SMITH"},{"data":"Dodge and Roll","floor":13.0,"key":"SMITH"},{"data":"Wraith Form v2","floor":15.0,"key":"SMITH"}],"neow_cost":"NONE","seed_source_timestamp":45023181214455,"circlet_count":0,"master_deck":["AscendersBane","Defend_G","Defend_G","Defend_G","Defend_G","Defend_G","Strike_G","Strike_G","Survivor","Neutralize+1","Noxious Fumes+1","Cloak And Dagger","Deadly Poison","Deadly Poison","Dodge and Roll+1","Wraith Form v2+1","Envenom","Escape Plan","Flechettes","Cloak And Dagger","Slice","Blade Dance","Dodge and Roll","Backflip"],"special_seed":0,"relics":["Sozu","Pen Nib","Matryoshka","WristBlade"],"potions_floor_usage":[],"damage_taken":[{"damage":3.0,"enemies":"Jaw Worm","floor":1.0,"turns":5.0},{"damage":1.0,"enemies":"Small Slimes","floor":3.0,"turns":4.0},{"damage":19.0,"enemies":"3 Sentries","floor":7.0,"turns":7.0},{"damage":3.0,"enemies":"2 Louse","floor":10.0,"turns":3.0},{"damage":0.0,"enemies":"Red Slaver","floor":11.0,"turns":4.0},{"damage":0.0,"enemies":"3 Louse","floor":12.0,"turns":4.0},{"damage":12.0,"enemies":"Lots of Slimes","floor":14.0,"turns":5.0},{"damage":13.0,"enemies":"Hexaghost","floor":16.0,"turns":10.0},{"damage":0.0,"enemies":"Chosen","floor":18.0,"turns":6.0},{"damage":8.0,"enemies":"Shell Parasite","floor":21.0,"turns":5.0},{"damage":19.0,"enemies":"3 Cultists","floor":22.0,"turns":6.0},{"damage":39,"enemies":"Book of Stabbing","floor":23,"turns":5}],"seed_played":"89207926391405744","potions_obtained":[],"is_trial":false,"path_per_floor":["M","?","M","?","?","R","E","R","T","M","M","M","R","M","R","B",null,"M","?","$","M","M","E"],"character_chosen":"THE_SILENT","items_purchased":["Cloak And Dagger","Slice","Blade Dance"],"campfire_rested":0,"item_purchase_floors":[20,20,20],"current_hp_per_floor":[56,56,55,60,60,60,41,41,41,38,38,38,38,26,26,13,57,57,57,57,49,30,0],"gold":166,"neow_bonus":"BOSS_RELIC","is_prod":false,"is_daily":false,"chose_seed":false,"campfire_upgraded":4,"win_rate":0,"timestamp":1554076230,"path_taken":["M","?","M","?","?","R","E","R","T","M","?","M","R","M","R","BOSS","M","?","$","?","M","E"],"build_version":"2019-01-23","purchased_purges":0,"victory":false,"max_hp_per_floor":[66,66,66,71,71,71,71,71,71,71,71,71,71,71,71,71,71,71,71,71,71,71,71],"card_choices":[{"not_picked":["Eviscerate","Flying Knee"],"picked":"Noxious Fumes","floor":1.0},{"not_picked":["Dagger Spray","Dagger Throw"],"picked":"Cloak And Dagger","floor":3.0},{"not_picked":["Sucker Punch","Dagger Throw"],"picked":"Deadly Poison","floor":7.0},{"not_picked":["PiercingWail","Distraction"],"picked":"Deadly Poison","floor":10.0},{"not_picked":["Setup","Endless Agony"],"picked":"Dodge and Roll","floor":11.0},{"not_picked":["Calculated Gamble","Prepared","Sucker Punch"],"picked":"SKIP","floor":12.0},{"not_picked":["Acrobatics","Poisoned Stab"],"picked":"Wraith Form v2","floor":14.0},{"not_picked":["Glass Knife","Phantasmal Killer"],"picked":"Envenom","floor":16.0},{"not_picked":["Dagger Spray","Outmaneuver","Calculated Gamble"],"picked":"SKIP","floor":18.0},{"not_picked":["Choke","Bane"],"picked":"Dodge and Roll","floor":21.0},{"not_picked":["Dodge and Roll","Outmaneuver+1"],"picked":"Backflip","floor":22.0}],"player_experience":581811,"relics_obtained":[{"floor":7.0,"key":"Pen Nib"},{"floor":9.0,"key":"Matryoshka"}],"event_choices":[{"damage_healed":0.0,"max_hp_gain":0.0,"max_hp_loss":0.0,"gold_gain":0.0,"cards_transformed":["Strike_G"],"event_name":"Living Wall","player_choice":"Change","floor":2.0,"gold_loss":0.0,"damage_taken":0.0,"cards_obtained":["Setup"]},{"damage_healed":0.0,"max_hp_gain":5.0,"max_hp_loss":0.0,"gold_gain":0.0,"event_name":"Big Fish","player_choice":"Donut","floor":4.0,"gold_loss":0.0,"damage_taken":0.0},{"cards_removed":["Strike_G"],"damage_healed":0.0,"max_hp_gain":0.0,"max_hp_loss":0.0,"gold_gain":0.0,"event_name":"Purifier","player_choice":"Purged","floor":5.0,"gold_loss":0.0,"damage_taken":0.0},{"damage_healed":0.0,"max_hp_gain":0.0,"max_hp_loss":0.0,"gold_gain":0.0,"cards_transformed":["Setup","Strike_G"],"event_name":"Designer","player_choice":"Transformed Cards","floor":19.0,"gold_loss":60.0,"damage_taken":0.0,"cards_obtained":["Escape Plan","Flechettes"]}],"is_beta":false,"boss_relics":[{"not_picked":["Busted Crown","White Beast Statue"],"picked":"WristBlade"}],"items_purged_floors":[],"is_endless":false,"potions_floor_spawned":[1,10,11,16],"killed_by":"Book of Stabbing","ascension_level":14}