{"gold_per_floor":[111,126,126,139,64,64,75,75,126,126,154,12,22,50,50,124,124,141,141,156,80,93,93,104,19,42,42,42,53,68,68,68,146,146,157,177,177,19,35,63,63,0,52,52,15,15,27,27,27,27],"floor_reached":50,"playtime":8524,"items_purged":["Regret"],"score":1035,"play_id":"88b62b69-3a8b-4544-bdc0-55459c4b4cab","local_time":"20190124045749","is_ascension_mode":true,"campfire_choices":[{"data":"Cloak And Dagger","floor":6,"key":"SMITH"},{"data":"Skewer","floor":8,"key":"SMITH"},{"data":"Bouncing Flask","floor":15,"key":"SMITH"},{"floor":23,"key":"REST"},{"floor":27,"key":"REST"},{"floor":32,"key":"REST"},{"floor":41,"key":"REST"},{"floor":44,"key":"REST"},{"floor":46,"key":"RECALL"},{"floor":49,"key":"REST"}],"neow_cost":"CURSE","seed_source_timestamp":1149859736934139,"circlet_count":0,"master_deck":["AscendersBane","Defend_G","Defend_G","Defend_G","Defend_G","Defend_G","Strike_G","Strike_G","Strike_G","Strike_G","Survivor","Neutralize","Skewer+1","Cloak And Dagger+1","Finisher","Bouncing Flask+1","PiercingWail","Well Laid Plans+1","Dagger Spray","Blade Dance","Backflip","Night Terror","Blade Dance","Dash","Footwork","Well Laid Plans","Calculated Gamble","Footwork","Bouncing Flask+1","Blur+1","Dodge and Roll","Burst","After Image","Leg Sweep","Cloak And Dagger+1","Backflip","Noxious Fumes","Cloak And Dagger+1","Infinite Blades+1"],"relics":["Ring of the Snake","Dead Branch","Vajra","Pen Nib","PreservedInsect","Fusion Hammer","Sozu","Lantern","Red Mask","Dream Catcher"],"potions_floor_usage":[11,11,14,16,35,36],"damage_taken":[{"damage":4,"enemies":"Jaw Worm","floor":1,"turns":5},{"damage":1,"enemies":"Small Slimes","floor":2,"turns":6},{"damage":8,"enemies":"2 Louse","floor":4,"turns":3},{"damage":6,"enemies":"Red Slaver","floor":7,"turns":5},{"damage":10,"enemies":"Lagavulin","floor":11,"turns":5},{"damage":0,"enemies":"2 Fungi Beasts","floor":13,"turns":3},{"damage":0,"enemies":"3 Sentries","floor":14,"turns":3},{"damage":13,"enemies":"The Guardian","floor":16,"turns":9},{"damage":0,"enemies":"Chosen","floor":18,"turns":4},{"damage":8,"enemies":"2 Thieves","floor":20,"turns":3},{"damage":8,"enemies":"Snake Plant","floor":22,"turns":5},{"damage":13,"enemies":"Sentry and Sphere","floor":24,"turns":6},{"damage":15,"enemies":"Centurion and Healer","floor":29,"turns":7},{"damage":4,"enemies":"3 Cultists","floor":30,"turns":6},{"damage":11,"enemies":"Champ","floor":33,"turns":15},{"damage":27,"enemies":"3 Darklings","floor":35,"turns":4},{"damage":1,"enemies":"3 Shapes","floor":36,"turns":4},{"damage":1,"enemies":"Maw","floor":39,"turns":8},{"damage":2,"enemies":"Nemesis","floor":40,"turns":9},{"damage":7,"enemies":"Jaw Worm Horde","floor":47,"turns":5},{"damage":73,"enemies":"Awakened One","floor":50,"turns":8}],"seed_played":"-3518924478476994325","potions_obtained":[{"floor":1,"key":"Dexterity Potion"},{"floor":7,"key":"LiquidBronze"},{"floor":11,"key":"SteroidPotion"},{"floor":14,"key":"Poison Potion"},{"floor":20,"key":"FearPotion"},{"floor":24,"key":"Energy Potion"},{"floor":30,"key":"Swift Potion"}],"is_trial":false,"path_per_floor":["M","M","?","M","$","R","M","R","T","?","E","$","M","E","R","B",null,"M","?","M","$","M","R","M","$","T","R","?","M","M","?","R","B",null,"M","M","?","$","M","E","R","?","T","R","$","R","M","$","R","B"],"character_chosen":"THE_SILENT","items_purchased":["Well Laid Plans","Dagger Spray","Footwork","Footwork","After Image","Noxious Fumes"],"campfire_rested":6,"item_purchase_floors":[12,12,21,25,38,45],"current_hp_per_floor":[55,54,59,51,51,51,45,45,45,45,35,35,35,35,35,22,59,59,59,51,51,43,64,51,51,51,71,71,56,52,52,71,60,68,41,40,40,40,39,37,58,58,58,71,71,71,64,64,71,0],"gold":27,"neow_bonus":"ONE_RARE_RELIC","is_prod":false,"is_daily":false,"chose_seed":false,"campfire_upgraded":3,"win_rate":0,"timestamp":1548302269,"path_taken":["M","M","?","M","$","R","M","R","T","?","E","$","M","E","R","BOSS","M","?","?","$","M","R","M","$","T","R","?","M","?","?","R","BOSS","M","M","?","$","M","E","R","?","T","R","?","R","M","?","R","BOSS"],"build_version":"2019-01-23","purchased_purges":1,"victory":false,"max_hp_per_floor":[66,66,71,71,71,71,71,71,71,71,71,71,71,71,71,71,71,71,71,71,71,71,71,71,71,71,71,71,71,71,71,71,71,71,71,71,71,71,71,71,71,71,71,71,71,71,71,71,71,71],"card_choices":[{"not_picked":["Deflect","Underhanded Strike"],"picked":"Skewer","floor":1},{"not_picked":["Masterful Stab","Leg Sweep"],"picked":"Cloak And Dagger","floor":2},{"not_picked":["Eviscerate","Underhanded Strike"],"picked":"Finisher","floor":4},{"not_picked":["Deflect","Flying Knee"],"picked":"Bouncing Flask","floor":7},{"not_picked":["Masterful Stab","Dodge and Roll"],"picked":"PiercingWail","floor":11},{"not_picked":["Bullet Time","Dagger Spray"],"picked":"Blade Dance","floor":13},{"not_picked":["Slice","Tactician"],"picked":"Backflip","floor":14},{"not_picked":["Bullet Time","Doppelganger"],"picked":"Night Terror","floor":16},{"not_picked":["Well Laid Plans","Expertise"],"picked":"Blade Dance","floor":18},{"not_picked":["Slice","Sucker Punch"],"picked":"Dash","floor":20},{"not_picked":["Prepared","Flechettes"],"picked":"Well Laid Plans","floor":22},{"not_picked":["Prepared","Outmaneuver"],"picked":"Calculated Gamble","floor":24},{"not_picked":["Finisher","Deflect"],"picked":"Blur+1","floor":29},{"not_picked":["Deadly Poison","Outmaneuver"],"picked":"Blade Dance","floor":30},{"not_picked":["A Thousand Cuts","Die Die Die"],"picked":"Burst","floor":33},{"not_picked":["Eviscerate","Poisoned Stab","All Out Attack"],"picked":"SKIP","floor":35},{"not_picked":["Bane","Dagger Throw","Quick Slash+1"],"picked":"SKIP","floor":36},{"not_picked":["Blade Dance","Sucker Punch+1"],"picked":"Leg Sweep","floor":39},{"not_picked":["Eviscerate","Bane"],"picked":"Cloak And Dagger+1","floor":40},{"not_picked":["Poisoned Stab","Deadly Poison"],"picked":"Backflip","floor":44},{"not_picked":["Blade Dance","Deadly Poison"],"picked":"Cloak And Dagger+1","floor":47},{"not_picked":["Acrobatics","Poisoned Stab"],"picked":"Infinite Blades+1","floor":49}],"player_experience":2684525,"relics_obtained":[{"floor":9,"key":"Vajra"},{"floor":11,"key":"Pen Nib"},{"floor":14,"key":"PreservedInsect"},{"floor":40,"key":"Lantern"},{"floor":43,"key":"Dream Catcher"}],"event_choices":[{"damage_healed":0,"gold_gain":0,"player_choice":"Donut","damage_taken":0,"max_hp_gain":5,"max_hp_loss":0,"event_name":"Big Fish","floor":3,"gold_loss":0},{"cards_removed":["Strike_G"],"damage_healed":0,"gold_gain":0,"player_choice":"Forget","damage_taken":0,"max_hp_gain":0,"max_hp_loss":0,"event_name":"Living Wall","floor":10,"gold_loss":0},{"damage_healed":0,"gold_gain":0,"player_choice":"Upgraded","damage_taken":0,"max_hp_gain":0,"max_hp_loss":0,"event_name":"Upgrade Shrine","floor":19,"gold_loss":0,"cards_upgraded":["Well Laid Plans"]},{"damage_healed":0,"gold_gain":0,"player_choice":"Copied","damage_taken":0,"max_hp_gain":0,"max_hp_loss":0,"event_name":"Duplicator","floor":28,"gold_loss":0,"cards_obtained":["Bouncing Flask"]},{"damage_healed":0,"gold_gain":0,"player_choice":"Read","damage_taken":0,"max_hp_gain":0,"max_hp_loss":0,"event_name":"The Library","floor":31,"gold_loss":0,"cards_obtained":["Dodge and Roll"]},{"cards_removed":["Blade Dance"],"damage_healed":0,"gold_gain":0,"player_choice":"Removed Skill","damage_taken":0,"max_hp_gain":0,"max_hp_loss":0,"event_name":"Falling","floor":37,"gold_loss":0},{"damage_healed":0,"gold_gain":0,"player_choice":"Paid","damage_taken":0,"relics_obtained":["Red Mask"],"max_hp_gain":0,"max_hp_loss":0,"event_name":"Tomb of Lord Red Mask","floor":42,"gold_loss":63}],"is_beta":false,"boss_relics":[{"not_picked":["WristBlade","White Beast Statue"],"picked":"Fusion Hammer"},{"not_picked":["Ring of the Serpent","Philosopher\u0027s Stone"],"picked":"Sozu"}],"items_purged_floors":[5],"is_endless":false,"potions_floor_spawned":[1,7,11,14,20,24,30,33,36,39],"killed_by":"Awakened One","ascension_level":20}