{"gold_per_floor":[111,111,43,62,72,97,22,51,51,51,51,26,53,73,73,170,170,184,199,99,199,212,212,42,77,77,87,87],"floor_reached":28,"playtime":1478,"items_purged":["Strike_R","Pain"],"score":282,"play_id":"437beb1c-3853-4e53-b8d8-d151e0ca3221","local_time":"20190417163651","is_ascension_mode":true,"campfire_choices":[{"floor":11.0,"key":"REST"},{"data":"Inflame","floor":15.0,"key":"SMITH"},{"data":"Body Slam","floor":23.0,"key":"SMITH"}],"neow_cost":"NONE","seed_source_timestamp":300264032283314,"circlet_count":0,"master_deck":["Strike_R","Strike_R","Strike_R","Defend_R","Defend_R","Defend_R","Defend_R","Bash","Headbutt","Rage","Iron Wave","Inflame+1","Whirlwind","Body Slam+1","Thunderclap","Iron Wave","Double Tap","Seeing Red","Iron Wave","Juggernaut","Flex","Metallicize"],"special_seed":0,"relics":["Burning Blood","Oddly Smooth Stone","Sundial","Ornamental Fan","Pantograph","WarpedTongs","Centennial Puzzle","Black Star","Mango","Matryoshka","PreservedInsect","Potion Belt","Kunai","Paper Frog","Champion Belt"],"potions_floor_usage":[27,27,27],"damage_taken":[{"damage":5.0,"enemies":"Jaw Worm","floor":1.0,"turns":5.0},{"damage":0.0,"enemies":"Small Slimes","floor":4.0,"turns":4.0},{"damage":4.0,"enemies":"Cultist","floor":5.0,"turns":4.0},{"damage":28.0,"enemies":"Gremlin Nob","floor":6.0,"turns":6.0},{"damage":27.0,"enemies":"3 Sentries","floor":8.0,"turns":9.0},{"damage":21.0,"enemies":"Gremlin Nob","floor":13.0,"turns":4.0},{"damage":4.0,"enemies":"Red Slaver","floor":14.0,"turns":3.0},{"damage":33.0,"enemies":"The Guardian","floor":16.0,"turns":8.0},{"damage":21.0,"enemies":"2 Thieves","floor":18.0,"turns":4.0},{"damage":11.0,"enemies":"Chosen","floor":19.0,"turns":4.0},{"damage":15.0,"enemies":"Colosseum Slavers","floor":21.0,"turns":5.0},{"damage":25.0,"enemies":"Colosseum Nobs","floor":21.0,"turns":4.0},{"damage":7.0,"enemies":"Snecko","floor":22.0,"turns":4.0},{"damage":18.0,"enemies":"Book of Stabbing","floor":25.0,"turns":5.0},{"damage":7,"enemies":"Centurion and Healer","floor":27,"turns":3},{"damage":36,"enemies":"Sentry and Sphere","floor":28,"turns":3}],"seed_played":"550893396057530302","potions_obtained":[{"floor":1.0,"key":"SpeedPotion"},{"floor":6.0,"key":"Weak Potion"},{"floor":8.0,"key":"EssenceOfSteel"},{"floor":21.0,"key":"Block Potion"},{"floor":22.0,"key":"Ancient Potion"},{"floor":27,"key":"AttackPotion"}],"is_trial":false,"path_per_floor":["?","$","?","M","$","?","$","M"],"character_chosen":"IRONCLAD","items_purchased":["Rage","Body Slam","PreservedInsect","Flex"],"campfire_rested":1,"item_purchase_floors":[3,12,24,24],"current_hp_per_floor":[80,80,80,80,80,58,58,37,37,37,61,61,46,48,48,46,80,65,60,60,46,45,45,45,33,33,32,0],"gold":87,"neow_bonus":"RANDOM_COMMON_RELIC","is_prod":false,"is_daily":false,"chose_seed":false,"campfire_upgraded":2,"win_rate":0,"timestamp":1555511811,"path_taken":["M","?","?","M","M","E","$","E","T","?","R","$","E","M","R","BOSS","M","?","?","?","M","R","?","E","T","?","M"],"build_version":"2019-01-23","purchased_purges":2,"victory":false,"max_hp_per_floor":[80,80,80,80,80,80,80,80,80,80,80,80,80,80,80,80,80,80,80,80,94,94,94,94,94,94,94,94],"card_choices":[{"not_picked":["Whirlwind","Dual Wield"],"picked":"Headbutt","floor":1.0},{"not_picked":["Wild Strike","Flex"],"picked":"Iron Wave","floor":4.0},{"not_picked":["Combust","Flex"],"picked":"Inflame","floor":5.0},{"not_picked":["Exhume","True Grit","Reckless Charge"],"picked":"SKIP","floor":6.0},{"not_picked":["Cleave","Power Through"],"picked":"Whirlwind","floor":8.0},{"not_picked":["Bloodletting","Reckless Charge"],"picked":"Thunderclap","floor":13.0},{"not_picked":["Reckless Charge","Havoc"],"picked":"Iron Wave","floor":14.0},{"not_picked":["Immolate","Exhume"],"picked":"Double Tap","floor":16.0},{"not_picked":["Clothesline+1","Whirlwind"],"picked":"Seeing Red","floor":18.0},{"not_picked":["Perfected Strike","Flex"],"picked":"Iron Wave","floor":19.0},{"not_picked":["Body Slam","Reckless Charge"],"picked":"Juggernaut","floor":22.0},{"not_picked":["Flex","Heavy Blade+1","Feel No Pain+1"],"picked":"SKIP","floor":25.0},{"not_picked":["Infernal Blade","Headbutt"],"picked":"Metallicize","floor":27}],"player_experience":86593,"relics_obtained":[{"floor":6.0,"key":"Sundial"},{"floor":8.0,"key":"Ornamental Fan"},{"floor":9.0,"key":"Pantograph"},{"floor":13.0,"key":"Centennial Puzzle"},{"floor":21.0,"key":"Mango"},{"floor":21.0,"key":"Matryoshka"},{"floor":25.0,"key":"Potion Belt"},{"floor":25.0,"key":"Kunai"},{"floor":26.0,"key":"Paper Frog"},{"floor":26.0,"key":"Champion Belt"}],"event_choices":[{"cards_removed":["Strike_R"],"damage_healed":0.0,"max_hp_gain":0.0,"max_hp_loss":0.0,"gold_gain":0.0,"event_name":"Living Wall","player_choice":"Forget","floor":2.0,"gold_loss":0.0,"damage_taken":0.0},{"damage_healed":0.0,"max_hp_gain":0.0,"max_hp_loss":0.0,"gold_gain":0.0,"event_name":"Accursed Blacksmith","player_choice":"Rummage","floor":10.0,"gold_loss":0.0,"damage_taken":0.0,"relics_obtained":["WarpedTongs"],"cards_obtained":["Pain"]},{"damage_healed":0.0,"max_hp_gain":0.0,"max_hp_loss":0.0,"gold_gain":0.0,"event_name":"Colosseum","player_choice":"Fight","floor":21.0,"gold_loss":0.0,"damage_taken":0.0},{"damage_healed":0.0,"max_hp_gain":0.0,"max_hp_loss":0.0,"gold_gain":0.0,"event_name":"Colosseum","player_choice":"Fought Nobs","floor":21.0,"gold_loss":0.0,"damage_taken":0.0}],"is_beta":false,"boss_relics":[{"not_picked":["Coffee Dripper","Busted Crown"],"picked":"Black Star"}],"items_purged_floors":[7,20],"is_endless":false,"potions_floor_spawned":[1,6,8,14,16,21,21,22,27],"killed_by":"Sentry and Sphere","ascension_level":2}