{"gold_per_floor":[114,125,125,10,29,29,47,73,73,106,123,23,57,38,38,138,138,153,28,41,41,41,41,61,88,88,12,25,25],"floor_reached":29,"playtime":2167,"items_purged":["Doubt","Blade Dance","Strike_G"],"score":317,"play_id":"560a65ed-a258-47b0-ba1e-67d02ecea081","local_time":"20190419110324","is_ascension_mode":true,"campfire_choices":[{"data":"After Image","floor":6,"key":"SMITH"},{"data":"Footwork","floor":15,"key":"SMITH"},{"data":"Noxious Fumes","floor":23,"key":"SMITH"}],"neow_cost":"CURSE","seed_source_timestamp":452489835344242,"circlet_count":0,"master_deck":["Defend_G","Defend_G","Defend_G","Defend_G","Defend_G","Strike_G","Strike_G","Strike_G","Strike_G","Survivor","Neutralize","Dagger Throw","Blur","After Image+1","Noxious Fumes","Catalyst","Footwork+1","Footwork","Terror","Noxious Fumes+1","Dodge and Roll","Deadly Poison","Envenom","Dodge and Roll","Die Die Die","PiercingWail","Catalyst","Footwork"],"relics":["Ring of the Snake","Prayer Wheel","Ginger","Singing Bowl","Pear","Ornamental Fan","White Beast Statue","Snake Skull","Bottled Lightning"],"potions_floor_usage":[14,16,16,18,25,25,28],"damage_taken":[{"damage":10,"enemies":"Small Slimes","floor":1,"turns":5},{"damage":4,"enemies":"Cultist","floor":2,"turns":5},{"damage":0,"enemies":"Jaw Worm","floor":5,"turns":5},{"damage":10,"enemies":"3 Louse","floor":7,"turns":4},{"damage":11,"enemies":"3 Sentries","floor":8,"turns":12},{"damage":1,"enemies":"Lagavulin","floor":10,"turns":8},{"damage":4,"enemies":"2 Fungi Beasts","floor":11,"turns":5},{"damage":6,"enemies":"3 Sentries","floor":13,"turns":8},{"damage":6,"enemies":"Exordium Thugs","floor":14,"turns":6},{"damage":1,"enemies":"Hexaghost","floor":16,"turns":9},{"damage":9,"enemies":"Shell Parasite","floor":18,"turns":9},{"damage":1,"enemies":"Chosen","floor":20,"turns":8},{"damage":19,"enemies":"Snake Plant","floor":24,"turns":5},{"damage":4,"enemies":"Book of Stabbing","floor":25,"turns":8},{"damage":41,"enemies":"Cultist and Chosen","floor":28,"turns":7},{"damage":38,"enemies":"3 Cultists","floor":29,"turns":5}],"seed_played":"-3226120809366785810","potions_obtained":[{"floor":5,"key":"Dexterity Potion"},{"floor":7,"key":"SkillPotion"},{"floor":13,"key":"Weak Potion"},{"floor":16,"key":"EssenceOfSteel"},{"floor":18,"key":"PowerPotion"},{"floor":20,"key":"Energy Potion"},{"floor":24,"key":"EssenceOfSteel"},{"floor":25,"key":"FairyPotion"},{"floor":28,"key":"FearPotion"}],"is_trial":false,"path_per_floor":["?","M","?","?"],"character_chosen":"THE_SILENT","items_purchased":["Noxious Fumes","Footwork"],"campfire_rested":0,"item_purchase_floors":[4,27],"current_hp_per_floor":[60,56,56,56,56,56,46,35,35,44,40,40,34,28,28,27,80,71,71,70,70,70,70,55,53,53,53,16,0],"gold":25,"neow_bonus":"ONE_RARE_RELIC","is_prod":false,"is_daily":false,"chose_seed":false,"campfire_upgraded":3,"win_rate":0,"timestamp":1555664604,"path_taken":["M","M","?","$","?","R","M","E","T","E","M","$","E","M","R","BOSS","M","$","M","?","?","R","M","E","T","$","M","M"],"build_version":"2019-01-23","purchased_purges":3,"victory":false,"max_hp_per_floor":[70,70,70,70,70,70,70,70,70,80,80,80,80,80,80,80,80,80,80,80,80,80,80,84,86,86,86,90,90],"card_choices":[{"not_picked":["Quick Slash","Acrobatics"],"picked":"Dagger Throw","floor":1},{"not_picked":["Dagger Spray","Flying Knee"],"picked":"Blur","floor":1},{"not_picked":["Blade Dance","Setup"],"picked":"After Image","floor":2},{"not_picked":["Poisoned Stab","Cloak And Dagger","Flechettes"],"picked":"SKIP","floor":2},{"not_picked":["Blur","Acrobatics"],"picked":"Blade Dance","floor":5},{"not_picked":["Outmaneuver","Deflect"],"picked":"Catalyst","floor":5},{"not_picked":["Sucker Punch","Blade Dance"],"picked":"Footwork","floor":7},{"not_picked":["Endless Agony","Cloak And Dagger"],"picked":"Footwork","floor":7},{"not_picked":["Heel Hook","Dodge and Roll"],"picked":"Terror","floor":8},{"not_picked":["Leg Sweep","Setup"],"picked":"Noxious Fumes","floor":10},{"not_picked":["Blade Dance","Slice"],"picked":"Dodge and Roll","floor":11},{"not_picked":["Acrobatics","Dagger Spray","Outmaneuver"],"picked":"SKIP","floor":11},{"not_picked":["Heel Hook","Masterful Stab"],"picked":"Deadly Poison","floor":13},{"not_picked":["Deflect","Underhanded Strike","Distraction"],"picked":"SKIP","floor":14},{"not_picked":["Terror","Calculated Gamble","Unload"],"picked":"SKIP","floor":14},{"not_picked":["Bullet Time","Unload"],"picked":"Envenom","floor":16},{"not_picked":["Dagger Throw","Outmaneuver+1"],"picked":"Dodge and Roll","floor":18},{"not_picked":["Underhanded Strike+1","All Out Attack","Backflip+1"],"picked":"SKIP","floor":18},{"not_picked":["Setup","Quick Slash+1"],"picked":"Die Die Die","floor":20},{"not_picked":["Leg Sweep","Slice"],"picked":"PiercingWail","floor":20},{"not_picked":["Cloak And Dagger+1","Riddle With Holes","Dagger Spray+1"],"picked":"Singing Bowl","floor":24},{"not_picked":["Dagger Spray","Sucker Punch+1","Calculated Gamble"],"picked":"Singing Bowl","floor":24},{"not_picked":["Cloak And Dagger","Tactician","Quick Slash+1"],"picked":"Singing Bowl","floor":25},{"not_picked":["Concentrate","Reflex","Dodge and Roll"],"picked":"Singing Bowl","floor":28},{"not_picked":["Backstab","Backflip","Dagger Spray"],"picked":"Singing Bowl","floor":28}],"player_experience":109289,"relics_obtained":[{"floor":8,"key":"Ginger"},{"floor":9,"key":"Singing Bowl"},{"floor":10,"key":"Pear"},{"floor":13,"key":"Ornamental Fan"},{"floor":25,"key":"Snake Skull"},{"floor":26,"key":"Bottled Lightning"}],"event_choices":[{"damage_healed":0,"gold_gain":0,"player_choice":"Ignored","damage_taken":0,"max_hp_gain":0,"max_hp_loss":0,"event_name":"WeMeetAgain","floor":3,"gold_loss":0},{"damage_healed":0,"gold_gain":0,"player_choice":"Read","damage_taken":0,"max_hp_gain":0,"max_hp_loss":0,"event_name":"The Library","floor":21,"gold_loss":0,"cards_obtained":["Catalyst"]}],"is_beta":false,"boss_relics":[{"not_picked":["WristBlade","Orrery"],"picked":"White Beast Statue"}],"items_purged_floors":[4,12,19],"is_endless":false,"potions_floor_spawned":[5,7,13,16,18,20,24,25,28],"killed_by":"3 Cultists","ascension_level":2}