{"gold_per_floor":[110,110,110,124,134,134,134,169,193,193,211,116,116,129,129,224,224,218,218],"floor_reached":19,"playtime":782,"items_purged":[],"score":301,"play_id":"b4001127-cae1-479f-9ecc-7e46f9422db1","local_time":"20190502203307","is_ascension_mode":true,"campfire_choices":[{"data":"Inflame","floor":6.0,"key":"SMITH"},{"floor":10.0,"key":"REST"},{"data":"Anger","floor":13,"key":"SMITH"},{"floor":15,"key":"REST"}],"neow_cost":"TEN_PERCENT_HP_LOSS","seed_source_timestamp":115833942793759,"circlet_count":0,"master_deck":["AscendersBane","Strike_R+1","Strike_R+1","Strike_R","Strike_R","Defend_R","Defend_R","Bash","Fire Breathing","Rage","Shrug It Off","Pommel Strike","Inflame+1","Injury","Headbutt","Anger+1","Bandage Up","Iron Wave","Double Tap","Headbutt"],"special_seed":0,"relics":["Burning Blood","Golden Idol","Anchor","Ancient Tea Set","Sozu"],"potions_floor_usage":[],"damage_taken":[{"damage":1.0,"enemies":"Cultist","floor":1.0,"turns":4.0},{"damage":4.0,"enemies":"Small Slimes","floor":4.0,"turns":4.0},{"damage":1.0,"enemies":"2 Louse","floor":5.0,"turns":3.0},{"damage":24.0,"enemies":"Gremlin Nob","floor":8.0,"turns":4.0},{"damage":30,"enemies":"Exordium Thugs","floor":11,"turns":5},{"damage":1,"enemies":"Exordium Wildlife","floor":14,"turns":3},{"damage":35,"enemies":"Hexaghost","floor":16,"turns":9},{"damage":6,"enemies":"2 Thieves","floor":18,"turns":4},{"damage":6,"enemies":"Spheric Guardian","floor":19,"turns":3}],"seed_played":"-1642311039599217619","potions_obtained":[{"floor":5.0,"key":"Ancient Potion"},{"floor":16,"key":"Dexterity Potion"}],"is_trial":false,"path_per_floor":["M","?","?","M","M","R","?","E","T","R","M","$","R","M","R","B",null,"M","M"],"character_chosen":"IRONCLAD","items_purchased":["Bandage Up"],"campfire_rested":2,"item_purchase_floors":[12],"current_hp_per_floor":[68,48,41,43,48,48,48,30,30,50,26,26,26,35,55,30,59,63,57],"gold":218,"neow_bonus":"TRANSFORM_TWO_CARDS","is_prod":false,"is_daily":false,"chose_seed":false,"campfire_upgraded":2,"win_rate":0,"timestamp":1556854387,"path_taken":["M","?","?","M","M","R","?","E","T","R","M","$","R","M","R","BOSS","M","M"],"build_version":"2019-01-23","purchased_purges":0,"victory":false,"max_hp_per_floor":[68,68,68,68,68,68,68,68,68,68,68,68,68,68,68,68,68,68,68],"card_choices":[{"not_picked":["Sword Boomerang","Burning Pact"],"picked":"Shrug It Off","floor":1.0},{"not_picked":["Havoc","Whirlwind"],"picked":"Pommel Strike","floor":4.0},{"not_picked":["Warcry","Clash"],"picked":"Inflame","floor":5.0},{"not_picked":["Evolve","Wild Strike"],"picked":"Headbutt","floor":8.0},{"not_picked":["Bloodletting","Entrench"],"picked":"Anger","floor":11},{"not_picked":["Rage","True Grit"],"picked":"Iron Wave","floor":14},{"not_picked":["Impervious","Exhume"],"picked":"Double Tap","floor":16},{"not_picked":["Anger","Burning Pact"],"picked":"Headbutt","floor":18}],"player_experience":625099,"relics_obtained":[{"floor":8.0,"key":"Anchor"},{"floor":9.0,"key":"Ancient Tea Set"}],"event_choices":[{"damage_healed":0.0,"max_hp_gain":0.0,"max_hp_loss":0.0,"gold_gain":0.0,"event_name":"Shining Light","player_choice":"Entered Light","floor":2.0,"gold_loss":0.0,"damage_taken":20.0,"cards_upgraded":["Strike_R","Strike_R"]},{"cards_removed":["Defend_R"],"damage_healed":0.0,"max_hp_gain":0.0,"max_hp_loss":0.0,"gold_gain":0.0,"event_name":"Golden Wing","player_choice":"Card Removal","floor":3.0,"gold_loss":0.0,"damage_taken":7.0},{"damage_healed":0.0,"max_hp_gain":0.0,"max_hp_loss":0.0,"gold_gain":0.0,"event_name":"Golden Idol","player_choice":"Take Wound","floor":7.0,"gold_loss":0.0,"damage_taken":0.0,"relics_obtained":["Golden Idol"],"cards_obtained":["Injury"]}],"is_beta":false,"boss_relics":[{"not_picked":["Ectoplasm","Black Blood"],"picked":"Sozu"}],"items_purged_floors":[],"is_endless":false,"potions_floor_spawned":[5,16,18],"killed_by":"Spheric Guardian","ascension_level":16}