{"gold_per_floor":[109,119,3,22,172,172,205,205,205,205,217,233,233,261,261,261],"floor_reached":16,"playtime":1277,"items_purged":[],"score":220,"play_id":"9075437c-a1ba-443a-9f72-b98d73152b3c","local_time":"20190411044535","is_ascension_mode":true,"campfire_choices":[{"data":"Neutralize","floor":6,"key":"SMITH"},{"floor":8,"key":"REST"},{"floor":10,"key":"REST"},{"floor":15,"key":"REST"}],"neow_cost":"NONE","seed_source_timestamp":1234345712908757,"circlet_count":0,"master_deck":["AscendersBane","Defend_G","Defend_G","Defend_G","Defend_G","Defend_G","Strike_G","Strike_G","Strike_G","Strike_G","Strike_G","Survivor","Neutralize+1","Dodge and Roll","Deadly Poison","Well Laid Plans","All Out Attack","Doubt","Dash","Backflip"],"relics":["Ring of the Snake","Art of War","Incense Burner","Turnip","GremlinMask","Blood Vial"],"potions_floor_usage":[14,14],"damage_taken":[{"damage":0,"enemies":"Jaw Worm","floor":1,"turns":7},{"damage":0,"enemies":"2 Louse","floor":2,"turns":5},{"damage":0,"enemies":"Cultist","floor":4,"turns":4},{"damage":58,"enemies":"Gremlin Nob","floor":7,"turns":6},{"damage":2,"enemies":"2 Fungi Beasts","floor":11,"turns":4},{"damage":4,"enemies":"Lots of Slimes","floor":12,"turns":3},{"damage":22,"enemies":"Lagavulin","floor":14,"turns":6},{"damage":36,"enemies":"Hexaghost","floor":16,"turns":9}],"seed_played":"-5261598771522133028","potions_obtained":[{"floor":2,"key":"GamblersBrew"},{"floor":7,"key":"PowerPotion"}],"is_trial":false,"path_per_floor":["M","M","$","M","?","R","E","R","T","R","M","M","?","E","R","B"],"character_chosen":"THE_SILENT","items_purchased":["Well Laid Plans","All Out Attack"],"campfire_rested":3,"item_purchase_floors":[3,3],"current_hp_per_floor":[59,59,59,59,59,59,1,20,20,39,37,33,33,11,30,0],"gold":261,"neow_bonus":"RANDOM_COMMON_RELIC","is_prod":false,"is_daily":false,"chose_seed":false,"campfire_upgraded":1,"win_rate":0,"timestamp":1554950735,"path_taken":["M","M","$","M","?","R","E","R","T","R","M","M","?","E","R","BOSS"],"build_version":"2019-01-23","purchased_purges":0,"victory":false,"max_hp_per_floor":[66,66,66,66,66,66,66,66,66,66,66,66,66,66,66,66],"card_choices":[{"not_picked":["Outmaneuver","Acrobatics"],"picked":"Dodge and Roll","floor":1},{"not_picked":["Deflect","Prepared"],"picked":"Deadly Poison","floor":2},{"not_picked":["Underhanded Strike","Finisher","Heel Hook"],"picked":"SKIP","floor":4},{"not_picked":["Concentrate","Dagger Throw","Poisoned Stab"],"picked":"SKIP","floor":7},{"not_picked":["Dagger Throw","Masterful Stab"],"picked":"Dash","floor":11},{"not_picked":["Quick Slash","Envenom"],"picked":"Backflip","floor":12},{"not_picked":["Finisher","Blade Dance","Tactician"],"picked":"SKIP","floor":14}],"player_experience":3075206,"relics_obtained":[{"floor":7,"key":"Incense Burner"},{"floor":9,"key":"Turnip"},{"floor":14,"key":"Blood Vial"}],"event_choices":[{"damage_healed":0,"gold_gain":150,"player_choice":"AGREE","damage_taken":0,"max_hp_gain":0,"max_hp_loss":0,"event_name":"Liars Game","floor":5,"gold_loss":0,"cards_obtained":["Doubt"]},{"damage_healed":0,"gold_gain":0,"player_choice":"Trade","damage_taken":0,"relics_obtained":["GremlinMask"],"max_hp_gain":0,"max_hp_loss":0,"event_name":"FaceTrader","floor":13,"gold_loss":0}],"is_beta":false,"boss_relics":[],"items_purged_floors":[],"is_endless":false,"potions_floor_spawned":[2,7,11,12],"killed_by":"Hexaghost","ascension_level":20}