{"gold_per_floor":[119,38,54,28,28,28,28,59,59,59,84,84,111,111,111,185,185,197,197],"floor_reached":19,"playtime":1416,"items_purged":[],"score":342,"play_id":"92562656-6c0e-4588-85e8-d5af9a9cf004","local_time":"20190329153159","is_ascension_mode":true,"campfire_choices":[{"data":"Bouncing Flask","floor":6,"key":"SMITH"},{"floor":10,"key":"REST"},{"data":"Thinking Ahead","floor":12,"key":"SMITH"},{"floor":15,"key":"REST"}],"neow_cost":"CURSE","seed_source_timestamp":153378703289868,"circlet_count":0,"master_deck":["AscendersBane","Defend_G","Defend_G","Defend_G","Defend_G","Defend_G","Strike_G","Strike_G","Strike_G","Strike_G+1","Strike_G","Survivor","Neutralize","Thinking Ahead+1","PanicButton","Writhe","Bouncing Flask+1","Leg Sweep+1","Slice","Poisoned Stab","Escape Plan","Dagger Spray+1","Corpse Explosion","Noxious Fumes","Noxious Fumes","Burst","Deadly Poison"],"relics":["Ring of the Snake","Ancient Tea Set","Pear","Regal Pillow","Smiling Mask","Orrery"],"potions_floor_usage":[16,18,18],"damage_taken":[{"damage":14,"enemies":"Cultist","floor":1,"turns":6},{"damage":4,"enemies":"Jaw Worm","floor":3,"turns":4},{"damage":9,"enemies":"Lagavulin","floor":8,"turns":8},{"damage":26,"enemies":"3 Sentries","floor":13,"turns":12},{"damage":44,"enemies":"Hexaghost","floor":16,"turns":11},{"damage":16,"enemies":"Shell Parasite","floor":18,"turns":5},{"damage":46,"enemies":"Chosen","floor":19,"turns":5}],"seed_played":"-1904163644614588195","potions_obtained":[{"floor":1,"key":"FearPotion"},{"floor":3,"key":"Explosive Potion"},{"floor":16,"key":"Swift Potion"}],"is_trial":false,"path_per_floor":["M","$","M","$","?","R","?","E","T","R","T","R","E","?","R","B",null,"M","M"],"character_chosen":"THE_SILENT","items_purchased":["Leg Sweep","Poisoned Stab"],"campfire_rested":2,"item_purchase_floors":[2,4],"current_hp_per_floor":[45,45,41,41,41,41,41,32,42,64,64,64,38,15,52,8,59,43,0],"gold":197,"neow_bonus":"RANDOM_COLORLESS_2","is_prod":false,"is_daily":false,"chose_seed":false,"campfire_upgraded":2,"win_rate":0,"timestamp":1553869919,"path_taken":["M","$","M","?","?","R","?","E","T","R","?","R","E","?","R","BOSS","M","M"],"build_version":"2019-01-23","purchased_purges":0,"victory":false,"max_hp_per_floor":[66,66,66,66,66,66,66,66,76,76,76,76,76,76,76,76,76,76,76],"card_choices":[{"not_picked":["Reflex","Underhanded Strike"],"picked":"Bouncing Flask","floor":1},{"not_picked":["Underhanded Strike","Eviscerate"],"picked":"Slice","floor":3},{"not_picked":["Bane","Leg Sweep"],"picked":"Escape Plan","floor":8},{"not_picked":["PiercingWail","Bane"],"picked":"Dagger Spray","floor":13},{"not_picked":["Grand Finale","Burst"],"picked":"Corpse Explosion","floor":16},{"not_picked":["Flechettes","Choke"],"picked":"Noxious Fumes","floor":17},{"not_picked":["Deflect","Outmaneuver"],"picked":"Noxious Fumes","floor":17},{"not_picked":["PiercingWail","Concentrate"],"picked":"Burst","floor":17},{"not_picked":["Distraction","Quick Slash"],"picked":"Deadly Poison","floor":18}],"player_experience":2984966,"relics_obtained":[{"floor":8,"key":"Ancient Tea Set"},{"floor":9,"key":"Pear"},{"floor":11,"key":"Regal Pillow"},{"floor":13,"key":"Smiling Mask"}],"event_choices":[{"damage_healed":0,"gold_gain":0,"player_choice":"Ignored","damage_taken":0,"max_hp_gain":0,"max_hp_loss":0,"event_name":"Liars Game","floor":5,"gold_loss":0},{"damage_healed":0,"gold_gain":0,"player_choice":"Grow","damage_taken":0,"max_hp_gain":0,"max_hp_loss":0,"event_name":"Living Wall","floor":7,"gold_loss":0,"cards_upgraded":["Leg Sweep"]},{"damage_healed":0,"gold_gain":0,"player_choice":"Entered Light","damage_taken":23,"max_hp_gain":0,"max_hp_loss":0,"event_name":"Shining Light","floor":14,"gold_loss":0,"cards_upgraded":["Dagger Spray","Strike_G"]}],"is_beta":false,"boss_relics":[{"not_picked":["Empty Cage","Eternal Feather"],"picked":"Orrery"}],"items_purged_floors":[],"is_endless":false,"potions_floor_spawned":[1,3,13,16],"killed_by":"Chosen","ascension_level":20}