{"gold_per_floor":[119,138,138,152,152,152,163,163,163,183,183,20,33,44,44,120,120,132,143,143,13,13,40,40,40,40,57,57,85,95,20,20,97,97,110,110,31,48,98,98],"floor_reached":40,"playtime":4557,"items_purged":["Strike_G"],"score":832,"play_id":"1d81b5a5-a061-4f40-a1e3-746ad562fb34","local_time":"20190323211428","is_ascension_mode":true,"campfire_choices":[{"data":"Footwork","floor":6,"key":"SMITH"},{"data":"Deadly Poison","floor":8,"key":"SMITH"},{"data":"Caltrops","floor":11,"key":"SMITH"},{"data":"Dash","floor":15,"key":"SMITH"},{"floor":24,"key":"REST"},{"floor":28,"key":"REST"},{"data":"Noxious Fumes","floor":32,"key":"SMITH"}],"neow_cost":"NONE","seed_source_timestamp":469742121554118,"circlet_count":0,"master_deck":["AscendersBane","Defend_G","Defend_G","Defend_G","Defend_G","Defend_G","Survivor","Neutralize+1","Dagger Spray","Deadly Poison+1","Footwork+1","Dagger Spray","Caltrops+1","Calculated Gamble","Dash+1","Backflip","Unload","Well Laid Plans","Skewer","Doppelganger","Tools of the Trade","Footwork","Deadly Poison","Dodge and Roll","Footwork+1","Malaise","Noxious Fumes+1","After Image","PiercingWail","Madness","Madness","Noxious Fumes"],"relics":["Ring of the Snake","Lantern","Pantograph","Sozu","Gremlin Horn","Turnip","Peace Pipe","Philosopher\u0027s Stone"],"potions_floor_usage":[16,16,23],"damage_taken":[{"damage":0,"enemies":"2 Louse","floor":1,"turns":2},{"damage":0,"enemies":"Cultist","floor":2,"turns":4},{"damage":0,"enemies":"Small Slimes","floor":4,"turns":2},{"damage":0,"enemies":"2 Fungi Beasts","floor":7,"turns":4},{"damage":0,"enemies":"3 Louse","floor":10,"turns":2},{"damage":3,"enemies":"Looter","floor":13,"turns":3},{"damage":0,"enemies":"Lots of Slimes","floor":14,"turns":3},{"damage":29,"enemies":"Slime Boss","floor":16,"turns":12},{"damage":22,"enemies":"Spheric Guardian","floor":18,"turns":5},{"damage":6,"enemies":"3 Byrds","floor":19,"turns":3},{"damage":20,"enemies":"Slavers","floor":23,"turns":6},{"damage":3,"enemies":"Centurion and Healer","floor":27,"turns":9},{"damage":7,"enemies":"Gremlin Leader","floor":29,"turns":9},{"damage":15,"enemies":"Shelled Parasite and Fungi","floor":30,"turns":5},{"damage":22,"enemies":"Automaton","floor":33,"turns":12},{"damage":0,"enemies":"Orb Walker","floor":35,"turns":5},{"damage":16,"enemies":"3 Shapes","floor":38,"turns":6},{"damage":28,"enemies":"Giant Head","floor":40,"turns":5}],"seed_played":"-5778564684141407273","potions_obtained":[{"floor":4,"key":"PowerPotion"},{"floor":13,"key":"SpeedPotion"},{"floor":16,"key":"Strength Potion"}],"is_trial":false,"path_per_floor":["M","M","?","M","?","R","M","R","T","M","R","$","M","M","R","B",null,"M","M","?","$","?","E","R","?","T","M","R","E","M","?","R","B",null,"M","?","$","M","?","E"],"character_chosen":"THE_SILENT","items_purchased":["Calculated Gamble","Footwork","Deadly Poison","Noxious Fumes"],"campfire_rested":2,"item_purchase_floors":[12,21,21,37],"current_hp_per_floor":[59,59,59,59,52,52,52,52,52,52,52,52,49,49,49,37,59,37,31,31,31,31,11,30,30,30,27,46,39,24,24,24,27,56,56,44,44,28,28,0],"gold":98,"neow_bonus":"RANDOM_COMMON_RELIC","is_prod":false,"is_daily":false,"chose_seed":false,"campfire_upgraded":5,"win_rate":0,"timestamp":1553372068,"path_taken":["M","M","?","?","?","R","M","R","T","M","R","$","M","M","R","BOSS","M","M","?","$","?","E","R","?","T","?","R","E","M","?","R","BOSS","M","?","$","M","?","E"],"build_version":"2019-01-23","purchased_purges":1,"victory":false,"max_hp_per_floor":[66,66,66,66,66,66,66,66,66,66,66,66,66,66,66,66,66,66,66,66,66,66,66,66,66,66,66,66,66,66,66,66,66,66,66,66,66,66,66,66],"card_choices":[{"not_picked":["Cloak And Dagger","Flying Knee"],"picked":"Dagger Spray","floor":1},{"not_picked":["Backstab","Deflect"],"picked":"Deadly Poison","floor":2},{"not_picked":["Choke","Adrenaline"],"picked":"Footwork","floor":4},{"not_picked":["Dodge and Roll","Dagger Throw"],"picked":"Dagger Spray","floor":7},{"not_picked":["Poisoned Stab","Quick Slash"],"picked":"Caltrops","floor":10},{"not_picked":["Backflip","Outmaneuver"],"picked":"Dash","floor":13},{"not_picked":["Blade Dance","Poisoned Stab"],"picked":"Backflip","floor":14},{"not_picked":["Doppelganger","Storm of Steel"],"picked":"Unload","floor":16},{"not_picked":["Dodge and Roll","Deadly Poison+1"],"picked":"Well Laid Plans","floor":18},{"not_picked":["Terror","Accuracy"],"picked":"Skewer","floor":19},{"not_picked":["Slice","Accuracy"],"picked":"Dodge and Roll","floor":23},{"not_picked":["Distraction","Quick Slash","Blade Dance"],"picked":"SKIP","floor":27},{"not_picked":["Prepared","Dagger Throw"],"picked":"Malaise","floor":29},{"not_picked":["Prepared","Cloak And Dagger"],"picked":"Noxious Fumes","floor":30},{"not_picked":["Malaise","Storm of Steel"],"picked":"After Image","floor":33},{"not_picked":["Cloak And Dagger","Outmaneuver"],"picked":"PiercingWail","floor":35},{"not_picked":["Sucker Punch","Flechettes","Concentrate+1"],"picked":"SKIP","floor":38}],"player_experience":2923706,"relics_obtained":[{"floor":9,"key":"Pantograph"},{"floor":23,"key":"Gremlin Horn"},{"floor":26,"key":"Turnip"},{"floor":29,"key":"Peace Pipe"}],"event_choices":[{"damage_healed":0,"gold_gain":0,"player_choice":"Forge","damage_taken":0,"max_hp_gain":0,"max_hp_loss":0,"event_name":"Accursed Blacksmith","floor":3,"gold_loss":0,"cards_upgraded":["Neutralize"]},{"cards_removed":["Strike_G"],"damage_healed":0,"gold_gain":0,"player_choice":"Card Removal","damage_taken":7,"max_hp_gain":0,"max_hp_loss":0,"event_name":"Golden Wing","floor":5,"gold_loss":0},{"damage_healed":0,"gold_gain":0,"cards_transformed":["Strike_G","Strike_G"],"player_choice":"Became Test Subject","damage_taken":0,"max_hp_gain":0,"max_hp_loss":0,"event_name":"Drug Dealer","floor":20,"gold_loss":0,"cards_obtained":["Doppelganger","Tools of the Trade"]},{"damage_healed":0,"gold_gain":0,"player_choice":"Ignored","damage_taken":0,"max_hp_gain":0,"max_hp_loss":0,"event_name":"Vampires","floor":22,"gold_loss":0},{"damage_healed":0,"gold_gain":0,"player_choice":"Copied","damage_taken":0,"max_hp_gain":0,"max_hp_loss":0,"event_name":"Duplicator","floor":25,"gold_loss":0,"cards_obtained":["Footwork"]},{"cards_removed":["Strike_G"],"damage_healed":0,"gold_gain":0,"player_choice":"Gave Gold","damage_taken":0,"max_hp_gain":0,"max_hp_loss":0,"event_name":"Beggar","floor":31,"gold_loss":75},{"damage_healed":0,"gold_gain":0,"player_choice":"Embrace Madness","damage_taken":12,"max_hp_gain":0,"max_hp_loss":0,"event_name":"Winding Halls","floor":36,"gold_loss":0,"cards_obtained":["Madness","Madness"]},{"damage_healed":0,"gold_gain":50,"player_choice":"Pray","damage_taken":0,"max_hp_gain":0,"max_hp_loss":0,"event_name":"Golden Shrine","floor":39,"gold_loss":0}],"is_beta":false,"boss_relics":[{"not_picked":["Snecko Eye","Runic Dome"],"picked":"Sozu"},{"not_picked":["WristBlade","Coffee Dripper"],"picked":"Philosopher\u0027s Stone"}],"items_purged_floors":[12],"is_endless":false,"potions_floor_spawned":[4,13,14,16,23,29,33],"killed_by":"Giant Head","ascension_level":20}