{"gold_per_floor":[114,25,41,41,41,69,84,98,98,273,149,149,159,187,187,284,284,300,315,215,227,244,273,284,93,93,93,93],"floor_reached":28,"playtime":1262,"items_purged":["Doubt","Strike_B"],"score":289,"play_id":"39cc2d37-1606-4699-83e1-0ab127e480aa","local_time":"20190414164630","is_ascension_mode":true,"campfire_choices":[{"data":"White Noise","floor":15,"key":"SMITH"}],"neow_cost":"NONE","seed_source_timestamp":41975222807079,"circlet_count":0,"master_deck":["Strike_B","Strike_B","Strike_B","Defend_B","Defend_B+1","Defend_B","Defend_B","Zap+1","Dualcast+1","Ball Lightning","Conserve Battery","Defragment","Rip and Tear","Ball Lightning","Hologram","Hologram","Conserve Battery","White Noise+1","Electrodynamics","Stack+1","Tempest","Defragment+1","Decay"],"relics":["Cracked Core","NeowsBlessing","Pen Nib","Bag of Marbles","Mercury Hourglass","Orichalcum","Black Star","Question Card","Frozen Egg 2","Oddly Smooth Stone","PreservedInsect"],"potions_floor_usage":[13,16,23,24],"damage_taken":[{"damage":0,"enemies":"Cultist","floor":1,"turns":1},{"damage":0,"enemies":"2 Louse","floor":3,"turns":1},{"damage":0,"enemies":"Lagavulin","floor":6,"turns":1},{"damage":0,"enemies":"Small Slimes","floor":7,"turns":2},{"damage":0,"enemies":"Looter","floor":8,"turns":3},{"damage":0,"enemies":"Gremlin Gang","floor":13,"turns":3},{"damage":4,"enemies":"3 Sentries","floor":14,"turns":4},{"damage":30,"enemies":"The Guardian","floor":16,"turns":8},{"damage":0,"enemies":"Chosen","floor":18,"turns":4},{"damage":16,"enemies":"Shell Parasite","floor":19,"turns":4},{"damage":0,"enemies":"Centurion and Healer","floor":21,"turns":3},{"damage":10,"enemies":"Snake Plant","floor":22,"turns":4},{"damage":13,"enemies":"Slavers","floor":23,"turns":3},{"damage":32,"enemies":"Snecko","floor":24,"turns":6},{"damage":13,"enemies":"Colosseum Slavers","floor":28,"turns":1}],"seed_played":"7472408098460716244","potions_obtained":[{"floor":3,"key":"Block Potion"},{"floor":6,"key":"EssenceOfSteel"},{"floor":8,"key":"FocusPotion"},{"floor":14,"key":"SteroidPotion"},{"floor":22,"key":"Block Potion"},{"floor":24,"key":"Fruit Juice"}],"is_trial":false,"path_per_floor":["M","?","?","?","?","M","?","?"],"character_chosen":"DEFECT","items_purchased":["Conserve Battery","Defragment","Hologram","Defragment+1","Oddly Smooth Stone"],"campfire_rested":0,"item_purchase_floors":[2,2,11,25,25],"current_hp_per_floor":[75,75,75,75,60,60,60,60,60,60,60,60,60,56,56,26,75,75,59,59,59,49,36,9,9,9,9,0],"gold":93,"neow_bonus":"THREE_ENEMY_KILL","is_prod":false,"is_daily":false,"chose_seed":false,"campfire_upgraded":1,"win_rate":0,"timestamp":1555253190,"path_taken":["M","$","?","?","?","E","M","M","T","?","$","?","?","E","R","BOSS","M","M","$","M","M","E","M","$","T","?","?"],"build_version":"2019-01-23","purchased_purges":2,"victory":false,"max_hp_per_floor":[75,75,75,75,75,75,75,75,75,75,75,75,75,75,75,75,75,75,75,75,75,75,75,80,80,80,80,80],"card_choices":[{"not_picked":["Stack","Compile Driver"],"picked":"Ball Lightning","floor":1},{"not_picked":["Conserve Battery","Doom and Gloom"],"picked":"Rip and Tear","floor":3},{"not_picked":["Rebound","Lockon","Fusion"],"picked":"SKIP","floor":6},{"not_picked":["Turbo","Gash"],"picked":"Ball Lightning","floor":7},{"not_picked":["Streamline","Echo Form"],"picked":"Hologram","floor":8},{"not_picked":["Streamline","Compile Driver"],"picked":"Conserve Battery","floor":13},{"not_picked":["Barrage","Steam"],"picked":"White Noise","floor":14},{"not_picked":["Reboot","Meteor Strike"],"picked":"Electrodynamics","floor":16},{"not_picked":["Conserve Battery","Cold Snap+1"],"picked":"Stack+1","floor":18},{"not_picked":["Rip and Tear","Turbo+1","Consume"],"picked":"SKIP","floor":19},{"not_picked":["Redo","Hologram","Recycle"],"picked":"SKIP","floor":21},{"not_picked":["Redo","Stack","Melter"],"picked":"SKIP","floor":22},{"not_picked":["Rip and Tear","Steam","All For One"],"picked":"SKIP","floor":23},{"not_picked":["Scrape+1","Doom and Gloom","Steam Power"],"picked":"Tempest","floor":24}],"player_experience":69165,"relics_obtained":[{"floor":6,"key":"Pen Nib"},{"floor":9,"key":"Bag of Marbles"},{"floor":14,"key":"Orichalcum"},{"floor":23,"key":"Question Card"},{"floor":23,"key":"Frozen Egg 2"},{"floor":26,"key":"PreservedInsect"}],"event_choices":[{"damage_healed":0,"gold_gain":0,"player_choice":"Grow","damage_taken":0,"max_hp_gain":0,"max_hp_loss":0,"event_name":"Living Wall","floor":4,"gold_loss":0,"cards_upgraded":["Zap"]},{"damage_healed":0,"gold_gain":0,"player_choice":"Entered Light","damage_taken":15,"max_hp_gain":0,"max_hp_loss":0,"event_name":"Shining Light","floor":5,"gold_loss":0,"cards_upgraded":["Dualcast","Defend_B"]},{"damage_healed":0,"gold_gain":175,"player_choice":"AGREE","damage_taken":0,"max_hp_gain":0,"max_hp_loss":0,"event_name":"Liars Game","floor":10,"gold_loss":0,"cards_obtained":["Doubt"]},{"damage_healed":0,"gold_gain":0,"player_choice":"Gave Potion","damage_taken":0,"relics_obtained":["Mercury Hourglass"],"max_hp_gain":0,"max_hp_loss":0,"event_name":"WeMeetAgain","floor":12,"gold_loss":0},{"damage_healed":0,"gold_gain":0,"player_choice":"Smashed Altar","damage_taken":0,"max_hp_gain":0,"max_hp_loss":0,"event_name":"Forgotten Altar","floor":27,"gold_loss":0,"cards_obtained":["Decay"]},{"damage_healed":0,"gold_gain":0,"player_choice":"Fight","damage_taken":0,"max_hp_gain":0,"max_hp_loss":0,"event_name":"Colosseum","floor":28,"gold_loss":0}],"is_beta":false,"boss_relics":[{"not_picked":["Nuclear Battery","Velvet Choker"],"picked":"Black Star"}],"items_purged_floors":[11,20],"is_endless":false,"potions_floor_spawned":[3,6,8,14,22,24],"killed_by":"Colosseum Slavers","ascension_level":1}