{"gold_per_floor":[369,389,408,426,601,629,629,646,646,646,681,559,571,313,313,313],"floor_reached":16,"playtime":963,"items_purged":["Doubt","Double Tap"],"score":118,"play_id":"fd905c58-4f60-4346-ad18-bccf959dfb9b","local_time":"20190327110343","is_ascension_mode":true,"campfire_choices":[{"floor":15,"key":"RECALL"}],"neow_cost":"PERCENT_DAMAGE","seed_source_timestamp":614281936389817,"circlet_count":0,"master_deck":["Strike_R","Strike_R","Strike_R","Strike_R","Strike_R","Defend_R","Defend_R","Defend_R","Defend_R","Bash","Iron Wave","Metallicize+1","Ghostly Armor","Clothesline","Flame Barrier","Shrug It Off","Dramatic Entrance"],"relics":["Burning Blood","Dream Catcher","Strawberry","Prayer Wheel"],"potions_floor_usage":[6,6],"damage_taken":[{"damage":1,"enemies":"Cultist","floor":1,"turns":4},{"damage":0,"enemies":"Small Slimes","floor":2,"turns":3},{"damage":2,"enemies":"Jaw Worm","floor":3,"turns":5},{"damage":5,"enemies":"3 Louse","floor":4,"turns":5},{"damage":31,"enemies":"3 Sentries","floor":6,"turns":18},{"damage":1,"enemies":"2 Fungi Beasts","floor":8,"turns":6},{"damage":35,"enemies":"Lagavulin","floor":11,"turns":14},{"damage":0,"enemies":"Gremlin Gang","floor":13,"turns":8},{"damage":22,"enemies":"Slime Boss","floor":16,"turns":13}],"seed_played":"1844254482711768535","potions_obtained":[{"floor":3,"key":"BloodPotion"},{"floor":4,"key":"Dexterity Potion"},{"floor":6,"key":"FairyPotion"},{"floor":11,"key":"Dexterity Potion"}],"is_trial":false,"path_per_floor":["?","?","M","?"],"character_chosen":"IRONCLAD","items_purchased":["Shrug It Off","Double Tap","Dramatic Entrance"],"campfire_rested":0,"item_purchase_floors":[12,14,14],"current_hp_per_floor":[61,67,71,72,72,55,55,60,60,64,35,35,41,41,41,19],"gold":313,"neow_bonus":"TWO_FIFTY_GOLD","is_prod":false,"is_daily":false,"chose_seed":false,"campfire_upgraded":0,"win_rate":0,"timestamp":1553681023,"path_taken":["M","M","M","M","?","E","?","?","T","?","E","$","M","$","R","BOSS"],"build_version":"2019-01-23","purchased_purges":2,"victory":false,"max_hp_per_floor":[80,80,80,80,80,80,80,80,80,87,87,87,87,87,87,87],"card_choices":[{"not_picked":["Fire Breathing","Perfected Strike"],"picked":"Iron Wave","floor":1},{"not_picked":["Blood for Blood","Shrug It Off"],"picked":"Metallicize","floor":2},{"not_picked":["Infernal Blade","Clash","Sever Soul"],"picked":"SKIP","floor":3},{"not_picked":["Reckless Charge","Cleave"],"picked":"Ghostly Armor","floor":4},{"not_picked":["Hemokinesis","Headbutt"],"picked":"Clothesline","floor":6},{"not_picked":["Rampage","Clothesline","Reckless Charge"],"picked":"SKIP","floor":8},{"not_picked":["Hemokinesis","Fire Breathing"],"picked":"Flame Barrier","floor":11},{"not_picked":["Searing Blow","Twin Strike","Anger"],"picked":"SKIP","floor":13},{"not_picked":["Twin Strike","Inflame","Limit Break"],"picked":"SKIP","floor":13}],"player_experience":48795,"relics_obtained":[{"floor":6,"key":"Dream Catcher"},{"floor":11,"key":"Prayer Wheel"}],"event_choices":[{"damage_healed":0,"gold_gain":175,"player_choice":"AGREE","damage_taken":0,"max_hp_gain":0,"max_hp_loss":0,"event_name":"Liars Game","floor":5,"gold_loss":0,"cards_obtained":["Doubt"]},{"damage_healed":0,"gold_gain":0,"player_choice":"Upgraded","damage_taken":0,"max_hp_gain":0,"max_hp_loss":0,"event_name":"Upgrade Shrine","floor":7,"gold_loss":0,"cards_upgraded":["Metallicize"]},{"damage_healed":0,"gold_gain":0,"player_choice":"Success","damage_taken":3,"relics_obtained":["Strawberry"],"max_hp_gain":0,"max_hp_loss":0,"event_name":"Scrap Ooze","floor":10,"gold_loss":0}],"is_beta":false,"boss_relics":[],"items_purged_floors":[12,14],"is_endless":false,"potions_floor_spawned":[3,4,6,11],"killed_by":"Slime Boss","ascension_level":1}