{"gold_per_floor":[114,114,39,39,53,53,65,65,65,79,137,59,59,59,59,161,161,176,176,186,50,65,65,83,83,83,83,83,112,131,150,150,249,249,266,366,377,395,395,424,424,424,447,46,46,0,14,29,29,29],"floor_reached":51,"playtime":4980,"items_purged":["Defend_G","Strike_G","Defend_G"],"score":910,"play_id":"f0a1c6e6-0d85-46ad-a950-44c589506a5f","local_time":"20190108213043","is_ascension_mode":false,"campfire_choices":[{"data":"Blur","floor":6,"key":"SMITH"},{"data":"Noxious Fumes","floor":8,"key":"SMITH"},{"data":"Footwork","floor":13,"key":"SMITH"},{"data":"Backflip","floor":15,"key":"SMITH"},{"data":"Footwork","floor":23,"key":"SMITH"},{"data":"Noxious Fumes","floor":25,"key":"SMITH"},{"data":"Blur","floor":32,"key":"SMITH"},{"data":"Blur","floor":41,"key":"SMITH"},{"data":"Blur","floor":45,"key":"SMITH"},{"data":"Survivor","floor":49,"key":"SMITH"}],"neow_cost":"NONE","seed_source_timestamp":14486156768420,"circlet_count":0,"master_deck":["Defend_G","Defend_G","Defend_G","Strike_G","Strike_G","Strike_G","Survivor+1","Neutralize+1","Blur+1","Noxious Fumes+1","Backflip+1","Footwork+1","Adrenaline","Footwork+1","Blur+1","Noxious Fumes+1","Blur+1","Backflip+1","Leg Sweep+1","Terror+1","Blur+1"],"relics":["Ring of the Snake","Question Card","Shuriken","Velvet Choker","Matryoshka","Vajra","Strawberry","Paper Crane","Gambling Chip","Pantograph","Lantern","Juzu Bracelet","Red Mask"],"potions_floor_usage":[11,33,37,40,50,50],"damage_taken":[{"damage":0,"enemies":"Jaw Worm","floor":1,"turns":6},{"damage":1,"enemies":"Small Slimes","floor":5,"turns":4},{"damage":0,"enemies":"Cultist","floor":7,"turns":5},{"damage":0,"enemies":"Blue Slaver","floor":10,"turns":5},{"damage":7,"enemies":"3 Sentries","floor":11,"turns":8},{"damage":0,"enemies":"The Guardian","floor":16,"turns":13},{"damage":0,"enemies":"Spheric Guardian","floor":18,"turns":6},{"damage":0,"enemies":"Chosen","floor":20,"turns":7},{"damage":0,"enemies":"Shelled Parasite and Fungi","floor":22,"turns":7},{"damage":0,"enemies":"Centurion and Healer","floor":24,"turns":8},{"damage":0,"enemies":"Book of Stabbing","floor":29,"turns":8},{"damage":0,"enemies":"Snecko","floor":30,"turns":6},{"damage":0,"enemies":"Snake Plant","floor":31,"turns":6},{"damage":0,"enemies":"Collector","floor":33,"turns":11},{"damage":0,"enemies":"3 Darklings","floor":35,"turns":7},{"damage":0,"enemies":"3 Shapes","floor":37,"turns":5},{"damage":0,"enemies":"Jaw Worm Horde","floor":38,"turns":6},{"damage":0,"enemies":"Nemesis","floor":40,"turns":15},{"damage":0,"enemies":"Spire Growth","floor":47,"turns":9},{"damage":0,"enemies":"3 Darklings","floor":48,"turns":7},{"damage":0,"enemies":"Time Eater","floor":50,"turns":20}],"seed_played":"6173181193266848628","potions_obtained":[{"floor":7,"key":"SteroidPotion"},{"floor":11,"key":"Ancient Potion"},{"floor":16,"key":"Strength Potion"},{"floor":19,"key":"Fire Potion"},{"floor":20,"key":"FairyPotion"},{"floor":22,"key":"SpeedPotion"},{"floor":37,"key":"FearPotion"},{"floor":38,"key":"Dexterity Potion"}],"is_trial":false,"path_per_floor":["M","?","$","?","M","R","M","R","T","M","?","$","R","?","R","B",null,"M","?","M","$","M","R","M","R","T","?","?","E","M","M","R","B",null,"M","?","M","M","?","E","R","T","T","$","R","?","M","M","R","B",null],"character_chosen":"THE_SILENT","items_purchased":["Footwork","Noxious Fumes","Blur","Juzu Bracelet","Poison Potion"],"campfire_rested":0,"item_purchase_floors":[12,21,44,44,44],"current_hp_per_floor":[70,70,70,70,69,69,69,69,69,69,62,62,62,67,67,67,75,75,75,75,75,75,75,75,75,75,75,75,75,75,75,75,75,75,75,75,75,75,75,82,82,82,82,82,82,82,82,82,82,82],"gold":29,"neow_bonus":"UPGRADE_CARD","is_prod":false,"is_daily":false,"chose_seed":false,"campfire_upgraded":10,"win_rate":0.0,"timestamp":1546943443,"path_taken":["M","?","$","?","?","R","M","R","T","M","?","$","R","?","R","BOSS","M","?","M","$","?","R","M","R","T","?","?","E","M","M","R","BOSS","M","?","M","?","?","E","R","?","T","$","R","?","M","M","R","BOSS"],"build_version":"2019-01-03v4","purchased_purges":3,"victory":true,"max_hp_per_floor":[70,70,70,70,70,70,70,70,70,70,70,70,70,75,75,75,75,75,75,75,75,75,75,75,75,75,75,75,75,75,75,75,75,75,75,75,75,75,75,82,82,82,82,82,82,82,82,82,82,82],"card_choices":[{"not_picked":["PiercingWail","Outmaneuver"],"picked":"Blur","floor":1},{"not_picked":["Caltrops","Underhanded Strike","Quick Slash"],"picked":"SKIP","floor":5},{"not_picked":["Backstab","Reflex"],"picked":"Noxious Fumes","floor":7},{"not_picked":["Flying Knee","Slice","Deflect","Outmaneuver"],"picked":"SKIP","floor":10},{"not_picked":["Sucker Punch","All Out Attack","Skewer"],"picked":"Backflip","floor":11},{"not_picked":["Glass Knife","Malaise","Envenom"],"picked":"Adrenaline","floor":16},{"not_picked":["Blade Dance","Dodge and Roll+1","Dagger Spray"],"picked":"Footwork","floor":18},{"not_picked":["Flying Knee","Choke","Bane+1"],"picked":"Blur","floor":20},{"not_picked":["Riddle With Holes","Distraction","Bane","Poisoned Stab"],"picked":"SKIP","floor":22},{"not_picked":["Corpse Explosion","Acrobatics","Flying Knee","Blade Dance"],"picked":"SKIP","floor":24},{"not_picked":["Deflect","Crippling Poison+1","Caltrops","All Out Attack+1"],"picked":"SKIP","floor":29},{"not_picked":["Dodge and Roll","Riddle With Holes","Poisoned Stab"],"picked":"Blur","floor":30},{"not_picked":["Flying Knee+1","Bane","Poisoned Stab","Outmaneuver+1"],"picked":"SKIP","floor":31},{"not_picked":["Acrobatics+1","PiercingWail","Crippling Poison+1"],"picked":"Backflip+1","floor":35},{"not_picked":["Dagger Spray+1","Flechettes+1","Outmaneuver"],"picked":"Leg Sweep+1","floor":37},{"not_picked":["PiercingWail","Eviscerate","Catalyst","Crippling Poison"],"picked":"SKIP","floor":38},{"not_picked":["Deadly Poison","Quick Slash","Poisoned Stab"],"picked":"Terror+1","floor":40},{"not_picked":["Skewer","Endless Agony+1","Burst","All Out Attack"],"picked":"SKIP","floor":47},{"not_picked":["Bane","Quick Slash","PiercingWail","All Out Attack"],"picked":"SKIP","floor":48}],"player_experience":48960,"relics_obtained":[{"floor":9,"key":"Question Card"},{"floor":26,"key":"Matryoshka"},{"floor":29,"key":"Vajra"},{"floor":40,"key":"Strawberry"},{"floor":42,"key":"Paper Crane"},{"floor":42,"key":"Gambling Chip"},{"floor":43,"key":"Pantograph"},{"floor":43,"key":"Lantern"}],"event_choices":[{"damage_healed":0,"gold_gain":0,"player_choice":"Ignored","damage_taken":0,"max_hp_gain":0,"max_hp_loss":0,"event_name":"Shining Light","floor":2,"gold_loss":0},{"cards_removed":["Strike_G"],"damage_healed":0,"gold_gain":0,"player_choice":"Offered Basic","damage_taken":0,"max_hp_gain":0,"max_hp_loss":0,"event_name":"Bonfire Elementals","floor":4,"gold_loss":0},{"damage_healed":0,"gold_gain":0,"player_choice":"Searched \u00272\u0027 times","damage_taken":0,"relics_obtained":["Shuriken"],"max_hp_gain":0,"max_hp_loss":0,"event_name":"Dead Adventurer","floor":11,"gold_loss":0},{"damage_healed":0,"gold_gain":0,"player_choice":"Donut","damage_taken":0,"max_hp_gain":5,"max_hp_loss":0,"event_name":"Big Fish","floor":14,"gold_loss":0},{"damage_healed":0,"gold_gain":0,"player_choice":"Got Potions","damage_taken":0,"max_hp_gain":0,"max_hp_loss":0,"event_name":"Lab","floor":19,"gold_loss":0},{"damage_healed":0,"gold_gain":0,"player_choice":"Ignored","damage_taken":0,"max_hp_gain":0,"max_hp_loss":0,"event_name":"Ghosts","floor":27,"gold_loss":0},{"damage_healed":0,"gold_gain":100,"player_choice":"Pray","damage_taken":0,"max_hp_gain":0,"max_hp_loss":0,"event_name":"Golden Shrine","floor":36,"gold_loss":0},{"damage_healed":0,"gold_gain":0,"player_choice":"Memory 1","damage_taken":0,"max_hp_gain":0,"max_hp_loss":0,"event_name":"SensoryStone","floor":39,"gold_loss":0},{"damage_healed":0,"gold_gain":0,"player_choice":"Paid","damage_taken":0,"relics_obtained":["Red Mask"],"max_hp_gain":0,"max_hp_loss":0,"event_name":"Tomb of Lord Red Mask","floor":46,"gold_loss":46}],"is_beta":false,"boss_relics":[{"not_picked":["Snecko Eye","Runic Dome"],"picked":"Velvet Choker"},{"not_picked":["HoveringKite","Calling Bell","Sozu"]}],"items_purged_floors":[3,21,44],"is_endless":false,"potions_floor_spawned":[7,11,16,20,22,29,37,38],"ascension_level":0}