{"gold_per_floor":[118,137,152,46,61,61,76,108,162,162,117,117],"floor_reached":12,"playtime":652,"items_purged":[],"score":128,"play_id":"b085c411-660f-4865-87c7-696d6f5cb14b","local_time":"20190511080127","is_ascension_mode":true,"campfire_choices":[{"data":"Armaments","floor":6.0,"key":"SMITH"},{"floor":10.0,"key":"REST"}],"neow_cost":"NONE","seed_source_timestamp":0,"circlet_count":0,"master_deck":["AscendersBane","Strike_R","Strike_R","Strike_R","Strike_R","Strike_R","Defend_R","Defend_R","Defend_R","Bash","Armaments+1","Disarm","Flex","Whirlwind","Carnage","Disarm","Pommel Strike"],"special_seed":0,"relics":["Burning Blood","Frozen Egg 2","Centennial Puzzle"],"potions_floor_usage":[12,12],"damage_taken":[{"damage":5.0,"enemies":"Small Slimes","floor":1.0,"turns":3.0},{"damage":16.0,"enemies":"Jaw Worm","floor":2.0,"turns":6.0},{"damage":3.0,"enemies":"2 Louse","floor":3.0,"turns":3.0},{"damage":31.0,"enemies":"Large Slime","floor":5.0,"turns":8.0},{"damage":12.0,"enemies":"Looter","floor":7.0,"turns":3.0},{"damage":32.0,"enemies":"3 Sentries","floor":8.0,"turns":9.0},{"damage":46,"enemies":"Lagavulin","floor":12,"turns":6}],"seed_played":"-2597096059624603510","potions_obtained":[{"floor":2.0,"key":"SpeedPotion"},{"floor":5.0,"key":"Dexterity Potion"}],"is_trial":false,"path_per_floor":["M","M","M","$","M","R","M","E","T","R","?","E"],"character_chosen":"IRONCLAD","items_purchased":["Flex","Whirlwind"],"campfire_rested":1,"item_purchase_floors":[4,4],"current_hp_per_floor":[73,63,66,66,41,41,35,9,9,33,33,0],"gold":117,"neow_bonus":"REMOVE_CARD","is_prod":false,"is_daily":false,"chose_seed":false,"campfire_upgraded":1,"win_rate":0,"timestamp":1557532887,"path_taken":["M","M","M","$","M","R","M","E","T","R","?","E"],"build_version":"2019-01-23","purchased_purges":0,"victory":false,"max_hp_per_floor":[80,80,80,80,80,80,80,80,80,80,80,80],"card_choices":[{"not_picked":["Pommel Strike","Twin Strike"],"picked":"Armaments","floor":1.0},{"not_picked":["Dual Wield","Power Through","Combust"],"picked":"SKIP","floor":2.0},{"not_picked":["Armaments","Entrench"],"picked":"Disarm","floor":3.0},{"not_picked":["Clothesline","Cleave"],"picked":"Carnage","floor":5.0},{"not_picked":["Rupture","Anger"],"picked":"Disarm","floor":7.0},{"not_picked":["Disarm","Sword Boomerang"],"picked":"Pommel Strike","floor":8.0}],"player_experience":737806,"relics_obtained":[{"floor":8.0,"key":"Frozen Egg 2"},{"floor":9.0,"key":"Centennial Puzzle"}],"event_choices":[{"damage_healed":0.0,"max_hp_gain":0.0,"max_hp_loss":0.0,"gold_gain":0.0,"event_name":"World of Goop","player_choice":"Left Gold","floor":11.0,"gold_loss":45.0,"damage_taken":0.0}],"is_beta":false,"boss_relics":[],"items_purged_floors":[],"is_endless":false,"potions_floor_spawned":[2,5],"killed_by":"Lagavulin","ascension_level":12}