{"gold_per_floor":[109,128,143,159,176,176,195,229,254,254],"floor_reached":10,"playtime":413,"items_purged":[],"score":72,"play_id":"c2e8cc23-8b2c-4723-a21d-2a9237e16fde","local_time":"20190511024831","is_ascension_mode":false,"campfire_choices":[{"data":"Heavy Blade","floor":6,"key":"SMITH"}],"neow_cost":"NONE","seed_source_timestamp":572674104799110,"circlet_count":0,"master_deck":["Strike_R","Strike_R","Strike_R","Strike_R","Strike_R","Defend_R","Defend_R","Defend_R","Defend_R","Bash+1","Heavy Blade+1","Offering"],"relics":["Burning Blood","Lantern","Art of War"],"potions_floor_usage":[5,8,10],"damage_taken":[{"damage":6,"enemies":"2 Louse","floor":1,"turns":3},{"damage":5,"enemies":"Small Slimes","floor":2,"turns":3},{"damage":1,"enemies":"Cultist","floor":3,"turns":3},{"damage":1,"enemies":"Exordium Wildlife","floor":4,"turns":3},{"damage":27,"enemies":"Exordium Thugs","floor":5,"turns":7},{"damage":15,"enemies":"Looter","floor":7,"turns":3},{"damage":35,"enemies":"3 Sentries","floor":8,"turns":9},{"damage":32,"enemies":"Lagavulin","floor":10,"turns":3}],"seed_played":"-8990320606512521235","potions_obtained":[{"floor":2,"key":"SpeedPotion"},{"floor":3,"key":"Swift Potion"},{"floor":5,"key":"Fire Potion"}],"is_trial":false,"path_per_floor":["M","M","M","M","M","R","M","E","T","E"],"character_chosen":"IRONCLAD","items_purchased":[],"campfire_rested":0,"item_purchase_floors":[],"current_hp_per_floor":[80,80,80,80,59,59,50,21,21,0],"gold":254,"neow_bonus":"UPGRADE_CARD","is_prod":false,"is_daily":false,"chose_seed":false,"campfire_upgraded":1,"win_rate":0,"timestamp":1557535711,"path_taken":["M","M","M","M","M","R","M","E","T","E"],"build_version":"2019-01-23","purchased_purges":0,"victory":false,"max_hp_per_floor":[80,80,80,80,80,80,80,80,80,80],"card_choices":[{"not_picked":["Clash","Flex","Power Through"],"picked":"SKIP","floor":1},{"not_picked":["Cleave","Clothesline","Sword Boomerang"],"picked":"SKIP","floor":2},{"not_picked":["Anger","Clothesline"],"picked":"Heavy Blade","floor":3},{"not_picked":["Cleave","Armaments","Ghostly Armor"],"picked":"SKIP","floor":4},{"not_picked":["Armaments","Shrug It Off","True Grit"],"picked":"SKIP","floor":5},{"not_picked":["Corruption","Intimidate"],"picked":"Offering","floor":7},{"not_picked":["Dark Embrace","Evolve","True Grit"],"picked":"SKIP","floor":8}],"player_experience":459128,"relics_obtained":[{"floor":8,"key":"Lantern"},{"floor":9,"key":"Art of War"}],"event_choices":[],"is_beta":false,"boss_relics":[],"items_purged_floors":[],"is_endless":false,"potions_floor_spawned":[2,3,5],"killed_by":"Lagavulin","ascension_level":0}