{"gold_per_floor":[119,132,132,152,171,171,171,171,223,248,248,266,266,124,124,224,224,240,8,8,28,40,374,407,436,436,455,455,471,484,136,136,234,234,253,264,33,33,44,44,44],"floor_reached":41,"playtime":2870,"items_purged":[],"score":528,"play_id":"f8a438e0-2962-4f4e-9c91-0de38dca84fb","local_time":"20190324192251","is_ascension_mode":false,"campfire_choices":[{"data":"Calculated Gamble","floor":6,"key":"SMITH"},{"floor":11,"key":"REST"},{"data":"Endless Agony","floor":15,"key":"SMITH"},{"data":"Night Terror","floor":28,"key":"SMITH"},{"data":"Backstab","floor":32,"key":"SMITH"},{"data":"Adrenaline","floor":40,"key":"SMITH"}],"neow_cost":"NONE","seed_source_timestamp":383120165274872,"circlet_count":0,"master_deck":["Defend_G","Defend_G","Defend_G","Defend_G","Defend_G","Survivor","Neutralize+1","Calculated Gamble+1","Deflect","Underhanded Strike+1","Dagger Spray","Dagger Spray+1","Endless Agony+1","Leg Sweep","Night Terror+1","Deflect+1","Backstab+1","Bite","Bite","Bite","Bite","Crippling Poison+1","Slice","Endless Agony+1","Dagger Spray","Dagger Spray","Crippling Poison","Violence","Acrobatics","Adrenaline+1","Acrobatics","Dark Shackles"],"relics":["Ring of the Snake","NeowsBlessing","Vajra","Bag of Marbles","WingedGreaves","Coffee Dripper","PreservedInsect","Old Coin","Bag of Preparation","Ancient Tea Set","Tough Bandages","Whetstone","WristBlade","Happy Flower"],"potions_floor_usage":[24,29,33,33],"damage_taken":[{"damage":0,"enemies":"Small Slimes","floor":1,"turns":1},{"damage":0,"enemies":"Cultist","floor":2,"turns":1},{"damage":0,"enemies":"Jaw Worm","floor":4,"turns":1},{"damage":11,"enemies":"2 Fungi Beasts","floor":5,"turns":5},{"damage":16,"enemies":"3 Sentries","floor":10,"turns":9},{"damage":0,"enemies":"Large Slime","floor":12,"turns":5},{"damage":38,"enemies":"Slime Boss","floor":16,"turns":9},{"damage":5,"enemies":"2 Thieves","floor":18,"turns":4},{"damage":4,"enemies":"3 Byrds","floor":21,"turns":6},{"damage":13,"enemies":"Centurion and Healer","floor":22,"turns":4},{"damage":19,"enemies":"Gremlin Leader","floor":23,"turns":8},{"damage":5,"enemies":"Slavers","floor":24,"turns":2},{"damage":0,"enemies":"Gremlin Leader","floor":25,"turns":3},{"damage":21,"enemies":"Sentry and Sphere","floor":27,"turns":6},{"damage":1,"enemies":"Snake Plant","floor":29,"turns":3},{"damage":5,"enemies":"Shelled Parasite and Fungi","floor":30,"turns":4},{"damage":42,"enemies":"Automaton","floor":33,"turns":10},{"damage":1,"enemies":"3 Darklings","floor":35,"turns":4},{"damage":0,"enemies":"Orb Walker","floor":36,"turns":3},{"damage":42,"enemies":"Sphere and 2 Shapes","floor":39,"turns":3},{"damage":20,"enemies":"Transient","floor":41,"turns":3}],"seed_played":"-8259121205077521211","potions_obtained":[{"floor":1,"key":"Regen Potion"},{"floor":4,"key":"SteroidPotion"},{"floor":5,"key":"Fruit Juice"},{"floor":16,"key":"SteroidPotion"},{"floor":18,"key":"EssenceOfSteel"},{"floor":24,"key":"Regen Potion"},{"floor":25,"key":"Block Potion"},{"floor":36,"key":"Explosive Potion"}],"is_trial":false,"path_per_floor":["?","M","?","?","?","$","?","?"],"character_chosen":"THE_SILENT","items_purchased":["Endless Agony","Leg Sweep","Backstab","PreservedInsect","Violence","Whetstone","Acrobatics","Happy Flower","Dark Shackles"],"campfire_rested":1,"item_purchase_floors":[14,14,19,19,31,31,31,37,37],"current_hp_per_floor":[70,70,70,70,59,59,59,59,59,43,64,64,64,64,64,26,70,65,65,49,49,42,37,39,45,45,28,28,44,41,41,41,15,54,54,54,54,54,14,14,0],"gold":44,"neow_bonus":"THREE_ENEMY_KILL","is_prod":false,"is_daily":false,"chose_seed":false,"campfire_upgraded":5,"win_rate":0.0,"timestamp":1553451771,"path_taken":["M","M","?","?","M","R","?","?","T","E","R","M","?","?","R","BOSS","M","$","?","M","M","E","E","E","T","M","R","M","M","$","R","BOSS","M","M","$","?","M","R","M"],"build_version":"2019-01-23","purchased_purges":0,"victory":false,"max_hp_per_floor":[70,70,70,70,70,70,70,70,70,70,70,70,70,70,70,70,70,70,70,49,49,49,49,54,54,54,54,54,54,54,54,54,54,54,54,54,54,54,54,54,54],"card_choices":[{"not_picked":["Masterful Stab","Outmaneuver"],"picked":"Calculated Gamble","floor":1},{"not_picked":["Masterful Stab","All Out Attack"],"picked":"Deflect","floor":2},{"not_picked":["Calculated Gamble","Well Laid Plans"],"picked":"Underhanded Strike","floor":4},{"not_picked":["Flying Knee","Deflect"],"picked":"Dagger Spray","floor":5},{"not_picked":["Calculated Gamble","Slice"],"picked":"Dagger Spray","floor":10},{"not_picked":["Caltrops","Flying Knee","Dodge and Roll"],"picked":"SKIP","floor":12},{"not_picked":["Burst","Venomology"],"picked":"Night Terror","floor":16},{"not_picked":["Dagger Throw","Blade Dance"],"picked":"Deflect+1","floor":18},{"not_picked":["Dagger Throw","Flechettes+1"],"picked":"Crippling Poison+1","floor":21},{"not_picked":["Deadly Poison","Quick Slash"],"picked":"Slice","floor":22},{"not_picked":["Distraction","Doppelganger"],"picked":"Endless Agony+1","floor":23},{"not_picked":["Poisoned Stab+1","Acrobatics"],"picked":"Dagger Spray","floor":24},{"not_picked":["Blur","All Out Attack","Deflect"],"picked":"SKIP","floor":25},{"not_picked":["Deflect","Prepared"],"picked":"Dagger Spray","floor":27},{"not_picked":["Sucker Punch","Quick Slash+1"],"picked":"Crippling Poison","floor":29},{"not_picked":["Sucker Punch","Prepared","Glass Knife"],"picked":"SKIP","floor":30},{"not_picked":["Venomology","Night Terror"],"picked":"Adrenaline","floor":33},{"not_picked":["Riddle With Holes+1","Poisoned Stab"],"picked":"Acrobatics","floor":35},{"not_picked":["Outmaneuver","Noxious Fumes","Reflex+1"],"picked":"SKIP","floor":36},{"not_picked":["Dodge and Roll","Quick Slash","Flying Knee"],"picked":"SKIP","floor":39}],"player_experience":5777,"relics_obtained":[{"floor":9,"key":"Bag of Marbles"},{"floor":10,"key":"WingedGreaves"},{"floor":23,"key":"Old Coin"},{"floor":24,"key":"Bag of Preparation"},{"floor":25,"key":"Ancient Tea Set"},{"floor":26,"key":"Tough Bandages"}],"event_choices":[{"damage_healed":0,"gold_gain":0,"player_choice":"Gave Potion","damage_taken":0,"relics_obtained":["Vajra"],"max_hp_gain":0,"max_hp_loss":0,"event_name":"WeMeetAgain","floor":3,"gold_loss":0},{"damage_healed":0,"gold_gain":0,"player_choice":"Ignored","damage_taken":0,"max_hp_gain":0,"max_hp_loss":0,"event_name":"Liars Game","floor":7,"gold_loss":0},{"damage_healed":0,"gold_gain":0,"player_choice":"Ignored","damage_taken":0,"max_hp_gain":0,"max_hp_loss":0,"event_name":"Golden Idol","floor":8,"gold_loss":0},{"damage_healed":0,"gold_gain":0,"player_choice":"Grow","damage_taken":0,"max_hp_gain":0,"max_hp_loss":0,"event_name":"Living Wall","floor":13,"gold_loss":0,"cards_upgraded":["Dagger Spray"]},{"damage_healed":0,"gold_gain":0,"player_choice":"Became a vampire","damage_taken":0,"max_hp_gain":0,"max_hp_loss":21,"event_name":"Vampires","floor":20,"gold_loss":0,"cards_obtained":["Bite","Bite","Bite","Bite","Bite"]},{"cards_removed":["Bite"],"damage_healed":0,"gold_gain":0,"player_choice":"Purged","damage_taken":0,"max_hp_gain":0,"max_hp_loss":0,"event_name":"Purifier","floor":38,"gold_loss":0}],"is_beta":false,"boss_relics":[{"not_picked":["Runic Dome","Orrery"],"picked":"Coffee Dripper"},{"not_picked":["Sozu","Velvet Choker"],"picked":"WristBlade"}],"items_purged_floors":[],"is_endless":false,"potions_floor_spawned":[1,4,5,16,18,24,25,27,36],"killed_by":"Transient","ascension_level":0}