{"gold_per_floor":[115,190,190,210,210,56,56,56,56,70,70,90,90,111,111,111],"floor_reached":16,"playtime":377,"items_purged":["Strike_R"],"score":126,"play_id":"3e2cf761-a213-471e-967e-4acb4fa6b080","local_time":"20190508094512","is_ascension_mode":true,"campfire_choices":[{"floor":8,"key":"REST"},{"data":"Inflame","floor":15,"key":"SMITH"}],"neow_cost":"PERCENT_DAMAGE","seed_source_timestamp":1034511478273494,"circlet_count":0,"master_deck":["Strike_R","Strike_R","Defend_R","Defend_R+1","Defend_R","Defend_R","Bash","Carnage","Sentinel","Whirlwind+1","Inflame+1","Shrug It Off"],"relics":["Burning Blood","Thread and Needle","Golden Idol"],"potions_floor_usage":[16],"damage_taken":[{"damage":7,"enemies":"Jaw Worm","floor":1,"turns":4},{"damage":0,"enemies":"Small Slimes","floor":4,"turns":3},{"damage":2,"enemies":"Cultist","floor":10,"turns":3},{"damage":3,"enemies":"3 Louse","floor":12,"turns":2},{"damage":2,"enemies":"Large Slime","floor":14,"turns":8},{"damage":53,"enemies":"Hexaghost","floor":16,"turns":10}],"seed_played":"-7545313070623598661","potions_obtained":[{"floor":14,"key":"BloodPotion"}],"is_trial":false,"path_per_floor":["?","?","M","?","?","?","$"],"character_chosen":"IRONCLAD","items_purchased":["Inflame"],"campfire_rested":1,"item_purchase_floors":[6],"current_hp_per_floor":[50,39,39,45,25,25,25,49,49,53,37,40,40,44,44,0],"gold":111,"neow_bonus":"ONE_RARE_RELIC","is_prod":false,"is_daily":false,"chose_seed":false,"campfire_upgraded":1,"win_rate":0,"timestamp":1557301512,"path_taken":["M","?","?","?","?","$","?","R","T","M","?","M","?","M","R","BOSS"],"build_version":"2019-01-23","purchased_purges":1,"victory":false,"max_hp_per_floor":[80,80,80,80,80,80,80,80,80,80,80,80,80,80,80,80],"card_choices":[{"not_picked":["Iron Wave","Power Through"],"picked":"Carnage","floor":1},{"not_picked":["Headbutt","Armaments"],"picked":"Whirlwind","floor":4},{"not_picked":["Intimidate","Wild Strike"],"picked":"Shrug It Off","floor":10},{"not_picked":["Power Through","Rage","Clash"],"picked":"SKIP","floor":12},{"not_picked":["Sword Boomerang","Twin Strike","Clash"],"picked":"SKIP","floor":14}],"player_experience":253283,"relics_obtained":[],"event_choices":[{"damage_healed":0,"gold_gain":75,"player_choice":"Gather Gold","damage_taken":11,"max_hp_gain":0,"max_hp_loss":0,"event_name":"World of Goop","floor":2,"gold_loss":0},{"damage_healed":0,"gold_gain":0,"cards_transformed":["Strike_R"],"player_choice":"Transformed","damage_taken":0,"max_hp_gain":0,"max_hp_loss":0,"event_name":"Transmorgrifier","floor":3,"gold_loss":0,"cards_obtained":["Sentinel"]},{"damage_healed":0,"gold_gain":0,"player_choice":"Take Damage","damage_taken":20,"relics_obtained":["Golden Idol"],"max_hp_gain":0,"max_hp_loss":0,"event_name":"Golden Idol","floor":5,"gold_loss":0},{"cards_removed":["Strike_R"],"damage_healed":0,"gold_gain":0,"player_choice":"Forget","damage_taken":0,"max_hp_gain":0,"max_hp_loss":0,"event_name":"Living Wall","floor":7,"gold_loss":0},{"damage_healed":0,"gold_gain":0,"player_choice":"Entered Light","damage_taken":16,"max_hp_gain":0,"max_hp_loss":0,"event_name":"Shining Light","floor":11,"gold_loss":0,"cards_upgraded":["Whirlwind","Defend_R"]}],"is_beta":false,"boss_relics":[],"items_purged_floors":[6],"is_endless":false,"potions_floor_spawned":[14],"killed_by":"Hexaghost","ascension_level":8}