{"gold_per_floor":[115,131,150,163,240,240,260,278,303,303,303,303,79,98,98,98],"floor_reached":16,"playtime":598,"items_purged":["Rupture+1"],"score":136,"play_id":"dde7f77d-8cf8-49ca-ad87-38d9f5efac20","local_time":"20190511003734","is_ascension_mode":true,"campfire_choices":[{"data":"Rupture","floor":6.0,"key":"SMITH"},{"floor":10.0,"key":"REST"},{"floor":12.0,"key":"REST"},{"data":"Heavy Blade","floor":15,"key":"SMITH"}],"neow_cost":"NONE","seed_source_timestamp":564582475574279,"circlet_count":0,"master_deck":["Strike_R","Strike_R","Strike_R","Strike_R","Strike_R","Defend_R","Defend_R","Defend_R+1","Defend_R+1","Bash","Heavy Blade+1","Twin Strike","Battle Trance"],"special_seed":0,"relics":["Burning Blood","War Paint","Anchor","Lantern"],"potions_floor_usage":[],"damage_taken":[{"damage":4.0,"enemies":"2 Louse","floor":1.0,"turns":4.0},{"damage":0.0,"enemies":"Small Slimes","floor":2.0,"turns":3.0},{"damage":1.0,"enemies":"Cultist","floor":3.0,"turns":4.0},{"damage":32.0,"enemies":"Exordium Thugs","floor":4.0,"turns":8.0},{"damage":4.0,"enemies":"Large Slime","floor":7.0,"turns":4.0},{"damage":14.0,"enemies":"Blue Slaver","floor":8.0,"turns":4.0},{"damage":31,"enemies":"Gremlin Gang","floor":14,"turns":7},{"damage":73,"enemies":"The Guardian","floor":16,"turns":7}],"seed_played":"-8254598260333628692","potions_obtained":[{"floor":2.0,"key":"Dexterity Potion"},{"floor":4.0,"key":"PowerPotion"},{"floor":7.0,"key":"Ancient Potion"}],"is_trial":false,"path_per_floor":["M","M","M","M","?","R","M","M","T","R","?","R","$","M","R","B"],"character_chosen":"IRONCLAD","items_purchased":["Lantern"],"campfire_rested":2,"item_purchase_floors":[13],"current_hp_per_floor":[82,88,88,62,62,62,64,56,56,82,49,75,75,50,50,0],"gold":98,"neow_bonus":"TEN_PERCENT_HP_BONUS","is_prod":false,"is_daily":false,"chose_seed":false,"campfire_upgraded":2,"win_rate":0,"timestamp":1557527854,"path_taken":["M","M","M","M","?","R","M","M","T","R","?","R","$","M","R","BOSS"],"build_version":"2019-01-23","purchased_purges":1,"victory":false,"max_hp_per_floor":[88,88,88,88,88,88,88,88,88,88,88,88,88,88,88,88],"card_choices":[{"not_picked":["Clash","Flex"],"picked":"Heavy Blade","floor":1.0},{"not_picked":["Shrug It Off","Armaments"],"picked":"Rupture","floor":2.0},{"not_picked":["Rage","Shockwave","Cleave"],"picked":"SKIP","floor":3.0},{"not_picked":["Body Slam","Wild Strike"],"picked":"Twin Strike","floor":4.0},{"not_picked":["Dual Wield","Perfected Strike","Headbutt"],"picked":"SKIP","floor":7.0},{"not_picked":["Iron Wave","Anger","Dark Embrace"],"picked":"SKIP","floor":8.0},{"not_picked":["Entrench","Pommel Strike"],"picked":"Battle Trance","floor":14}],"player_experience":453587,"relics_obtained":[{"floor":9.0,"key":"War Paint"}],"event_choices":[{"damage_healed":0.0,"max_hp_gain":0.0,"max_hp_loss":0.0,"gold_gain":77.0,"event_name":"Golden Wing","player_choice":"Gained Gold","floor":5.0,"gold_loss":0.0,"damage_taken":0.0},{"damage_healed":0.0,"max_hp_gain":0.0,"max_hp_loss":0.0,"gold_gain":0.0,"event_name":"Scrap Ooze","player_choice":"Success","floor":11.0,"gold_loss":0.0,"damage_taken":33.0,"relics_obtained":["Anchor"]}],"is_beta":false,"boss_relics":[],"items_purged_floors":[13],"is_endless":false,"potions_floor_spawned":[2,4,7],"killed_by":"The Guardian","ascension_level":9}