{"gold_per_floor":[112,123,137,152,169,201,176,156,234,234,246,246,266,213,213,312,312,312],"floor_reached":18,"playtime":782,"items_purged":[],"score":164,"play_id":"2f7b14d3-07fa-4f60-877a-8f6436a10d24","local_time":"20190325120935","is_ascension_mode":false,"campfire_choices":[{"data":"Glacier","floor":10,"key":"SMITH"},{"floor":15,"key":"REST"}],"neow_cost":"NONE","seed_source_timestamp":445619199863246,"circlet_count":0,"master_deck":["Strike_B","Strike_B","Strike_B","Strike_B","Defend_B","Zap","Dualcast","Blizzard","Glacier+1","Hologram","Ball Lightning","Conserve Battery","Ball Lightning","Sweeping Beam","Buffer","Undo+1","Double Energy+1","BootSequence+1"],"relics":["Cracked Core","NeowsBlessing","Ancient Tea Set","Pear","Astrolabe"],"potions_floor_usage":[16,16],"damage_taken":[{"damage":0,"enemies":"Cultist","floor":1,"turns":1},{"damage":0,"enemies":"Small Slimes","floor":2,"turns":1},{"damage":0,"enemies":"Jaw Worm","floor":3,"turns":1},{"damage":27,"enemies":"Lots of Slimes","floor":4,"turns":6},{"damage":12,"enemies":"2 Fungi Beasts","floor":5,"turns":4},{"damage":8,"enemies":"Lagavulin","floor":6,"turns":13},{"damage":4,"enemies":"Exordium Wildlife","floor":11,"turns":7},{"damage":11,"enemies":"Lots of Slimes","floor":13,"turns":4},{"damage":27,"enemies":"Slime Boss","floor":16,"turns":8},{"damage":20,"enemies":"3 Byrds","floor":18,"turns":7}],"seed_played":"3545780758841197663","potions_obtained":[{"floor":1,"key":"Strength Potion"},{"floor":4,"key":"SneckoOil"},{"floor":8,"key":"Energy Potion"},{"floor":13,"key":"AttackPotion"},{"floor":16,"key":"Energy Potion"}],"is_trial":false,"path_per_floor":["M","?","?","M","?"],"character_chosen":"DEFECT","items_purchased":["Sweeping Beam"],"campfire_rested":1,"item_purchase_floors":[14],"current_hp_per_floor":[75,75,75,48,36,28,28,28,38,38,34,34,23,23,48,21,85,65],"gold":312,"neow_bonus":"THREE_ENEMY_KILL","is_prod":false,"is_daily":false,"chose_seed":false,"campfire_upgraded":1,"win_rate":0.0,"timestamp":1553512175,"path_taken":["M","M","M","M","?","E","?","?","T","R","?","?","M","$","R","BOSS","M"],"build_version":"2019-01-23","purchased_purges":0,"victory":false,"max_hp_per_floor":[75,75,75,75,75,75,75,75,85,85,85,85,85,85,85,85,85,85],"card_choices":[{"not_picked":["Leap","Hologram"],"picked":"Blizzard","floor":1},{"not_picked":["Scrape","Conserve Battery"],"picked":"Glacier","floor":2},{"not_picked":["Go for the Eyes","Barrage"],"picked":"Hologram","floor":3},{"not_picked":["Scrape","Chaos","Go for the Eyes"],"picked":"SKIP","floor":4},{"not_picked":["Gash","Barrage","Undo"],"picked":"SKIP","floor":5},{"not_picked":["Stack","All For One"],"picked":"Ball Lightning","floor":6},{"not_picked":["Steam","Auto Shields"],"picked":"Conserve Battery","floor":11},{"not_picked":["Undo","Stack"],"picked":"Ball Lightning","floor":13},{"not_picked":["Creative AI","Amplify"],"picked":"Buffer","floor":16}],"player_experience":25548,"relics_obtained":[{"floor":6,"key":"Ancient Tea Set"},{"floor":9,"key":"Pear"}],"event_choices":[{"damage_healed":0,"gold_gain":0,"player_choice":"Left Gold","damage_taken":0,"max_hp_gain":0,"max_hp_loss":0,"event_name":"World of Goop","floor":7,"gold_loss":25},{"damage_healed":0,"gold_gain":0,"player_choice":"Bought 1 Potion","damage_taken":0,"max_hp_gain":0,"max_hp_loss":0,"event_name":"The Woman in Blue","floor":8,"gold_loss":0},{"damage_healed":0,"gold_gain":0,"cards_transformed":["Defend_B"],"player_choice":"Change","damage_taken":0,"max_hp_gain":0,"max_hp_loss":0,"event_name":"Living Wall","floor":12,"gold_loss":0,"cards_obtained":["Biased Cognition"]}],"is_beta":false,"boss_relics":[{"not_picked":["Calling Bell","Eternal Feather"],"picked":"Astrolabe"}],"items_purged_floors":[],"is_endless":false,"potions_floor_spawned":[1,4,13,16],"killed_by":"3 Byrds","ascension_level":0}