{"path_per_floor":["M","M","M","?","$","R","?","R","T","?","?","M","M","M","R","B",null,"M","M","$","M","M","E","M","M","T","R","?","M","R","?","R","B",null,"M","M","?","M","M","R","M","R","T","?","?","M","R","?","R"],"character_chosen":"IRONCLAD","items_purchased":["Bandage Up","Regal Pillow"],"gold_per_floor":[16,31,48,48,48,48,48,48,48,48,48,69,93,111,111,230,230,253,272,27,40,53,96,112,137,162,162,87,102,102,102,102,233,233,247,272,0,24,42,42,56,56,83,83,83,101,101,101,101,101],"floor_reached":50,"campfire_rested":6,"playtime":5334,"current_hp_per_floor":[80,78,78,75,75,75,75,75,82,81,74,64,70,64,64,31,81,57,40,40,17,50,37,24,18,18,57,57,38,77,77,77,12,81,81,69,69,58,30,71,24,65,65,65,65,27,69,69,91,0],"items_purged":[],"gold":101,"score":458,"play_id":"3575fc88-10f9-4cec-a126-45ce3ba849e9","local_time":"20180408211458","is_prod":false,"is_daily":false,"is_ascension_mode":false,"campfire_upgraded":4,"timestamp":1523236498,"path_taken":["M","M","M","?","?","R","?","R","T","?","?","M","?","M","R","BOSS","M","M","$","M","M","E","M","M","T","R","?","M","R","?","R","BOSS","M","M","?","M","M","R","?","R","T","?","?","?","R","?","R","BOSS"],"build_version":"2018-04-05v2","purchased_purges":0,"victory":false,"master_deck":["Strike_R","Strike_R","Defend_R","Defend_R","Bash+1","Rampage","Whirlwind+1","Twin Strike","Shrug It Off+1","Intimidate+1","Double Tap+1","Armaments+1","Shockwave+1","Bandage Up","Iron Wave+1","Spot Weakness+1","Burning Pact","Clash+1","Heavy Blade","Clash+1","Shockwave","Feed","Flex","Pommel Strike","Cleave+1","Second Wind","Ghostly Armor","Spot Weakness+1"],"max_hp_per_floor":[80,80,80,80,80,80,80,80,87,81,81,81,81,81,81,81,81,81,81,81,81,81,81,81,81,81,81,81,81,81,81,81,81,81,81,81,81,85,88,88,88,88,88,88,88,91,91,91,91,91],"relics":["Burning Blood","Happy Flower","Strawberry","Golden Idol","Lizard Tail","Regal Pillow","War Paint","Pen Nib","Velvet Choker","Red Mask","Oddly Smooth Stone"],"card_choices":[{"not_picked":["Anger","Heavy Blade"],"picked":"Rampage","floor":1.0},{"not_picked":["Rage","Perfected Strike"],"picked":"Whirlwind","floor":2.0},{"not_picked":["Sword Boomerang","Warcry"],"picked":"Twin Strike","floor":3.0},{"not_picked":["Uppercut","Clash"],"picked":"Pommel Strike","floor":12.0},{"not_picked":["Combust","Body Slam"],"picked":"Shrug It Off","floor":13.0},{"not_picked":["Bloodletting","Iron Wave"],"picked":"Intimidate","floor":14.0},{"not_picked":["Reaper","Dark Embrace"],"picked":"Double Tap","floor":16.0},{"not_picked":["Shrug It Off","Perfected Strike"],"picked":"Armaments","floor":18.0},{"not_picked":["Searing Blow","Iron Wave"],"picked":"Shockwave","floor":19.0},{"not_picked":["Flame Barrier","Cleave"],"picked":"Iron Wave","floor":21.0},{"not_picked":["Perfected Strike","Corruption"],"picked":"Spot Weakness","floor":22.0},{"not_picked":["Clothesline","Entrench"],"picked":"Burning Pact","floor":23.0},{"not_picked":["Pommel Strike","Sword Boomerang"],"picked":"Clash","floor":24.0},{"not_picked":["Armaments","Body Slam"],"picked":"Heavy Blade","floor":25.0},{"not_picked":["Carnage","Pommel Strike"],"picked":"Clash","floor":29.0},{"not_picked":["Double Tap","Barricade"],"picked":"Feed","floor":33.0},{"not_picked":["Iron Wave","Ghostly Armor"],"picked":"Flex","floor":35.0},{"not_picked":["Searing Blow","Dropkick"],"picked":"Pommel Strike","floor":36.0},{"not_picked":["Uppercut","Twin Strike"],"picked":"Cleave","floor":38.0},{"not_picked":["Body Slam","Twin Strike"],"picked":"Second Wind","floor":39.0},{"not_picked":["Heavy Blade","Thunderclap"],"picked":"Ghostly Armor","floor":41.0},{"not_picked":["Warcry","Heavy Blade"],"picked":"Spot Weakness","floor":46.0}],"player_experience":25452,"potions_floor_usage":[50,50],"damage_taken":[{"damage":0.0,"enemies":"2 Louse","floor":1.0,"turns":2.0},{"damage":8.0,"enemies":"Jaw Worm","floor":2.0,"turns":4.0},{"damage":6.0,"enemies":"Cultist","floor":3.0,"turns":3.0},{"damage":16.0,"enemies":"3 Louse","floor":12.0,"turns":2.0},{"damage":0.0,"enemies":"2 Fungi Beasts","floor":13.0,"turns":1.0},{"damage":12.0,"enemies":"Blue Slaver","floor":14.0,"turns":3.0},{"damage":39.0,"enemies":"The Guardian","floor":16.0,"turns":12.0},{"damage":30.0,"enemies":"Spheric Guardian","floor":18.0,"turns":4.0},{"damage":23.0,"enemies":"Chosen","floor":19.0,"turns":5.0},{"damage":35.0,"enemies":"3 Cultists","floor":21.0,"turns":6.0},{"damage":30.0,"enemies":"Cultist and Chosen","floor":22.0,"turns":4.0},{"damage":23.0,"enemies":"Book of Stabbing","floor":23.0,"turns":6.0},{"damage":19.0,"enemies":"Snecko","floor":24.0,"turns":6.0},{"damage":16.0,"enemies":"Snake Plant","floor":25.0,"turns":3.0},{"damage":29.0,"enemies":"Centurion and Healer","floor":29.0,"turns":5.0},{"damage":78.0,"enemies":"Collector","floor":33.0,"turns":8.0},{"damage":0.0,"enemies":"Orb Walker","floor":35.0,"turns":2.0},{"damage":22.0,"enemies":"3 Shapes","floor":36.0,"turns":2.0},{"damage":25.0,"enemies":"Sphere and 2 Shapes","floor":38.0,"turns":4.0},{"damage":41.0,"enemies":"4 Shapes","floor":39.0,"turns":7.0},{"damage":57.0,"enemies":"Maw","floor":41.0,"turns":6.0},{"damage":51.0,"enemies":"Sphere and 2 Shapes","floor":46.0,"turns":5.0},{"damage":95,"enemies":"Donu and Deca","floor":50,"turns":6}],"event_choices":[{"event_name":"Scrap Ooze","player_choice":"success","floor":4.0,"damage_taken":3.0},{"event_name":"Liars Game","player_choice":"disagreed","floor":7.0,"damage_taken":0.0},{"event_name":"Golden Idol","player_choice":"Lose Max HP","floor":10.0,"damage_taken":0.0},{"event_name":"Golden Wing","player_choice":"Card Removal","floor":11.0,"damage_taken":0.0},{"event_name":"Beggar","player_choice":"Gave Gold","floor":28.0,"damage_taken":0.0},{"event_name":"Transmorgrifier","player_choice":"Transform","floor":31.0,"damage_taken":0.0},{"event_name":"Tomb of Lord Red Mask","player_choice":"Paid","floor":37.0,"damage_taken":0.0},{"event_name":"The Lab","player_choice":"Got Potions","floor":44.0,"damage_taken":0.0},{"event_name":"The Moai Head","player_choice":"Ignored","floor":45.0,"damage_taken":0.0}],"boss_relics":[],"potions_floor_spawned":[1,2,13,16,18,22,25,29,36,38],"seed_played":"-1705789496274965365","killed_by":"Donu and Deca","ascension_level":0,"is_trial":false}