{"gold_per_floor":[116,131,150,71,84,84,101,101,182,182,216,216,216,236,236,236],"floor_reached":16,"playtime":14472,"items_purged":[],"score":204,"play_id":"307253a5-69db-411b-9e63-a6fdb166be21","local_time":"20190410010938","is_ascension_mode":true,"campfire_choices":[{"floor":6,"key":"REST"},{"floor":8,"key":"REST"},{"data":"Caltrops","floor":10,"key":"SMITH"},{"floor":15,"key":"REST"}],"neow_cost":"CURSE","seed_source_timestamp":1121745526883468,"circlet_count":0,"master_deck":["AscendersBane","Defend_G","Defend_G","Defend_G","Defend_G","Defend_G","Strike_G","Strike_G","Strike_G","Survivor","Neutralize","Clumsy","Doppelganger","Setup","Dagger Spray","Quick Slash","Dagger Spray","Caltrops+1","Poisoned Stab","Envenom","PiercingWail","Catalyst","Sucker Punch"],"relics":["Ring of the Snake","Bottled Tornado","Pocketwatch","Golden Idol"],"potions_floor_usage":[7,11],"damage_taken":[{"damage":31,"enemies":"Cultist","floor":1,"turns":8},{"damage":11,"enemies":"Small Slimes","floor":2,"turns":5},{"damage":0,"enemies":"Jaw Worm","floor":3,"turns":6},{"damage":5,"enemies":"2 Fungi Beasts","floor":5,"turns":5},{"damage":18,"enemies":"Lots of Slimes","floor":7,"turns":3},{"damage":27,"enemies":"3 Sentries","floor":11,"turns":5},{"damage":12,"enemies":"3 Louse","floor":14,"turns":2},{"damage":25,"enemies":"The Guardian","floor":16,"turns":10}],"seed_played":"-911977069280510529","potions_obtained":[{"floor":2,"key":"Ancient Potion"},{"floor":5,"key":"EssenceOfSteel"},{"floor":7,"key":"Regen Potion"}],"is_trial":false,"path_per_floor":["M","M","M","$","M","R","M","R","T","R","E","?","?","M","R","B"],"character_chosen":"THE_SILENT","items_purchased":["Caltrops"],"campfire_rested":3,"item_purchase_floors":[4],"current_hp_per_floor":[28,17,17,17,12,31,13,32,32,32,19,19,19,7,25,0],"gold":236,"neow_bonus":"TRANSFORM_TWO_CARDS","is_prod":false,"is_daily":false,"chose_seed":false,"campfire_upgraded":1,"win_rate":0,"timestamp":1554851378,"path_taken":["M","M","?","$","M","R","M","R","T","R","E","?","?","?","R","BOSS"],"build_version":"2019-01-23","purchased_purges":0,"victory":false,"max_hp_per_floor":[66,66,66,66,66,66,66,66,66,66,66,60,60,60,60,60],"card_choices":[{"not_picked":["All Out Attack","Prepared"],"picked":"Dagger Spray","floor":1},{"not_picked":["Dodge and Roll","Distraction"],"picked":"Quick Slash","floor":2},{"not_picked":["Outmaneuver","Acrobatics"],"picked":"Dagger Spray","floor":3},{"not_picked":["Quick Slash","Endless Agony"],"picked":"Poisoned Stab","floor":5},{"not_picked":["Dagger Spray","Sucker Punch"],"picked":"Envenom","floor":7},{"not_picked":["Deadly Poison","Bane"],"picked":"PiercingWail","floor":11},{"not_picked":["Slice","Deflect"],"picked":"Sucker Punch","floor":14}],"player_experience":3052857,"relics_obtained":[{"floor":9,"key":"Bottled Tornado"},{"floor":11,"key":"Pocketwatch"}],"event_choices":[{"damage_healed":0,"gold_gain":0,"player_choice":"Lose Max HP","damage_taken":0,"relics_obtained":["Golden Idol"],"max_hp_gain":0,"max_hp_loss":6,"event_name":"Golden Idol","floor":12,"gold_loss":0},{"damage_healed":0,"gold_gain":0,"player_choice":"1 cards matched","damage_taken":0,"max_hp_gain":0,"max_hp_loss":0,"event_name":"Match and Keep!","floor":13,"gold_loss":0,"cards_obtained":["Catalyst"]}],"is_beta":false,"boss_relics":[],"items_purged_floors":[],"is_endless":false,"potions_floor_spawned":[2,5,7],"killed_by":"The Guardian","ascension_level":20}