{"gold_per_floor":[113,1,12,12,87,87,121,141,141,141,161,195,195,220,220,317,317,330,230,250,98,111,138,138,168,168,168,43,43,61,61,61,61],"floor_reached":33,"playtime":1509,"items_purged":["Defend_R","Strike_R","Strike_R"],"score":523,"play_id":"9ea81545-e4c6-49c5-b7c1-22fe7e361d96","local_time":"20190510162730","is_ascension_mode":true,"campfire_choices":[{"data":"Inflame","floor":6,"key":"SMITH"},{"data":"Spot Weakness","floor":13,"key":"SMITH"},{"floor":15,"key":"REST"},{"floor":24,"key":"REST"},{"data":"Shrug It Off","floor":27,"key":"SMITH"},{"floor":32,"key":"REST"}],"neow_cost":"NONE","seed_source_timestamp":534317742744509,"circlet_count":0,"master_deck":["Strike_R","Strike_R","Strike_R","Defend_R","Defend_R","Defend_R","Bash+1","Dropkick","Inflame+1","Spot Weakness+1","Shrug It Off+1","Dropkick","Feed"],"relics":["Burning Blood","NeowsBlessing","Mango","Pocketwatch","Strawberry","Regal Pillow","Lizard Tail","PreservedInsect","Pantograph","Juzu Bracelet","Du-Vu Doll","SsserpentHead"],"potions_floor_usage":[14,18,18,23,25,33],"damage_taken":[{"damage":0,"enemies":"2 Louse","floor":1,"turns":1},{"damage":0,"enemies":"Jaw Worm","floor":3,"turns":1},{"damage":0,"enemies":"Gremlin Nob","floor":7,"turns":1},{"damage":10,"enemies":"Small Slimes","floor":8,"turns":4},{"damage":9,"enemies":"Looter","floor":11,"turns":3},{"damage":26,"enemies":"3 Sentries","floor":12,"turns":8},{"damage":18,"enemies":"Gremlin Nob","floor":14,"turns":3},{"damage":52,"enemies":"The Guardian","floor":16,"turns":7},{"damage":44,"enemies":"2 Thieves","floor":18,"turns":5},{"damage":27,"enemies":"Spheric Guardian","floor":20,"turns":5},{"damage":5,"enemies":"Snecko","floor":22,"turns":4},{"damage":29,"enemies":"Book of Stabbing","floor":23,"turns":5},{"damage":78,"enemies":"Gremlin Leader","floor":25,"turns":6},{"damage":42,"enemies":"Centurion and Healer","floor":30,"turns":7},{"damage":106,"enemies":"Automaton","floor":33,"turns":8}],"seed_played":"5505457322328637513","potions_obtained":[{"floor":7,"key":"Poison Potion"},{"floor":14,"key":"SpeedPotion"},{"floor":16,"key":"Weak Potion"},{"floor":18,"key":"EssenceOfSteel"},{"floor":20,"key":"Ancient Potion"},{"floor":23,"key":"Weak Potion"}],"is_trial":false,"path_per_floor":["M","$","M","?","?","R","E","M","T","?","M","E","R","E","R","B",null,"M","$","M","$","M","E","R","E","T","R","$","?","M","?","R","B"],"character_chosen":"IRONCLAD","items_purchased":["Inflame","PreservedInsect"],"campfire_rested":3,"item_purchase_floors":[2,21],"current_hp_per_floor":[78,78,80,85,74,74,94,90,90,90,87,74,74,62,106,60,95,60,60,42,42,46,26,76,65,65,65,65,65,29,29,79,0],"gold":61,"neow_bonus":"THREE_ENEMY_KILL","is_prod":false,"is_daily":false,"chose_seed":false,"campfire_upgraded":3,"win_rate":0,"timestamp":1557498450,"path_taken":["M","$","M","?","?","R","E","M","T","?","M","E","R","E","R","BOSS","M","$","M","?","M","E","R","E","T","R","$","?","M","?","R","BOSS"],"build_version":"2019-01-23","purchased_purges":3,"victory":false,"max_hp_per_floor":[80,80,80,85,85,85,99,99,99,99,99,106,106,106,106,106,106,109,109,112,112,115,118,118,118,118,118,118,118,118,118,118,118],"card_choices":[{"not_picked":["Clash","Armaments"],"picked":"Dropkick","floor":1},{"not_picked":["True Grit","Anger"],"picked":"Spot Weakness","floor":3},{"not_picked":["Power Through","Reckless Charge","Flex"],"picked":"SKIP","floor":7},{"not_picked":["Body Slam","Warcry"],"picked":"Shrug It Off","floor":8},{"not_picked":["Metallicize","Warcry","Clothesline"],"picked":"SKIP","floor":11},{"not_picked":["Sentinel","Shrug It Off","Metallicize"],"picked":"SKIP","floor":12},{"not_picked":["Reaper","Feel No Pain"],"picked":"Dropkick","floor":14},{"not_picked":["Brutality","Impervious"],"picked":"Feed","floor":16},{"not_picked":["Flex","Anger+1","Carnage"],"picked":"SKIP","floor":18},{"not_picked":["Havoc+1","Armaments+1","Blood for Blood"],"picked":"SKIP","floor":20},{"not_picked":["Thunderclap","Perfected Strike","Power Through+1"],"picked":"SKIP","floor":22},{"not_picked":["Headbutt+1","Second Wind","Disarm+1"],"picked":"SKIP","floor":23},{"not_picked":["Barricade","Hemokinesis","Feel No Pain"],"picked":"SKIP","floor":25},{"not_picked":["Bloodletting","Entrench","Spot Weakness"],"picked":"SKIP","floor":30}],"player_experience":446653,"relics_obtained":[{"floor":7,"key":"Mango"},{"floor":9,"key":"Pocketwatch"},{"floor":12,"key":"Strawberry"},{"floor":14,"key":"Regal Pillow"},{"floor":23,"key":"Pantograph"},{"floor":25,"key":"Juzu Bracelet"},{"floor":26,"key":"Du-Vu Doll"}],"event_choices":[{"damage_healed":0,"gold_gain":0,"player_choice":"Donut","damage_taken":0,"max_hp_gain":5,"max_hp_loss":0,"event_name":"Big Fish","floor":4,"gold_loss":0},{"damage_healed":0,"gold_gain":75,"player_choice":"Gather Gold","damage_taken":11,"max_hp_gain":0,"max_hp_loss":0,"event_name":"World of Goop","floor":5,"gold_loss":0},{"damage_healed":0,"gold_gain":0,"player_choice":"Forge","damage_taken":0,"max_hp_gain":0,"max_hp_loss":0,"event_name":"Accursed Blacksmith","floor":10,"gold_loss":0,"cards_upgraded":["Bash"]},{"damage_healed":0,"gold_gain":0,"player_choice":"Ignored","damage_taken":0,"max_hp_gain":0,"max_hp_loss":0,"event_name":"Ghosts","floor":29,"gold_loss":0},{"damage_healed":0,"gold_gain":0,"player_choice":"Trade","damage_taken":0,"relics_obtained":["SsserpentHead"],"max_hp_gain":0,"max_hp_loss":0,"event_name":"FaceTrader","floor":31,"gold_loss":0}],"is_beta":false,"boss_relics":[{"not_picked":["Tiny House","White Beast Statue"],"picked":"Lizard Tail"}],"items_purged_floors":[2,19,28],"is_endless":false,"potions_floor_spawned":[7,14,16,18,20,23],"killed_by":"Automaton","ascension_level":9}