{"gold_per_floor":[113,113,113,137,151,151,191,205,205,237,249,261,287,314,326,338],"floor_reached":16,"playtime":1798,"items_purged":[],"score":104,"play_id":"859ad9d6-4049-41ff-821c-fa87b7e42d3a","local_time":"20190102200459","is_ascension_mode":false,"campfire_choices":[{"floor":6,"key":"REST"},{"floor":11,"key":"REST"},{"floor":15,"key":"REST"}],"neow_cost":"","seed_source_timestamp":3423536910080,"circlet_count":0,"master_deck":["Strike_R","Strike_R","Strike_R","Strike_R","Strike_R","Defend_R","Defend_R","Defend_R","Bash","Power Through","Perfected Strike+1","Pommel Strike","Armaments","Iron Wave","Intimidate","Rampage","Cleave"],"relics":["Burning Blood","Golden Idol","Bag of Preparation","MawBank"],"potions_floor_usage":[],"damage_taken":[{"damage":2,"enemies":"2 Louse","floor":1,"turns":3},{"damage":13,"enemies":"Jaw Worm","floor":4,"turns":4},{"damage":0,"enemies":"Small Slimes","floor":5,"turns":4},{"damage":43,"enemies":"Gremlin Nob","floor":7,"turns":5},{"damage":17,"enemies":"2 Fungi Beasts","floor":8,"turns":4},{"damage":5,"enemies":"Exordium Wildlife","floor":10,"turns":4},{"damage":4,"enemies":"Lots of Slimes","floor":13,"turns":7},{"damage":12,"enemies":"Exordium Thugs","floor":14,"turns":4},{"damage":79,"enemies":"The Guardian","floor":16,"turns":13}],"seed_played":"7813866953924759844","potions_obtained":[{"floor":1,"key":"Weak Potion"},{"floor":5,"key":"Dexterity Potion"},{"floor":7,"key":"SpeedPotion"},{"floor":8,"key":"Explosive Potion"}],"is_trial":false,"path_per_floor":["M","?","?","M","M","R","E","M","T","M","R","?","M","M","R","B"],"character_chosen":"IRONCLAD","items_purchased":[],"campfire_rested":3,"item_purchase_floors":[],"current_hp_per_floor":[80,73,53,46,52,76,39,28,28,29,53,53,55,49,73,0],"gold":338,"neow_bonus":"","is_prod":false,"is_daily":false,"chose_seed":false,"campfire_upgraded":0,"win_rate":0.0,"timestamp":1546419899,"path_taken":["M","?","?","M","M","R","E","M","T","M","R","?","M","M","R","BOSS"],"build_version":"2018-12-20","purchased_purges":0,"victory":false,"max_hp_per_floor":[80,80,80,80,80,80,80,80,80,80,80,80,80,80,80,80],"card_choices":[{"not_picked":["Corruption","Body Slam"],"picked":"Power Through","floor":1},{"not_picked":["Clothesline","Cleave"],"picked":"Perfected Strike","floor":4},{"not_picked":["Twin Strike","Body Slam"],"picked":"Pommel Strike","floor":5},{"not_picked":["Anger","Pummel"],"picked":"Armaments","floor":7},{"not_picked":["Dual Wield","Intimidate"],"picked":"Iron Wave","floor":8},{"not_picked":["Bloodletting","Offering"],"picked":"Intimidate","floor":10},{"not_picked":["Twin Strike","Cleave"],"picked":"Rampage","floor":13},{"not_picked":["Clash","Headbutt"],"picked":"Cleave","floor":14}],"player_experience":0,"relics_obtained":[{"floor":7,"key":"Bag of Preparation"},{"floor":9,"key":"MawBank"}],"event_choices":[{"cards_removed":["Defend_R"],"damage_healed":0,"gold_gain":0,"player_choice":"Card Removal","damage_taken":7,"max_hp_gain":0,"max_hp_loss":0,"event_name":"Golden Wing","floor":2,"gold_loss":0},{"damage_healed":0,"gold_gain":0,"player_choice":"Take Damage","damage_taken":20,"relics_obtained":["Golden Idol"],"max_hp_gain":0,"max_hp_loss":0,"event_name":"Golden Idol","floor":3,"gold_loss":0},{"damage_healed":0,"gold_gain":0,"player_choice":"Grow","damage_taken":0,"max_hp_gain":0,"max_hp_loss":0,"event_name":"Living Wall","floor":12,"gold_loss":0,"cards_upgraded":["Perfected Strike"]}],"is_beta":false,"boss_relics":[],"items_purged_floors":[],"is_endless":false,"potions_floor_spawned":[1,5,7,8],"killed_by":"The Guardian","ascension_level":0}