{"gold_per_floor":[115,131,281,206,120,120,151,151,177,177,195,213,193,208,208,282,282,302,231,260,200],"floor_reached":21,"playtime":1130,"items_purged":[],"score":354,"play_id":"fac8a865-4938-493e-960f-ec83debe32df","local_time":"20190428175410","is_ascension_mode":true,"campfire_choices":[{"data":"Infinite Blades","floor":8.0,"key":"SMITH"},{"data":"Footwork","floor":10.0,"key":"SMITH"},{"floor":15.0,"key":"REST"}],"neow_cost":"NONE","seed_source_timestamp":68289312866211,"circlet_count":0,"master_deck":["AscendersBane","Defend_G","Defend_G","Defend_G","Defend_G","Defend_G","Strike_G","Strike_G","Strike_G","Strike_G","Strike_G","Survivor","Neutralize","Bane","Deflect","Infinite Blades+1","Cloak And Dagger","Footwork+1","Blur","Footwork","Dagger Spray","Adrenaline","Caltrops","Slice"],"special_seed":0,"relics":["Ring of the Snake","NeowsBlessing","Art of War","Juzu Bracelet","Anchor","Busted Crown","Red Mask"],"potions_floor_usage":[20,20],"damage_taken":[{"damage":0.0,"enemies":"Jaw Worm","floor":1.0,"turns":1.0},{"damage":0.0,"enemies":"Small Slimes","floor":2.0,"turns":1.0},{"damage":0.0,"enemies":"Gremlin Nob","floor":7.0,"turns":1.0},{"damage":0.0,"enemies":"2 Louse","floor":11.0,"turns":3.0},{"damage":18.0,"enemies":"Lots of Slimes","floor":12.0,"turns":6.0},{"damage":9.0,"enemies":"Large Slime","floor":14.0,"turns":8.0},{"damage":30.0,"enemies":"Slime Boss","floor":16.0,"turns":15.0},{"damage":15.0,"enemies":"Spheric Guardian","floor":18.0,"turns":8.0},{"damage":33,"enemies":"Masked Bandits","floor":20,"turns":7},{"damage":2,"enemies":"2 Thieves","floor":21,"turns":2}],"seed_played":"-3103595140764455067","potions_obtained":[{"floor":12.0,"key":"AttackPotion"},{"floor":13.0,"key":"SteroidPotion"},{"floor":14.0,"key":"Fire Potion"},{"floor":16.0,"key":"Ancient Potion"},{"floor":18.0,"key":"Dexterity Potion"},{"floor":20,"key":"LiquidBronze"}],"is_trial":false,"path_per_floor":["M","M","?","?","$","?","E","R","T","R","M","M","?","M","R","B",null,"M","$","?","M"],"character_chosen":"THE_SILENT","items_purchased":["Infinite Blades","Cloak And Dagger","Caltrops"],"campfire_rested":1,"item_purchase_floors":[5,5,19],"current_hp_per_floor":[59,59,59,59,59,41,41,41,41,41,41,23,23,14,33,3,50,35,35,2,0],"gold":200,"neow_bonus":"THREE_ENEMY_KILL","is_prod":false,"is_daily":false,"chose_seed":false,"campfire_upgraded":2,"win_rate":0,"timestamp":1556499250,"path_taken":["M","M","?","?","$","?","E","R","T","R","M","M","?","M","R","BOSS","M","?","?","M"],"build_version":"2019-01-23","purchased_purges":0,"victory":false,"max_hp_per_floor":[66,66,66,66,66,66,66,66,66,66,66,66,66,66,66,66,66,66,66,66,66],"card_choices":[{"not_picked":["Outmaneuver","Predator"],"picked":"Bane","floor":1.0},{"not_picked":["Masterful Stab","Crippling Poison"],"picked":"Deflect","floor":2.0},{"not_picked":["Skewer","Crippling Poison"],"picked":"Footwork","floor":7.0},{"not_picked":["Heel Hook","Expertise"],"picked":"Blur","floor":11.0},{"not_picked":["Skewer","Deadly Poison"],"picked":"Footwork","floor":12.0},{"not_picked":["Catalyst","Finisher"],"picked":"Dagger Spray","floor":14.0},{"not_picked":["Grand Finale","Glass Knife"],"picked":"Adrenaline","floor":16.0},{"not_picked":["Catalyst"],"picked":"SKIP","floor":18.0},{"not_picked":[],"picked":"Slice","floor":20}],"player_experience":608772,"relics_obtained":[{"floor":7.0,"key":"Juzu Bracelet"},{"floor":9.0,"key":"Anchor"},{"floor":20,"key":"Red Mask"}],"event_choices":[{"damage_healed":0.0,"max_hp_gain":0.0,"max_hp_loss":0.0,"gold_gain":150.0,"event_name":"Liars Game","player_choice":"AGREE","floor":3.0,"gold_loss":0.0,"damage_taken":0.0,"cards_obtained":["Doubt"]},{"cards_removed":["Doubt"],"damage_healed":0.0,"max_hp_gain":0.0,"max_hp_loss":0.0,"gold_gain":0.0,"event_name":"The Cleric","player_choice":"Card Removal","floor":4.0,"gold_loss":75.0,"damage_taken":0.0},{"damage_healed":0.0,"max_hp_gain":0.0,"max_hp_loss":0.0,"gold_gain":0.0,"event_name":"Scrap Ooze","player_choice":"Success","floor":6.0,"gold_loss":0.0,"damage_taken":18.0,"relics_obtained":["Art of War"]},{"damage_healed":0.0,"max_hp_gain":0.0,"max_hp_loss":0.0,"gold_gain":0.0,"event_name":"The Woman in Blue","player_choice":"Bought 1 Potion","floor":13.0,"gold_loss":0.0,"damage_taken":0.0},{"damage_healed":0,"gold_gain":0,"player_choice":"Fought Bandits","damage_taken":0,"max_hp_gain":0,"max_hp_loss":0,"event_name":"Masked Bandits","floor":20,"gold_loss":0}],"is_beta":false,"boss_relics":[{"not_picked":["Astrolabe","Empty Cage"],"picked":"Busted Crown"}],"items_purged_floors":[],"is_endless":false,"potions_floor_spawned":[12,14,16,18,20],"killed_by":"2 Thieves","ascension_level":15}