{"gold_per_floor":[111,111,111,36,49,49,65,140,140,140,155,180,180],"floor_reached":13,"playtime":612,"items_purged":["Regret"],"score":150,"play_id":"0d1dcdb8-8065-4f47-b780-d78aab7c5be1","local_time":"20190226125302","is_ascension_mode":true,"campfire_choices":[{"data":"Dagger Spray","floor":6,"key":"SMITH"},{"data":"Corpse Explosion","floor":10,"key":"SMITH"}],"neow_cost":"NONE","seed_source_timestamp":87887165385469,"circlet_count":0,"master_deck":["AscendersBane","Defend_G","Defend_G","Defend_G","Defend_G","Defend_G","Strike_G","Strike_G","Strike_G","Strike_G","Strike_G","Survivor","Neutralize+1","Dagger Spray+1","Injury","Dodge and Roll","Corpse Explosion+1","Cloak And Dagger"],"relics":["Ring of the Snake","Golden Idol","Tough Bandages","Singing Bowl"],"potions_floor_usage":[11,13],"damage_taken":[{"damage":0,"enemies":"Cultist","floor":1,"turns":4},{"damage":7,"enemies":"Small Slimes","floor":5,"turns":4},{"damage":2,"enemies":"2 Louse","floor":7,"turns":2},{"damage":6,"enemies":"Looter","floor":11,"turns":2},{"damage":3,"enemies":"Blue Slaver","floor":12,"turns":4},{"damage":46,"enemies":"Lagavulin","floor":13,"turns":6}],"seed_played":"5133795800357133327","potions_obtained":[{"floor":5,"key":"SkillPotion"},{"floor":12,"key":"FearPotion"}],"is_trial":false,"path_per_floor":["M","?","?","$","M","R","M","?","T","R","M","M","E"],"character_chosen":"THE_SILENT","items_purchased":[],"campfire_rested":0,"item_purchase_floors":[],"current_hp_per_floor":[59,59,59,59,52,52,50,39,39,39,35,32,0],"gold":180,"neow_bonus":"UPGRADE_CARD","is_prod":false,"is_daily":false,"chose_seed":false,"campfire_upgraded":2,"win_rate":0,"timestamp":1551181982,"path_taken":["M","?","?","$","M","R","M","?","T","R","M","M","E"],"build_version":"2019-01-23","purchased_purges":1,"victory":false,"max_hp_per_floor":[66,66,66,66,66,66,66,66,66,66,68,68,68],"card_choices":[{"not_picked":["Finisher","Deadly Poison"],"picked":"Dagger Spray","floor":1},{"not_picked":["Quick Slash","Tactician"],"picked":"Dodge and Roll","floor":5},{"not_picked":["Bane","Dodge and Roll"],"picked":"Corpse Explosion","floor":7},{"not_picked":["Heel Hook","Quick Slash","Poisoned Stab"],"picked":"Singing Bowl","floor":11},{"not_picked":["Prepared","Acrobatics"],"picked":"Cloak And Dagger","floor":12}],"player_experience":2807707,"relics_obtained":[{"floor":9,"key":"Singing Bowl"}],"event_choices":[{"damage_healed":0,"gold_gain":0,"player_choice":"Take Wound","damage_taken":0,"relics_obtained":["Golden Idol"],"max_hp_gain":0,"max_hp_loss":0,"event_name":"Golden Idol","floor":2,"gold_loss":0,"cards_obtained":["Injury"]},{"damage_healed":0,"gold_gain":0,"player_choice":"Box","damage_taken":0,"relics_obtained":["Tough Bandages"],"max_hp_gain":0,"max_hp_loss":0,"event_name":"Big Fish","floor":3,"gold_loss":0,"cards_obtained":["Regret"]},{"damage_healed":0,"gold_gain":75,"player_choice":"Gather Gold","damage_taken":11,"max_hp_gain":0,"max_hp_loss":0,"event_name":"World of Goop","floor":8,"gold_loss":0}],"is_beta":false,"boss_relics":[],"items_purged_floors":[4],"is_endless":false,"potions_floor_spawned":[5,12],"killed_by":"Lagavulin","ascension_level":20}