{"gold_per_floor":[111,125,136,155,167,167,183,60,60,75,25,35,49,62,62,157,157,176,275,18,31,31,31,42,59,59,59,59,76,76,96,96,96],"floor_reached":33,"playtime":2067,"items_purged":["Bash","Defend_R"],"score":297,"play_id":"3d10a94a-bda8-46dd-a483-121814eecca5","local_time":"20190104205111","is_ascension_mode":false,"campfire_choices":[{"data":"Perfected Strike","floor":6,"key":"SMITH"},{"data":"Armaments","floor":15,"key":"SMITH"},{"data":"Perfected Strike","floor":23,"key":"SMITH"},{"data":"Infernal Blade","floor":27,"key":"SMITH"},{"data":"Pommel Strike","floor":30,"key":"SMITH"},{"floor":32,"key":"REST"}],"neow_cost":"CURSE","seed_source_timestamp":10792652465182,"circlet_count":0,"master_deck":["Strike_R","Strike_R","Strike_R+1","Strike_R","Strike_R+1","Defend_R","Defend_R","Defend_R","Impervious","Pommel Strike+1","Twin Strike","Perfected Strike+1","Headbutt","Headbutt","Twin Strike","Armaments+1","Armaments","Carnage","Twin Strike","Perfected Strike+1","Twin Strike+1","Infernal Blade+1","Perfected Strike+1","Perfected Strike"],"relics":["Burning Blood","Whetstone","Potion Belt","Nloth\u0027s Gift","Dodecahedron"],"potions_floor_usage":[],"damage_taken":[{"damage":2,"enemies":"Small Slimes","floor":1,"turns":5},{"damage":1,"enemies":"Jaw Worm","floor":2,"turns":4},{"damage":1,"enemies":"Cultist","floor":3,"turns":3},{"damage":13,"enemies":"Red Slaver","floor":4,"turns":2},{"damage":0,"enemies":"Large Slime","floor":5,"turns":6},{"damage":10,"enemies":"Looter","floor":7,"turns":3},{"damage":5,"enemies":"2 Fungi Beasts","floor":10,"turns":4},{"damage":8,"enemies":"Lots of Slimes","floor":12,"turns":4},{"damage":6,"enemies":"Large Slime","floor":13,"turns":6},{"damage":2,"enemies":"Exordium Thugs","floor":14,"turns":3},{"damage":26,"enemies":"Slime Boss","floor":16,"turns":8},{"damage":5,"enemies":"Spheric Guardian","floor":18,"turns":3},{"damage":5,"enemies":"Chosen","floor":21,"turns":4},{"damage":10,"enemies":"Sentry and Sphere","floor":24,"turns":5},{"damage":15,"enemies":"Chosen and Byrds","floor":25,"turns":5},{"damage":8,"enemies":"Snecko","floor":29,"turns":4},{"damage":23,"enemies":"Shelled Parasite and Fungi","floor":31,"turns":3},{"damage":83,"enemies":"Automaton","floor":33,"turns":6}],"seed_played":"-3693110458836056979","potions_obtained":[{"floor":1,"key":"SteroidPotion"},{"floor":5,"key":"BloodPotion"},{"floor":14,"key":"Explosive Potion"},{"floor":21,"key":"SkillPotion"},{"floor":29,"key":"SpeedPotion"}],"is_trial":false,"path_per_floor":["M","M","M","M","M","R","M","$","T","M","?","M","M","M","R","B",null,"M","?","$","M","?","R","M","M","T","R","$","M","R","M","R","B"],"character_chosen":"IRONCLAD","items_purchased":["Armaments","Potion Belt"],"campfire_rested":1,"item_purchase_floors":[8,20],"current_hp_per_floor":[80,80,80,73,79,79,75,75,75,76,76,74,74,78,78,58,80,80,80,80,80,80,80,76,67,67,67,67,65,65,48,72,0],"gold":96,"neow_bonus":"THREE_RARE_CARDS","is_prod":false,"is_daily":false,"chose_seed":false,"campfire_upgraded":5,"win_rate":0,"timestamp":1546595471,"path_taken":["M","M","M","M","M","R","M","$","T","M","?","M","M","M","R","BOSS","M","?","$","M","?","R","M","M","T","R","$","?","R","M","R","BOSS"],"build_version":"2019-01-03v3","purchased_purges":2,"victory":false,"max_hp_per_floor":[80,80,80,80,80,80,80,80,80,80,80,80,80,80,80,80,80,80,80,80,80,80,80,80,80,80,80,80,80,80,80,80,80],"card_choices":[{"not_picked":["Berserk","Reaper"],"picked":"Impervious","floor":0},{"not_picked":["Headbutt","Flex"],"picked":"Pommel Strike","floor":1},{"not_picked":["Clothesline","Flex"],"picked":"Twin Strike","floor":2},{"not_picked":["Clash","Flame Barrier"],"picked":"Perfected Strike","floor":3},{"not_picked":["Thunderclap","Rage"],"picked":"Headbutt","floor":4},{"not_picked":["Clash","Warcry"],"picked":"Headbutt","floor":5},{"not_picked":["Shrug It Off","Clothesline"],"picked":"Twin Strike","floor":7},{"not_picked":["Metallicize","Inflame"],"picked":"Armaments","floor":10},{"not_picked":["Metallicize","Headbutt","Clothesline"],"picked":"SKIP","floor":12},{"not_picked":["Rampage","Clothesline","Clash"],"picked":"SKIP","floor":13},{"not_picked":["Body Slam","Flex"],"picked":"Carnage","floor":14},{"not_picked":["Headbutt","Thunderclap"],"picked":"Twin Strike","floor":17},{"not_picked":["True Grit","Fire Breathing"],"picked":"Perfected Strike","floor":17},{"not_picked":["Anger","Armaments"],"picked":"Twin Strike+1","floor":18},{"not_picked":["True Grit","Thunderclap","Metallicize"],"picked":"SKIP","floor":21},{"not_picked":["Entrench+1","Blood for Blood","Dark Embrace"],"picked":"SKIP","floor":24},{"not_picked":["Spot Weakness","Flex"],"picked":"Infernal Blade","floor":25},{"not_picked":["Warcry","Body Slam"],"picked":"Perfected Strike+1","floor":29},{"not_picked":["Heavy Blade","Seeing Red+1"],"picked":"Perfected Strike","floor":31}],"player_experience":8472,"relics_obtained":[{"floor":9,"key":"Whetstone"},{"floor":26,"key":"Dodecahedron"}],"event_choices":[{"cards_removed":["Writhe"],"damage_healed":0,"gold_gain":0,"player_choice":"Card Removal","damage_taken":0,"max_hp_gain":0,"max_hp_loss":0,"event_name":"The Cleric","floor":11,"gold_loss":50},{"damage_healed":0,"gold_gain":99,"player_choice":"Stole From Cult","damage_taken":0,"max_hp_gain":0,"max_hp_loss":0,"event_name":"Nest","floor":19,"gold_loss":0},{"damage_healed":0,"gold_gain":0,"player_choice":"Traded Relic","damage_taken":0,"relics_obtained":["Nloth\u0027s Gift"],"max_hp_gain":0,"max_hp_loss":0,"event_name":"N\u0027loth","floor":22,"relics_lost":["Orrery"],"gold_loss":0}],"is_beta":false,"boss_relics":[{"not_picked":["Tiny House","Sozu"],"picked":"Orrery"}],"items_purged_floors":[8,20],"is_endless":false,"potions_floor_spawned":[1,5,14,21,29],"killed_by":"Automaton","ascension_level":0}