{"gold_per_floor":[117,134,134,59,79,105,180,180,249,249,266,286,286,44,44,144,144,160,160,178,26,36,36,1,15,15,15,35,48,62,62,62,163,163,182,192,15,0,0,0,0,34,34,34,34,34,34,44,44,44],"floor_reached":50,"playtime":14719,"items_purged":["Strike_B","Cold Snap","Shame"],"score":625,"play_id":"b15818f9-2fb2-4d51-bccb-12d0fa155c45","local_time":"20190428164132","is_ascension_mode":true,"campfire_choices":[{"floor":8.0,"key":"REST"},{"data":"Echo Form","floor":15.0,"key":"SMITH"},{"floor":23.0,"key":"REST"},{"data":"Defragment","floor":27.0,"key":"SMITH"},{"floor":32.0,"key":"REST"},{"floor":41.0,"key":"REST"},{"floor":45.0,"key":"REST"},{"floor":47.0,"key":"REST"},{"floor":49.0,"key":"REST"}],"neow_cost":"NONE","seed_source_timestamp":0,"circlet_count":0,"master_deck":["Zap+1","Dualcast","Gash","Echo Form+1","Core Surge+1","Tempest+1","Redo+1","FTL","Cold Snap","Rip and Tear","Leap+1","Leap+1","Hologram+1","Defragment+1","Fission+1","Sweeping Beam+1","Self Repair","BootSequence+1","Biased Cognition","Darkness+1","Leap+1","Blind+1","Parasite","Darkness+1"],"special_seed":0,"relics":["Cracked Core","NeowsBlessing","Bag of Marbles","Toxic Egg 2","Symbiotic Virus","Pandora\u0027s Box","NlothsMask","Centennial Puzzle","Philosopher\u0027s Stone","Red Mask","Whetstone","Torii"],"potions_floor_usage":[50],"damage_taken":[{"damage":0.0,"enemies":"2 Louse","floor":1.0,"turns":1.0},{"damage":0.0,"enemies":"Cultist","floor":2.0,"turns":1.0},{"damage":0.0,"enemies":"Small Slimes","floor":5.0,"turns":1.0},{"damage":28.0,"enemies":"3 Sentries","floor":6.0,"turns":9.0},{"damage":4.0,"enemies":"3 Louse","floor":11.0,"turns":3.0},{"damage":6.0,"enemies":"2 Fungi Beasts","floor":12.0,"turns":3.0},{"damage":20.0,"enemies":"The Guardian","floor":16.0,"turns":12.0},{"damage":2.0,"enemies":"Shell Parasite","floor":18.0,"turns":2.0},{"damage":0.0,"enemies":"Spheric Guardian","floor":20.0,"turns":2.0},{"damage":24.0,"enemies":"Snake Plant","floor":22.0,"turns":4.0},{"damage":0.0,"enemies":"Chosen and Byrds","floor":25.0,"turns":4.0},{"damage":0.0,"enemies":"Centurion and Healer","floor":28.0,"turns":5.0},{"damage":0.0,"enemies":"Cultist and Chosen","floor":29.0,"turns":3.0},{"damage":31.0,"enemies":"Snake Plant","floor":30.0,"turns":3.0},{"damage":69.0,"enemies":"Automaton","floor":33.0,"turns":7.0},{"damage":16.0,"enemies":"3 Darklings","floor":35.0,"turns":5.0},{"damage":13.0,"enemies":"Orb Walker","floor":36.0,"turns":4.0},{"damage":0.0,"enemies":"Nemesis","floor":40.0,"turns":1.0},{"damage":55.0,"enemies":"Giant Head","floor":42.0,"turns":9.0},{"damage":20.0,"enemies":"Writhing Mass","floor":48.0,"turns":5.0},{"damage":67,"enemies":"Awakened One","floor":50,"turns":6}],"seed_played":"-5681430687327256640","potions_obtained":[{"floor":2.0,"key":"Strength Potion"},{"floor":12.0,"key":"SmokeBomb"},{"floor":16.0,"key":"Ancient Potion"},{"floor":20.0,"key":"Explosive Potion"},{"floor":30.0,"key":"Regen Potion"},{"floor":42.0,"key":"Poison Potion"}],"is_trial":false,"path_per_floor":["?","M","?","?","?","?","M","?","?","?","?","?"],"character_chosen":"DEFECT","items_purchased":["Symbiotic Virus","Hologram+1","Defragment","Leap+1"],"campfire_rested":7,"item_purchase_floors":[14,21,24,37],"current_hp_per_floor":[75,75,75,75,75,47,36,58,58,58,54,48,75,75,75,55,70,68,68,68,68,44,66,66,66,66,66,66,66,42,42,64,17,61,45,39,39,39,39,39,61,13,13,13,35,35,57,44,66,0],"gold":44,"neow_bonus":"THREE_ENEMY_KILL","is_prod":false,"is_daily":false,"chose_seed":false,"campfire_upgraded":2,"win_rate":0,"timestamp":1556462492,"path_taken":["M","M","?","$","?","E","?","R","T","?","M","M","?","$","R","BOSS","M","?","M","$","M","R","$","?","T","R","M","M","M","?","R","BOSS","M","M","$","?","?","E","R","E","T","?","R","?","R","M","R","BOSS"],"build_version":"2019-01-23","purchased_purges":3,"victory":false,"max_hp_per_floor":[75,75,75,75,75,75,75,75,75,75,75,75,75,75,75,75,75,75,75,75,75,75,75,75,75,75,75,75,75,75,75,75,75,75,75,75,75,75,75,75,75,75,75,75,75,75,75,75,75,75],"card_choices":[{"not_picked":["Compile Driver","Rebound"],"picked":"Cold Snap","floor":1.0},{"not_picked":["Compile Driver","Beam Cell"],"picked":"Gash","floor":2.0},{"not_picked":["Core Surge","Doom and Gloom","Rebound"],"picked":"SKIP","floor":5.0},{"not_picked":["Reprogram","Chaos","Rebound"],"picked":"SKIP","floor":6.0},{"not_picked":["Go for the Eyes","Conserve Battery+1"],"picked":"Echo Form","floor":11.0},{"not_picked":["Streamline","Hello World","Steam Power+1"],"picked":"SKIP","floor":12.0},{"not_picked":["Hyperbeam","Echo Form"],"picked":"Core Surge","floor":16.0},{"not_picked":["Redo+1","Barrage"],"picked":"Leap+1","floor":18.0},{"not_picked":["Beam Cell+1","Doom and Gloom"],"picked":"Leap+1","floor":20.0},{"not_picked":["Steam+1","Redo+1","Beam Cell"],"picked":"SKIP","floor":22.0},{"not_picked":["Compile Driver","Barrage"],"picked":"Fission+1","floor":25.0},{"not_picked":["Leap+1","Force Field+1"],"picked":"Sweeping Beam+1","floor":28.0},{"not_picked":["Hello World","Coolheaded+1"],"picked":"Self Repair","floor":29.0},{"not_picked":["Undo+1","Fusion+1"],"picked":"BootSequence+1","floor":30.0},{"not_picked":["Echo Form","Meteor Strike"],"picked":"Biased Cognition","floor":33.0},{"not_picked":["Turbo+1","Streamline","Rip and Tear+1"],"picked":"SKIP","floor":35.0},{"not_picked":["Self Repair","Go for the Eyes+1"],"picked":"Darkness+1","floor":36.0},{"not_picked":["Mayhem","Dramatic Entrance"],"picked":"Blind+1","floor":39.0},{"not_picked":["Lockon+1","Cold Snap+1","Rebound+1"],"picked":"SKIP","floor":42.0},{"not_picked":["Rip and Tear","Streamline"],"picked":"Darkness+1","floor":48.0}],"player_experience":176247,"relics_obtained":[{"floor":6.0,"key":"Bag of Marbles"},{"floor":9.0,"key":"Toxic Egg 2"},{"floor":42.0,"key":"Whetstone"},{"floor":43.0,"key":"Torii"}],"event_choices":[{"damage_healed":0.0,"max_hp_gain":0.0,"max_hp_loss":0.0,"gold_gain":0.0,"event_name":"Upgrade Shrine","player_choice":"Upgraded","floor":3.0,"gold_loss":0.0,"damage_taken":0.0,"cards_upgraded":["Zap"]},{"damage_healed":0.0,"max_hp_gain":0.0,"max_hp_loss":0.0,"gold_gain":75.0,"event_name":"World of Goop","player_choice":"Gather Gold","floor":7.0,"gold_loss":0.0,"damage_taken":11.0},{"cards_removed":["Strike_B"],"damage_healed":0.0,"max_hp_gain":0.0,"max_hp_loss":0.0,"gold_gain":0.0,"event_name":"Living Wall","player_choice":"Forget","floor":10.0,"gold_loss":0.0,"damage_taken":0.0},{"damage_healed":27.0,"max_hp_gain":0.0,"max_hp_loss":0.0,"gold_gain":0.0,"event_name":"Wheel of Change","player_choice":"Full Heal","floor":13.0,"gold_loss":0.0,"damage_taken":0.0},{"damage_healed":0.0,"max_hp_gain":0.0,"max_hp_loss":0.0,"gold_gain":0.0,"event_name":"FaceTrader","player_choice":"Trade","floor":19.0,"gold_loss":0.0,"damage_taken":0.0,"relics_obtained":["NlothsMask"]},{"damage_healed":0.0,"max_hp_gain":0.0,"max_hp_loss":0.0,"gold_gain":0.0,"event_name":"Addict","player_choice":"Stole Relic","floor":31.0,"gold_loss":0.0,"damage_taken":0.0,"relics_obtained":["Centennial Puzzle"],"cards_obtained":["Shame"]},{"damage_healed":0.0,"max_hp_gain":0.0,"max_hp_loss":0.0,"gold_gain":0.0,"event_name":"Tomb of Lord Red Mask","player_choice":"Paid","floor":38.0,"gold_loss":15.0,"damage_taken":0.0,"relics_obtained":["Red Mask"]},{"damage_healed":0.0,"max_hp_gain":0.0,"max_hp_loss":0.0,"gold_gain":0.0,"event_name":"SensoryStone","player_choice":"Memory 1","floor":39.0,"gold_loss":0.0,"damage_taken":0.0},{"damage_healed":0.0,"max_hp_gain":0.0,"max_hp_loss":0.0,"gold_gain":0.0,"event_name":"Mysterious Sphere","player_choice":"Ignored","floor":44.0,"gold_loss":0.0,"damage_taken":0.0},{"cards_removed":["Barrage"],"damage_healed":0.0,"max_hp_gain":0.0,"max_hp_loss":0.0,"gold_gain":0.0,"event_name":"Falling","player_choice":"Removed Attack","floor":46.0,"gold_loss":0.0,"damage_taken":0.0}],"is_beta":false,"boss_relics":[{"not_picked":["Empty Cage","Runic Pyramid"],"picked":"Pandora\u0027s Box"},{"not_picked":["Nuclear Battery","Eternal Feather"],"picked":"Philosopher\u0027s Stone"}],"items_purged_floors":[4,21,37],"is_endless":false,"potions_floor_spawned":[2,12,16,20,25,30,42],"killed_by":"Awakened One","ascension_level":5}