{"gold_per_floor":[118,118,118,138,151,186,186,213,213,232,232,22,76,91,91,91],"floor_reached":16,"playtime":856,"items_purged":[],"score":135,"play_id":"85c13701-5097-4c62-b58a-a72c6a577cb1","local_time":"20190324193947","is_ascension_mode":false,"campfire_choices":[{"data":"Blizzard","floor":7,"key":"SMITH"},{"data":"Coolheaded","floor":15,"key":"SMITH"}],"neow_cost":"NONE","seed_source_timestamp":386155239037079,"circlet_count":0,"master_deck":["Strike_B","Strike_B","Strike_B","Defend_B","Defend_B","Defend_B","Defend_B","Zap","Dualcast","Sweeping Beam","Machine Learning","Conserve Battery","Redo","Blizzard+1","Blizzard","Loop","Sweeping Beam","Coolheaded+1"],"relics":["Cracked Core","NeowsBlessing","Pear","Strawberry","Bottled Flame","Blood Vial","Bag of Marbles"],"potions_floor_usage":[6,16,16,16],"damage_taken":[{"damage":0,"enemies":"Jaw Worm","floor":1,"turns":1},{"damage":0,"enemies":"Small Slimes","floor":4,"turns":1},{"damage":0,"enemies":"Cultist","floor":5,"turns":1},{"damage":24,"enemies":"3 Sentries","floor":6,"turns":9},{"damage":34,"enemies":"Lagavulin","floor":8,"turns":8},{"damage":2,"enemies":"2 Fungi Beasts","floor":10,"turns":3},{"damage":22,"enemies":"Exordium Thugs","floor":14,"turns":4},{"damage":48,"enemies":"Slime Boss","floor":16,"turns":11}],"seed_played":"-3160160613835974495","potions_obtained":[{"floor":4,"key":"FocusPotion"},{"floor":5,"key":"Regen Potion"},{"floor":10,"key":"Weak Potion"},{"floor":14,"key":"Regen Potion"}],"is_trial":false,"path_per_floor":["?","?","M","?","T"],"character_chosen":"DEFECT","items_purchased":["Blood Vial","Sweeping Beam"],"campfire_rested":0,"item_purchase_floors":[12,12],"current_hp_per_floor":[75,75,75,75,75,75,75,48,48,46,46,46,46,26,26,0],"gold":91,"neow_bonus":"THREE_ENEMY_KILL","is_prod":false,"is_daily":false,"chose_seed":false,"campfire_upgraded":2,"win_rate":0.0,"timestamp":1553452787,"path_taken":["M","?","?","M","?","E","R","E","T","M","?","$","?","M","R","BOSS"],"build_version":"2019-01-23","purchased_purges":0,"victory":false,"max_hp_per_floor":[75,75,75,75,75,85,85,92,92,92,92,92,92,92,92,92],"card_choices":[{"not_picked":["Gash","Leap"],"picked":"Sweeping Beam","floor":1},{"not_picked":["Consume","Streamline"],"picked":"Conserve Battery","floor":4},{"not_picked":["Skim","Reinforced Body"],"picked":"Redo","floor":5},{"not_picked":["Cold Snap","Rainbow"],"picked":"Blizzard","floor":6},{"not_picked":["Static Discharge","Capacitor"],"picked":"Blizzard","floor":8},{"not_picked":["Barrage","Beam Cell"],"picked":"Loop","floor":10},{"not_picked":["Self Repair","Capacitor"],"picked":"Coolheaded","floor":14}],"player_experience":8647,"relics_obtained":[{"floor":6,"key":"Pear"},{"floor":8,"key":"Strawberry"},{"floor":9,"key":"Bottled Flame"},{"floor":13,"key":"Bag of Marbles"}],"event_choices":[{"damage_healed":0,"gold_gain":0,"cards_transformed":["Strike_B"],"player_choice":"Change","damage_taken":0,"max_hp_gain":0,"max_hp_loss":0,"event_name":"Living Wall","floor":2,"gold_loss":0,"cards_obtained":["Machine Learning"]},{"damage_healed":0,"gold_gain":0,"player_choice":"Relic","damage_taken":0,"max_hp_gain":0,"max_hp_loss":0,"event_name":"Wheel of Change","floor":3,"gold_loss":0},{"damage_healed":0,"gold_gain":0,"player_choice":"Ignored","damage_taken":0,"max_hp_gain":0,"max_hp_loss":0,"event_name":"NoteForYourself","floor":11,"gold_loss":0}],"is_beta":false,"boss_relics":[],"items_purged_floors":[],"is_endless":false,"potions_floor_spawned":[4,5,10,14],"killed_by":"Slime Boss","ascension_level":0}