{"gold_per_floor":[112,112,126,5,17,17,27,352,352,370,380,415,22,22,22,122,122,138,158,176,196,208,208,226,226,226,238,238,248,103,18,18,18],"floor_reached":33,"playtime":2847,"items_purged":["Bash","Demon Form+1"],"score":263,"play_id":"8c0d9778-8da2-4d80-b07b-84618a04a6f5","local_time":"20190104182630","is_ascension_mode":false,"campfire_choices":[{"data":"Perfected Strike","floor":6.0,"key":"SMITH"},{"floor":15.0,"key":"REST"},{"floor":23,"key":"REST"},{"floor":25,"key":"REST"},{"floor":28,"key":"REST"},{"data":"Burning Pact","floor":32,"key":"PURGE"}],"neow_cost":"NONE","seed_source_timestamp":0,"circlet_count":0,"master_deck":["Strike_R","Strike_R","Strike_R","Strike_R","Strike_R","Defend_R","Defend_R","Defend_R","Defend_R","Offering","Perfected Strike+1","Twin Strike","Twin Strike","Twin Strike","Armaments","Rampage","Power Through","Pommel Strike","Inflame+1","Secret Weapon","Pommel Strike","Whirlwind","Armaments","Pommel Strike"],"special_seed":0,"relics":["Burning Blood","Frozen Egg 2","Old Coin","Gambling Chip","Oddly Smooth Stone","Fusion Hammer","Bottled Flame","Peace Pipe"],"potions_floor_usage":[],"damage_taken":[{"damage":9.0,"enemies":"Small Slimes","floor":1.0,"turns":2.0},{"damage":3.0,"enemies":"Jaw Worm","floor":3.0,"turns":4.0},{"damage":0.0,"enemies":"Cultist","floor":5.0,"turns":2.0},{"damage":5.0,"enemies":"3 Louse","floor":7.0,"turns":3.0},{"damage":27.0,"enemies":"Lagavulin","floor":8.0,"turns":6.0},{"damage":6.0,"enemies":"Blue Slaver","floor":10.0,"turns":1.0},{"damage":18.0,"enemies":"Exordium Thugs","floor":11.0,"turns":4.0},{"damage":14.0,"enemies":"Gremlin Nob","floor":12.0,"turns":4.0},{"damage":40.0,"enemies":"Hexaghost","floor":16.0,"turns":7.0},{"damage":0,"enemies":"Spheric Guardian","floor":18,"turns":3},{"damage":0,"enemies":"Chosen","floor":19,"turns":3},{"damage":21,"enemies":"Shelled Parasite and Fungi","floor":20,"turns":4},{"damage":30,"enemies":"Centurion and Healer","floor":21,"turns":6},{"damage":26,"enemies":"Sentry and Sphere","floor":22,"turns":4},{"damage":36,"enemies":"Snecko","floor":24,"turns":4},{"damage":12,"enemies":"3 Cultists","floor":27,"turns":4},{"damage":21,"enemies":"Snake Plant","floor":29,"turns":3},{"damage":42,"enemies":"Champ","floor":33,"turns":7}],"seed_played":"-5805120486445972879","potions_obtained":[{"floor":7.0,"key":"Energy Potion"},{"floor":8.0,"key":"GamblersBrew"},{"floor":10.0,"key":"LiquidBronze"},{"floor":16.0,"key":"Swift Potion"},{"floor":18,"key":"PowerPotion"},{"floor":24,"key":"Explosive Potion"},{"floor":29,"key":"BloodPotion"}],"is_trial":false,"path_per_floor":["M","?","M","$","M","R","M","E","T","M","M","E","$","?","R","B",null,"M","M","M","M","M","R","M","R","T","M","R","M","$","?","R","B"],"character_chosen":"IRONCLAD","items_purchased":["Twin Strike","Ancient Potion","Inflame+1","Secret Weapon","Regen Potion","Pommel Strike"],"campfire_rested":4,"item_purchase_floors":[4,4,13,13,13,30],"current_hp_per_floor":[77,70,73,73,79,79,80,59,59,59,47,39,39,39,63,41,80,80,80,65,41,21,45,15,39,39,33,57,42,42,42,42,0],"gold":18,"neow_bonus":"ONE_RANDOM_RARE_CARD","is_prod":false,"is_daily":false,"chose_seed":false,"campfire_upgraded":1,"win_rate":0.0,"timestamp":1546586790,"path_taken":["M","?","M","$","M","R","M","E","T","M","M","E","$","?","R","BOSS","M","M","?","M","M","R","M","R","T","M","R","M","$","?","R","BOSS"],"build_version":"2019-01-03v3","purchased_purges":2,"victory":false,"max_hp_per_floor":[80,80,80,80,80,80,80,80,80,80,80,80,80,80,80,80,80,80,80,80,80,80,80,80,80,80,80,80,80,80,80,80,80],"card_choices":[{"not_picked":["Twin Strike","True Grit"],"picked":"Perfected Strike","floor":1.0},{"not_picked":["Thunderclap","Uppercut"],"picked":"Twin Strike","floor":3.0},{"not_picked":["Carnage","Pummel"],"picked":"Twin Strike","floor":5.0},{"not_picked":["Cleave","Sword Boomerang"],"picked":"Armaments","floor":7.0},{"not_picked":["Thunderclap","Cleave"],"picked":"Rampage","floor":8.0},{"not_picked":["Headbutt","True Grit"],"picked":"Burning Pact","floor":10.0},{"not_picked":["Second Wind","Rampage"],"picked":"Power Through","floor":11.0},{"not_picked":["Shockwave","Corruption+1"],"picked":"Pommel Strike","floor":12.0},{"not_picked":["Bludgeon","Dark Embrace+1"],"picked":"Demon Form+1","floor":16.0},{"not_picked":["Cleave","Clothesline"],"picked":"Pommel Strike","floor":18},{"not_picked":["Warcry+1","Rampage"],"picked":"Whirlwind","floor":19},{"not_picked":["Shrug It Off","Cleave"],"picked":"Armaments","floor":20},{"not_picked":["Warcry","Power Through","Flame Barrier"],"picked":"SKIP","floor":21},{"not_picked":["Cleave","Clash","True Grit"],"picked":"SKIP","floor":22},{"not_picked":["Clash","Battle Trance+1","Fire Breathing+1"],"picked":"SKIP","floor":24},{"not_picked":["Iron Wave","Flex+1","Searing Blow"],"picked":"SKIP","floor":27},{"not_picked":["Dropkick+1","Iron Wave","Entrench"],"picked":"SKIP","floor":29}],"player_experience":1798,"relics_obtained":[{"floor":8.0,"key":"Old Coin"},{"floor":9.0,"key":"Gambling Chip"},{"floor":12.0,"key":"Oddly Smooth Stone"},{"floor":26,"key":"Bottled Flame"}],"event_choices":[{"damage_healed":0.0,"max_hp_gain":0.0,"max_hp_loss":0.0,"gold_gain":0.0,"event_name":"Scrap Ooze","player_choice":"Success","floor":2.0,"gold_loss":0.0,"damage_taken":7.0,"relics_obtained":["Frozen Egg 2"]},{"damage_healed":0.0,"max_hp_gain":0.0,"max_hp_loss":0.0,"gold_gain":0.0,"event_name":"FaceTrader","player_choice":"Leave","floor":14.0,"gold_loss":0.0,"damage_taken":0.0},{"damage_healed":0,"gold_gain":0,"player_choice":"Obtained Relic","damage_taken":0,"relics_obtained":["Peace Pipe"],"max_hp_gain":0,"max_hp_loss":0,"event_name":"Addict","floor":31,"gold_loss":85}],"is_beta":false,"boss_relics":[{"not_picked":["Ectoplasm","Eternal Feather"],"picked":"Fusion Hammer"}],"items_purged_floors":[13,30],"is_endless":false,"potions_floor_spawned":[7,8,10,11,16,18,22,24,29],"killed_by":"Champ","ascension_level":0}