{"gold_per_floor":[116,127,127,127,137,137,152,152,152,152,166,166,181,21,21,96,96,106,31,31,51,51],"floor_reached":22,"playtime":2390,"items_purged":["Strike_G"],"score":352,"play_id":"717c3a23-8735-46cd-b56e-50bb571fe2ea","local_time":"20190130202912","is_ascension_mode":true,"campfire_choices":[{"data":"Neutralize","floor":6,"key":"SMITH"},{"data":"Deadly Poison","floor":8,"key":"SMITH"},{"data":"Cloak And Dagger","floor":10,"key":"SMITH"},{"data":"Deadly Poison","floor":12,"key":"SMITH"},{"data":"Catalyst","floor":15,"key":"SMITH"}],"neow_cost":"NONE","seed_source_timestamp":94341938504014,"circlet_count":0,"master_deck":["AscendersBane","Defend_G","Defend_G","Defend_G","Defend_G","Defend_G","Strike_G","Strike_G","Survivor","Neutralize+1","Dagger Spray","Calculated Gamble","Cloak And Dagger+1","Deadly Poison+1","Deadly Poison+1","Catalyst+1","Noxious Fumes","Burst"],"relics":["Ring of the Snake","Regal Pillow","Gremlin Horn","Busted Crown"],"potions_floor_usage":[13,16,22],"damage_taken":[{"damage":12,"enemies":"Jaw Worm","floor":1,"turns":8},{"damage":0,"enemies":"Small Slimes","floor":2,"turns":2},{"damage":0,"enemies":"Cultist","floor":5,"turns":3},{"damage":4,"enemies":"Exordium Wildlife","floor":7,"turns":4},{"damage":5,"enemies":"Large Slime","floor":11,"turns":7},{"damage":0,"enemies":"Lots of Slimes","floor":13,"turns":3},{"damage":21,"enemies":"The Guardian","floor":16,"turns":8},{"damage":14,"enemies":"Chosen","floor":18,"turns":4},{"damage":22,"enemies":"2 Thieves","floor":21,"turns":3},{"damage":29,"enemies":"Cultist and Chosen","floor":22,"turns":5}],"seed_played":"8428311406595145142","potions_obtained":[{"floor":2,"key":"LiquidBronze"},{"floor":5,"key":"Strength Potion"},{"floor":21,"key":"Strength Potion"}],"is_trial":false,"path_per_floor":["M","M","?","?","M","R","M","R","T","R","M","R","M","$","R","B",null,"M","?","?","M","M"],"character_chosen":"THE_SILENT","items_purchased":["Noxious Fumes"],"campfire_rested":0,"item_purchase_floors":[14],"current_hp_per_floor":[47,47,52,52,52,52,48,48,48,48,43,43,43,43,43,22,59,45,45,45,23,0],"gold":51,"neow_bonus":"RANDOM_COMMON_RELIC","is_prod":false,"is_daily":false,"chose_seed":false,"campfire_upgraded":5,"win_rate":0,"timestamp":1548876552,"path_taken":["M","M","?","?","?","R","M","R","T","R","M","R","M","$","R","BOSS","M","?","?","?","M"],"build_version":"2019-01-23","purchased_purges":1,"victory":false,"max_hp_per_floor":[66,66,71,71,71,71,71,71,71,71,71,71,71,71,71,71,71,71,71,71,71,71],"card_choices":[{"not_picked":["Cloak And Dagger","Deflect"],"picked":"Dagger Spray","floor":1},{"not_picked":["PiercingWail","Prepared"],"picked":"Calculated Gamble","floor":2},{"not_picked":["Outmaneuver","Dagger Throw"],"picked":"Cloak And Dagger","floor":5},{"not_picked":["Quick Slash","Eviscerate"],"picked":"Deadly Poison","floor":7},{"not_picked":["Heel Hook","Dash"],"picked":"Deadly Poison","floor":11},{"not_picked":["Sucker Punch","Leg Sweep"],"picked":"Catalyst","floor":13},{"not_picked":["Die Die Die","Venomology"],"picked":"Burst","floor":16},{"not_picked":["Blade Dance"],"picked":"SKIP","floor":18},{"not_picked":["Sucker Punch"],"picked":"SKIP","floor":21}],"player_experience":2712310,"relics_obtained":[{"floor":9,"key":"Gremlin Horn"}],"event_choices":[{"damage_healed":0,"gold_gain":0,"player_choice":"Donut","damage_taken":0,"max_hp_gain":5,"max_hp_loss":0,"event_name":"Big Fish","floor":3,"gold_loss":0},{"cards_removed":["Strike_G"],"damage_healed":0,"gold_gain":0,"player_choice":"Offered Basic","damage_taken":0,"max_hp_gain":0,"max_hp_loss":0,"event_name":"Bonfire Elementals","floor":4,"gold_loss":0},{"cards_removed":["Strike_G"],"damage_healed":0,"gold_gain":0,"player_choice":"Gave Gold","damage_taken":0,"max_hp_gain":0,"max_hp_loss":0,"event_name":"Beggar","floor":19,"gold_loss":75},{"damage_healed":0,"gold_gain":0,"player_choice":"Ignored","damage_taken":0,"max_hp_gain":0,"max_hp_loss":0,"event_name":"WeMeetAgain","floor":20,"gold_loss":0}],"is_beta":false,"boss_relics":[{"not_picked":["Lizard Tail","Runic Dome"],"picked":"Busted Crown"}],"items_purged_floors":[14],"is_endless":false,"potions_floor_spawned":[2,5,11,21],"killed_by":"Cultist and Chosen","ascension_level":20}