{"gold_per_floor":[369,369,388,398,14,14,14,14,14,47,61,78,78,90,90,164,164,177,177,177,195,8,8,8],"floor_reached":24,"playtime":1867,"items_purged":["Doubt"],"score":392,"play_id":"5325a63f-7778-47ff-8d22-cd1edc3b1b17","local_time":"20190501143144","is_ascension_mode":true,"campfire_choices":[{"data":"Zap","floor":6,"key":"SMITH"},{"data":"Hologram","floor":8,"key":"SMITH"},{"data":"Dualcast","floor":13,"key":"SMITH"},{"data":"Leap","floor":15,"key":"SMITH"}],"neow_cost":"CURSE","seed_source_timestamp":854770993383,"circlet_count":0,"master_deck":["AscendersBane","Strike_B+1","Strike_B+1","Defend_B+1","Defend_B+1","Defend_B+1","Defend_B+1","Zap+1","Dualcast+1","Cold Snap","Zap+1","Sweeping Beam","Hologram","Leap+1","Defragment+1","Hologram+1","Barrage+1","Gash+1","Heatsinks+1","Ball Lightning+1","Echo Form+1","Sunder+1","Scrape+1","Defragment+1","Leap"],"relics":["Cracked Core","Frozen Egg 2","Molten Egg 2","Vajra","Empty Cage"],"potions_floor_usage":[10,16,16,20,24],"damage_taken":[{"damage":0,"enemies":"Small Slimes","floor":1,"turns":3},{"damage":1,"enemies":"Cultist","floor":3,"turns":3},{"damage":0,"enemies":"Jaw Worm","floor":4,"turns":4},{"damage":8,"enemies":"Lagavulin","floor":10,"turns":6},{"damage":9,"enemies":"Lots of Slimes","floor":11,"turns":3},{"damage":13,"enemies":"3 Louse","floor":12,"turns":3},{"damage":4,"enemies":"2 Fungi Beasts","floor":14,"turns":3},{"damage":5,"enemies":"Hexaghost","floor":16,"turns":9},{"damage":26,"enemies":"2 Thieves","floor":18,"turns":3},{"damage":26,"enemies":"Colosseum Slavers","floor":20,"turns":5},{"damage":0,"enemies":"Chosen","floor":21,"turns":3},{"damage":9,"enemies":"Book of Stabbing","floor":24,"turns":2}],"seed_played":"-5456319877649523851","potions_obtained":[{"floor":3,"key":"Ancient Potion"},{"floor":11,"key":"Block Potion"},{"floor":12,"key":"Swift Potion"},{"floor":16,"key":"PowerPotion"},{"floor":18,"key":"Swift Potion"},{"floor":21,"key":"Explosive Potion"}],"is_trial":false,"path_per_floor":["M","?","M","M","$","R","?","R","T","E","M","M","R","M","R","B",null,"M","?","?","M","$","?","E"],"character_chosen":"DEFECT","items_purchased":["Frozen Egg 2","Defragment+1","Hologram","Defragment+1","Leap"],"campfire_rested":0,"item_purchase_floors":[5,5,5,22,22],"current_hp_per_floor":[64,64,63,63,63,63,63,63,63,55,46,33,33,29,29,24,59,33,33,7,7,7,7,0],"gold":8,"neow_bonus":"TWO_FIFTY_GOLD","is_prod":false,"is_daily":false,"chose_seed":false,"campfire_upgraded":4,"win_rate":0,"timestamp":1556713904,"path_taken":["M","?","?","M","$","R","?","R","T","E","M","M","R","?","R","BOSS","M","?","?","M","$","?","E"],"build_version":"2019-01-23","purchased_purges":1,"victory":false,"max_hp_per_floor":[71,71,71,71,71,71,71,71,71,71,71,71,71,71,71,71,71,71,71,71,71,71,71,71],"card_choices":[{"not_picked":["Scrape","Force Field"],"picked":"Cold Snap","floor":1},{"not_picked":["Reinforced Body","Chill"],"picked":"Hologram","floor":3},{"not_picked":["Streamline","Cold Snap"],"picked":"Leap","floor":4},{"not_picked":["Steam Power","Turbo"],"picked":"Barrage+1","floor":10},{"not_picked":["Sweeping Beam+1","Stack"],"picked":"Gash+1","floor":11},{"not_picked":["Compile Driver+1","Conserve Battery"],"picked":"Heatsinks+1","floor":12},{"not_picked":["Compile Driver+1","Steam"],"picked":"Ball Lightning+1","floor":14},{"not_picked":["Rainbow","Hyperbeam+1"],"picked":"Echo Form+1","floor":16},{"not_picked":["Turbo","Stack"],"picked":"Sunder+1","floor":18},{"not_picked":["Turbo","Hologram"],"picked":"Scrape+1","floor":21}],"player_experience":3181698,"relics_obtained":[{"floor":9,"key":"Molten Egg 2"},{"floor":10,"key":"Vajra"}],"event_choices":[{"damage_healed":0,"gold_gain":0,"player_choice":"2 cards matched","damage_taken":0,"max_hp_gain":0,"max_hp_loss":0,"event_name":"Match and Keep!","floor":2,"gold_loss":0,"cards_obtained":["Zap","Sweeping Beam"]},{"damage_healed":0,"gold_gain":0,"player_choice":"Upgraded","damage_taken":0,"max_hp_gain":0,"max_hp_loss":0,"event_name":"Upgrade Shrine","floor":7,"gold_loss":0,"cards_upgraded":["Zap"]},{"damage_healed":0,"gold_gain":0,"player_choice":"Simplicity","damage_taken":0,"max_hp_gain":0,"max_hp_loss":0,"event_name":"Back to Basics","floor":19,"gold_loss":0,"cards_upgraded":["Strike_B","Strike_B","Defend_B","Defend_B","Defend_B","Defend_B"]},{"damage_healed":0,"gold_gain":0,"player_choice":"Fight","damage_taken":0,"max_hp_gain":0,"max_hp_loss":0,"event_name":"Colosseum","floor":20,"gold_loss":0},{"damage_healed":0,"gold_gain":0,"player_choice":"Fled From Nobs","damage_taken":0,"max_hp_gain":0,"max_hp_loss":0,"event_name":"Colosseum","floor":20,"gold_loss":0},{"damage_healed":0,"gold_gain":0,"player_choice":"Ignored","damage_taken":0,"max_hp_gain":0,"max_hp_loss":0,"event_name":"Cursed Tome","floor":23,"gold_loss":0}],"is_beta":false,"boss_relics":[{"not_picked":["Eternal Feather","Black Star"],"picked":"Empty Cage"}],"items_purged_floors":[22],"is_endless":false,"potions_floor_spawned":[3,11,12,14,16,18,21],"killed_by":"Book of Stabbing","ascension_level":20}