{"gold_per_floor":[219,14,26,40,53,53,88,88,88,88,88,107,121,134,134,206,206,223,240,240,260,60,60,72,105,105,105,118,150,167,184,184,256,256,274,89,139,157,170,170,205,0,0,0,14,14,48,59,59,59],"floor_reached":50,"playtime":11499,"items_purged":["Strike_G","Strike_G"],"score":1271,"play_id":"11b24f3e-e6fd-4169-9600-9ac4659f6c88","local_time":"20190413115218","is_ascension_mode":true,"campfire_choices":[{"data":"Apotheosis","floor":6,"key":"SMITH"},{"data":"Neutralize","floor":8,"key":"SMITH"},{"data":"Caltrops","floor":10,"key":"SMITH"},{"data":"Cloak And Dagger","floor":15,"key":"SMITH"},{"floor":23,"key":"REST"},{"floor":27,"key":"RECALL"},{"floor":32,"key":"REST"},{"floor":40,"key":"REST"},{"floor":44,"key":"REST"},{"floor":49,"key":"REST"}],"neow_cost":"NONE","seed_source_timestamp":99437120233935,"circlet_count":0,"master_deck":["AscendersBane","Defend_G","Defend_G","Defend_G","Defend_G","Defend_G","Survivor","Neutralize+1","Deadly Poison","Apotheosis+1","Caltrops+1","Blade Dance","Cloak And Dagger+1","Dodge and Roll","Dagger Spray","Concentrate","Adrenaline","Cloak And Dagger+1","After Image","Sucker Punch","Accuracy","Reflex","Predator","Bouncing Flask","Calculated Gamble","Accuracy","Catalyst","Backflip+1","PiercingWail+1","Normality","Corpse Explosion","Sadistic Nature"],"relics":["Ring of the Snake","Dead Branch","Turnip","Fusion Hammer","StoneCalendar","Singing Bowl","Prayer Wheel","Cursed Key","Bottled Lightning","Red Mask","Regal Pillow"],"potions_floor_usage":[5,7,14,29,29,39,39,47,47],"damage_taken":[{"damage":0,"enemies":"2 Louse","floor":1,"turns":4},{"damage":4,"enemies":"Jaw Worm","floor":3,"turns":5},{"damage":0,"enemies":"Cultist","floor":4,"turns":3},{"damage":8,"enemies":"3 Louse","floor":5,"turns":6},{"damage":8,"enemies":"Lagavulin","floor":7,"turns":7},{"damage":1,"enemies":"Large Slime","floor":12,"turns":6},{"damage":0,"enemies":"2 Fungi Beasts","floor":13,"turns":4},{"damage":0,"enemies":"Lots of Slimes","floor":14,"turns":1},{"damage":0,"enemies":"Slime Boss","floor":16,"turns":9},{"damage":0,"enemies":"Shell Parasite","floor":18,"turns":4},{"damage":0,"enemies":"2 Thieves","floor":19,"turns":2},{"damage":1,"enemies":"Snecko","floor":21,"turns":3},{"damage":0,"enemies":"Sentry and Sphere","floor":24,"turns":6},{"damage":0,"enemies":"Book of Stabbing","floor":25,"turns":5},{"damage":5,"enemies":"Centurion and Healer","floor":28,"turns":6},{"damage":4,"enemies":"Slavers","floor":29,"turns":6},{"damage":7,"enemies":"Snake Plant","floor":30,"turns":3},{"damage":0,"enemies":"Shelled Parasite and Fungi","floor":31,"turns":4},{"damage":8,"enemies":"Champ","floor":33,"turns":8},{"damage":0,"enemies":"Orb Walker","floor":35,"turns":3},{"damage":9,"enemies":"3 Shapes","floor":38,"turns":5},{"damage":0,"enemies":"Spire Growth","floor":39,"turns":3},{"damage":16,"enemies":"Giant Head","floor":41,"turns":8},{"damage":0,"enemies":"Maw","floor":45,"turns":4},{"damage":15,"enemies":"Reptomancer","floor":47,"turns":5},{"damage":0,"enemies":"3 Darklings","floor":48,"turns":3},{"damage":100,"enemies":"Awakened One","floor":50,"turns":6}],"seed_played":"7059850952326257277","potions_obtained":[{"floor":4,"key":"Regen Potion"},{"floor":5,"key":"Strength Potion"},{"floor":13,"key":"GamblersBrew"},{"floor":16,"key":"GhostInAJar"},{"floor":19,"key":"Fire Potion"},{"floor":21,"key":"GamblersBrew"},{"floor":30,"key":"FearPotion"},{"floor":35,"key":"Explosive Potion"},{"floor":39,"key":"GhostInAJar"},{"floor":45,"key":"Energy Potion"},{"floor":47,"key":"EssenceOfSteel"}],"is_trial":false,"path_per_floor":["M","$","M","M","M","R","E","R","T","R","?","M","M","M","R","B",null,"M","M","?","M","$","R","M","E","T","R","M","E","M","M","R","B",null,"M","$","?","M","M","R","E","?","T","R","M","?","E","M","R","B"],"character_chosen":"THE_SILENT","items_purchased":["Apotheosis","Accuracy","Reflex","Accuracy"],"campfire_rested":5,"item_purchase_floors":[2,22,22,36],"current_hp_per_floor":[59,59,55,55,62,62,54,54,54,54,47,46,46,46,46,46,61,61,61,61,60,60,66,66,66,66,66,61,59,56,58,74,68,74,78,78,78,71,73,84,68,68,68,84,86,80,67,71,96,0],"gold":59,"neow_bonus":"HUNDRED_GOLD","is_prod":false,"is_daily":false,"chose_seed":false,"campfire_upgraded":4,"win_rate":0,"timestamp":1555149138,"path_taken":["M","$","M","M","M","R","E","R","T","R","?","M","M","M","R","BOSS","M","M","?","M","$","R","M","E","T","R","M","E","M","M","R","BOSS","M","$","?","M","?","R","E","?","T","R","M","?","E","M","R","BOSS"],"build_version":"2019-01-23","purchased_purges":2,"victory":false,"max_hp_per_floor":[66,66,66,66,66,66,66,66,66,66,66,66,66,66,66,66,66,66,66,66,66,66,66,66,66,66,66,66,68,72,74,74,76,76,80,80,80,82,84,84,84,84,84,84,86,90,92,96,96,96],"card_choices":[{"not_picked":["Poisoned Stab","Quick Slash"],"picked":"Deadly Poison","floor":1},{"not_picked":["Distraction","Slice"],"picked":"Caltrops","floor":3},{"not_picked":["Quick Slash","Slice","Underhanded Strike"],"picked":"SKIP","floor":4},{"not_picked":["Quick Slash","Accuracy"],"picked":"Blade Dance","floor":5},{"not_picked":["Quick Slash","Slice"],"picked":"Cloak And Dagger","floor":7},{"not_picked":["Escape Plan","Outmaneuver"],"picked":"Dodge and Roll","floor":12},{"not_picked":["PiercingWail","Heel Hook"],"picked":"Dagger Spray","floor":13},{"not_picked":["Dagger Spray","Underhanded Strike"],"picked":"Concentrate","floor":14},{"not_picked":["Corpse Explosion","Burst"],"picked":"Adrenaline","floor":16},{"not_picked":["Escape Plan","Masterful Stab"],"picked":"Cloak And Dagger+1","floor":18},{"not_picked":["Outmaneuver","Slice","Flechettes"],"picked":"SKIP","floor":19},{"not_picked":["Dagger Throw","Caltrops","Flying Knee"],"picked":"SKIP","floor":21},{"not_picked":["Deflect","Doppelganger"],"picked":"Predator","floor":24},{"not_picked":["Masterful Stab","Poisoned Stab","Deflect+1"],"picked":"SKIP","floor":25},{"not_picked":["Outmaneuver","Quick Slash"],"picked":"Bouncing Flask","floor":28},{"not_picked":["Doppelganger","Backflip","Flying Knee+1"],"picked":"Singing Bowl","floor":29},{"not_picked":["Outmaneuver","Distraction","Poisoned Stab+1"],"picked":"Singing Bowl","floor":30},{"not_picked":["Endless Agony","Expertise","Bouncing Flask"],"picked":"Singing Bowl","floor":30},{"not_picked":["Acrobatics","Distraction+1"],"picked":"Calculated Gamble","floor":31},{"not_picked":["Dagger Throw","Underhanded Strike+1","Bane"],"picked":"Singing Bowl","floor":31},{"not_picked":["Malaise","Storm of Steel","Venomology"],"picked":"Singing Bowl","floor":33},{"not_picked":["Underhanded Strike","Flying Knee+1","Sucker Punch"],"picked":"Singing Bowl","floor":35},{"not_picked":["Prepared","Dagger Throw","Blade Dance"],"picked":"Singing Bowl","floor":35},{"not_picked":["Outmaneuver","Deadly Poison+1","Flying Knee"],"picked":"Singing Bowl","floor":38},{"not_picked":["Deadly Poison","Dagger Throw"],"picked":"Catalyst","floor":38},{"not_picked":["Quick Slash+1","Acrobatics","Prepared"],"picked":"Singing Bowl","floor":39},{"not_picked":["Quick Slash+1","Dodge and Roll"],"picked":"Backflip+1","floor":39},{"not_picked":["Dagger Throw+1","Expertise"],"picked":"PiercingWail+1","floor":41},{"not_picked":["Expertise+1","Bane+1","Caltrops+1"],"picked":"Singing Bowl","floor":45},{"not_picked":["Distraction","Deflect"],"picked":"Corpse Explosion","floor":45},{"not_picked":["Blind","Discovery"],"picked":"Sadistic Nature","floor":46},{"not_picked":["Good Instincts","PanicButton","Master of Strategy"],"picked":"Singing Bowl","floor":46},{"not_picked":["Dark Shackles","Forethought","Secret Weapon"],"picked":"Singing Bowl","floor":46},{"not_picked":["Deflect","Expertise+1","Flying Knee"],"picked":"Singing Bowl","floor":47},{"not_picked":["Sucker Punch","Deadly Poison+1","Accuracy"],"picked":"Singing Bowl","floor":48},{"not_picked":["Dagger Spray","Slice","Calculated Gamble"],"picked":"Singing Bowl","floor":48}],"player_experience":3086204,"relics_obtained":[{"floor":7,"key":"Dead Branch"},{"floor":9,"key":"Turnip"},{"floor":25,"key":"StoneCalendar"},{"floor":26,"key":"Singing Bowl"},{"floor":29,"key":"Prayer Wheel"},{"floor":41,"key":"Bottled Lightning"},{"floor":47,"key":"Regal Pillow"}],"event_choices":[{"cards_removed":["Strike_G"],"damage_healed":0,"gold_gain":0,"player_choice":"Card Removal","damage_taken":7,"max_hp_gain":0,"max_hp_loss":0,"event_name":"Golden Wing","floor":11,"gold_loss":0},{"damage_healed":0,"gold_gain":0,"cards_transformed":["Strike_G","Strike_G"],"player_choice":"Became Test Subject","damage_taken":0,"max_hp_gain":0,"max_hp_loss":0,"event_name":"Drug Dealer","floor":20,"gold_loss":0,"cards_obtained":["After Image","Sucker Punch"]},{"damage_healed":0,"gold_gain":50,"player_choice":"Pray","damage_taken":0,"max_hp_gain":0,"max_hp_loss":0,"event_name":"Golden Shrine","floor":37,"gold_loss":0},{"damage_healed":0,"gold_gain":0,"player_choice":"Paid","damage_taken":0,"relics_obtained":["Red Mask"],"max_hp_gain":0,"max_hp_loss":0,"event_name":"Tomb of Lord Red Mask","floor":42,"gold_loss":205},{"damage_healed":0,"gold_gain":0,"player_choice":"Memory 3","damage_taken":10,"max_hp_gain":0,"max_hp_loss":0,"event_name":"SensoryStone","floor":46,"gold_loss":0}],"is_beta":false,"boss_relics":[{"not_picked":["Ring of the Serpent","Snecko Eye"],"picked":"Fusion Hammer"},{"not_picked":["Lizard Tail","Runic Dome"],"picked":"Cursed Key"}],"items_purged_floors":[22,36],"is_endless":false,"potions_floor_spawned":[4,5,13,16,19,21,28,30,35,39,45,47],"killed_by":"Awakened One","ascension_level":20}