{"path_per_floor":["M","M","M","M","$","R","E","M","T","?","R","E","M","M","R","B",null,"M","M","$","M","?","R","M","R","T","M","R","M","$","?","R","B",null,"M","M","?","M","$","R","$","M","T","R","M","M","M","M","R"],"character_chosen":"THE_SILENT","items_purchased":["Dash","Dramatic Entrance","Secret Technique","Ancient Potion"],"gold_per_floor":[117,130,143,153,38,38,69,82,105,105,105,137,151,171,171,274,274,287,304,20,31,31,31,46,46,46,57,57,75,25,25,25,130,130,147,158,0,15,15,15,15,28,54,54,64,75,86,97,97,97],"floor_reached":50,"campfire_rested":6,"playtime":15094,"current_hp_per_floor":[69,64,58,58,58,58,48,48,48,70,70,54,51,50,50,28,70,50,48,48,32,32,53,42,63,63,34,55,45,45,70,70,6,70,49,38,38,7,7,28,28,28,28,49,31,28,7,13,34,0],"items_purged":["Strike_G"],"gold":97,"score":487,"play_id":"d85300ee-4e32-45c3-aaad-bba1afe93e82","local_time":"20180408160020","is_prod":false,"is_daily":false,"is_ascension_mode":false,"campfire_upgraded":4,"timestamp":1523217620,"path_taken":["M","M","?","M","$","R","E","M","T","?","R","E","M","M","R","BOSS","M","M","$","M","?","R","M","R","T","?","R","M","?","?","R","BOSS","M","M","?","?","$","R","?","M","T","R","M","?","M","M","R","BOSS"],"build_version":"2018-04-05v2","purchased_purges":1,"victory":false,"master_deck":["Defend_G","Defend_G","Defend_G","Strike_G","Strike_G","Strike_G","Survivor","Neutralize","Reflex","Backstab","Endless Agony","Blur","Dash+1","Distraction+1","Dagger Spray+1","Dash","Infinite Blades","Burst","Envenom+1","Distraction+1","Burst+1","Blade Dance+1","Flechettes","Dramatic Entrance","Secret Technique+1","Infinite Blades+1","Bouncing Flask","Underhanded Strike","Slice+1","Glass Knife","Underhanded Strike","Heel Hook+1","Acrobatics+1","Endless Agony+1","Bouncing Flask","Sucker Punch+1","PiercingWail+1","Endless Agony+1","Flying Knee+1","Acrobatics+1"],"max_hp_per_floor":[70,70,70,70,70,70,70,70,70,70,70,70,70,70,70,70,70,70,70,70,70,70,70,70,70,70,70,70,70,70,70,70,70,70,70,70,70,70,70,70,70,70,70,70,70,70,70,70,70,70],"relics":["Lizard Tail","Vajra","Orichalcum","Matryoshka","Astrolabe","Bag of Preparation","Snake Skull","Red Mask","Dream Catcher","Bag of Marbles"],"card_choices":[{"not_picked":["Acrobatics","Blade Dance"],"picked":"Reflex","floor":1},{"not_picked":["Outmaneuver","Distraction"],"picked":"Backstab","floor":2},{"not_picked":["Backflip","Prepared"],"picked":"Endless Agony","floor":3},{"not_picked":["Sucker Punch","Dagger Throw"],"picked":"Blur","floor":4},{"not_picked":["Masterful Stab","Flying Knee"],"picked":"Distraction","floor":7},{"not_picked":["Phantasmal Killer","Escape Plan"],"picked":"Dagger Spray","floor":8},{"not_picked":["Quick Slash","Flying Knee"],"picked":"Calculated Gamble","floor":12},{"not_picked":["Dagger Throw","Dodge and Roll"],"picked":"Dash","floor":13},{"not_picked":["Dodge and Roll","Slice"],"picked":"Infinite Blades","floor":14},{"not_picked":["A Thousand Cuts","Wraith Form"],"picked":"Burst","floor":16},{"not_picked":["Underhanded Strike","All Out Attack"],"picked":"Blade Dance","floor":18},{"not_picked":["Prepared","Terror"],"picked":"Flechettes","floor":19},{"not_picked":["Underhanded Strike","PiercingWail"],"picked":"Infinite Blades","floor":21},{"not_picked":["Leg Sweep","Poisoned Stab"],"picked":"Bouncing Flask","floor":24},{"not_picked":["Blur","Dodge and Roll"],"picked":"Underhanded Strike","floor":27},{"not_picked":["Leg Sweep","Deflect"],"picked":"Slice","floor":29},{"not_picked":["Doppelganger","Venomology"],"picked":"Glass Knife","floor":33},{"not_picked":["PiercingWail","Backflip"],"picked":"Underhanded Strike","floor":35},{"not_picked":["Quick Slash","Dagger Throw"],"picked":"Heel Hook","floor":36},{"not_picked":["Underhanded Strike","Well Laid Plans"],"picked":"Acrobatics","floor":38},{"not_picked":["Dagger Spray","Expertise"],"picked":"Endless Agony","floor":42},{"not_picked":["Noxious Fumes","Eviscerate"],"picked":"Bouncing Flask","floor":44},{"not_picked":["Endless Agony","Underhanded Strike"],"picked":"Sucker Punch","floor":45},{"not_picked":["Riddle With Holes","Crippling Poison"],"picked":"PiercingWail","floor":46},{"not_picked":["Expertise","Wraith Form"],"picked":"Endless Agony","floor":47},{"not_picked":["Poisoned Stab","Deflect"],"picked":"Flying Knee","floor":48},{"not_picked":["PiercingWail","Heel Hook"],"picked":"Acrobatics","floor":49}],"player_experience":5218,"potions_floor_usage":[42,48,50,50],"damage_taken":[{"damage":1,"enemies":"Cultist","floor":1,"turns":5},{"damage":5,"enemies":"Small Slimes","floor":2,"turns":4},{"damage":6,"enemies":"Jaw Worm","floor":3,"turns":3},{"damage":0,"enemies":"Looter","floor":4,"turns":3},{"damage":10,"enemies":"3 Sentries","floor":7,"turns":12},{"damage":0,"enemies":"Exordium Wildlife","floor":8,"turns":5},{"damage":16,"enemies":"Gremlin Nob","floor":12,"turns":4},{"damage":3,"enemies":"Red Slaver","floor":13,"turns":3},{"damage":1,"enemies":"Large Slime","floor":14,"turns":5},{"damage":57,"enemies":"Slime Boss","floor":16,"turns":14},{"damage":20,"enemies":"3 Byrds","floor":18,"turns":8},{"damage":2,"enemies":"Chosen","floor":19,"turns":4},{"damage":16,"enemies":"Snake Plant","floor":21,"turns":4},{"damage":11,"enemies":"3 Cultists","floor":24,"turns":5},{"damage":29,"enemies":"Sentry and Sphere","floor":27,"turns":4},{"damage":10,"enemies":"Centurion and Healer","floor":29,"turns":5},{"damage":64,"enemies":"Champ","floor":33,"turns":8},{"damage":21,"enemies":"3 Darklings","floor":35,"turns":6},{"damage":11,"enemies":"Orb Walker","floor":36,"turns":3},{"damage":31,"enemies":"3 Darklings","floor":38,"turns":4},{"damage":0,"enemies":"4 Shapes","floor":42,"turns":1},{"damage":18,"enemies":"Sphere and 2 Shapes","floor":45,"turns":4},{"damage":3,"enemies":"Maw","floor":46,"turns":6},{"damage":21,"enemies":"3 Darklings","floor":47,"turns":5},{"damage":6,"enemies":"4 Shapes","floor":48,"turns":4},{"damage":40,"enemies":"Awakened One","floor":50,"turns":5}],"event_choices":[{"event_name":"Big Fish","player_choice":"Banana","floor":10,"damage_taken":0},{"event_name":"Drug Dealer","player_choice":"Ignored","floor":22,"damage_taken":0},{"event_name":"Bonfire Elementals","player_choice":"UNCOMMON","floor":31,"damage_taken":0},{"event_name":"Tomb of Lord Red Mask","player_choice":"Paid","floor":37,"damage_taken":0}],"boss_relics":[{"not_picked":["White Beast Statue","Runic Pyramid"],"picked":"Astrolabe"},{"not_picked":[]}],"potions_floor_spawned":[2,4,7,13,16,19,21,24,33,38,42,46,47],"seed_played":"-7055483778742820543","killed_by":"Awakened One","ascension_level":0,"is_trial":false}