{"gold_per_floor":[113,132,82,94,94,122,122,151,151,151,181,19,32,51,51,155,155,167,181,200,74,74,74,105,105,105,105,115,115,140,156,156,156],"floor_reached":33,"playtime":1990,"items_purged":["Hyperbeam"],"score":285,"play_id":"75931160-6a89-4bd5-8d81-e6ca39bbe324","local_time":"20190505220046","is_ascension_mode":false,"campfire_choices":[{"floor":7,"key":"RECALL"},{"data":"Lockon","floor":10,"key":"SMITH"},{"data":"Capacitor","floor":15,"key":"SMITH"},{"floor":23,"key":"REST"},{"floor":27,"key":"REST"},{"floor":29,"key":"REST"},{"data":"Go for the Eyes","floor":32,"key":"SMITH"}],"neow_cost":"NONE","seed_source_timestamp":69928122997600,"circlet_count":0,"master_deck":["Strike_B","Strike_B+1","Defend_B","Defend_B","Defend_B","Defend_B","Zap","Dualcast","Stack","Stack","Ball Lightning+1","Lockon+1","Chill","BootSequence","Steam Power","Capacitor+1","FTL","Beam Cell","Go for the Eyes+1","Electrodynamics","Ball Lightning","Lockon","Leap+1","Redo","Stack+1","Beam Cell","Ball Lightning"],"relics":["Cracked Core","Kunai","Bag of Marbles","Whetstone","Inserter","PreservedInsect","Question Card","Pen Nib"],"potions_floor_usage":[8,11,18,33],"damage_taken":[{"damage":0,"enemies":"Cultist","floor":1,"turns":3},{"damage":3,"enemies":"Small Slimes","floor":2,"turns":3},{"damage":0,"enemies":"2 Louse","floor":4,"turns":4},{"damage":9,"enemies":"Lagavulin","floor":6,"turns":6},{"damage":11,"enemies":"3 Sentries","floor":8,"turns":7},{"damage":12,"enemies":"Lagavulin","floor":11,"turns":8},{"damage":0,"enemies":"Blue Slaver","floor":13,"turns":3},{"damage":0,"enemies":"Looter","floor":14,"turns":2},{"damage":39,"enemies":"The Guardian","floor":16,"turns":9},{"damage":25,"enemies":"Spheric Guardian","floor":18,"turns":5},{"damage":8,"enemies":"3 Byrds","floor":19,"turns":5},{"damage":10,"enemies":"Centurion and Healer","floor":20,"turns":8},{"damage":29,"enemies":"Gremlin Leader","floor":24,"turns":7},{"damage":17,"enemies":"Sentry and Sphere","floor":28,"turns":6},{"damage":0,"enemies":"Cultist and Chosen","floor":31,"turns":5},{"damage":59,"enemies":"Automaton","floor":33,"turns":6}],"seed_played":"-4738136380931195298","potions_obtained":[{"floor":6,"key":"Regen Potion"},{"floor":8,"key":"PowerPotion"},{"floor":16,"key":"Ancient Potion"},{"floor":28,"key":"GamblersBrew"}],"is_trial":false,"path_per_floor":["?","?","?","?","T"],"character_chosen":"DEFECT","items_purchased":["Capacitor","FTL","Beam Cell","Redo"],"campfire_rested":3,"item_purchase_floors":[12,12,12,21],"current_hp_per_floor":[75,72,72,72,65,56,56,60,60,60,48,48,48,48,48,9,75,50,42,32,32,32,54,25,25,25,47,30,52,52,52,52,0],"gold":156,"neow_bonus":"THREE_CARDS","is_prod":false,"is_daily":false,"chose_seed":false,"campfire_upgraded":3,"win_rate":0,"timestamp":1557118846,"path_taken":["M","M","?","M","?","E","R","E","T","R","E","$","M","M","R","BOSS","M","M","M","$","?","R","E","?","T","R","M","R","?","M","R","BOSS"],"build_version":"2019-01-23","purchased_purges":1,"victory":false,"max_hp_per_floor":[75,75,75,75,75,75,75,75,75,75,75,75,75,75,75,75,75,75,75,75,75,75,75,75,75,75,75,75,75,75,75,75,75],"card_choices":[{"not_picked":["Doom and Gloom","Sweeping Beam"],"picked":"Stack","floor":0},{"not_picked":["Cold Snap","Rebound"],"picked":"Stack","floor":1},{"not_picked":["Sweeping Beam","Coolheaded"],"picked":"Ball Lightning","floor":2},{"not_picked":["Static Discharge","Conserve Battery"],"picked":"Lockon","floor":4},{"not_picked":["Undo","Force Field"],"picked":"Chill","floor":6},{"not_picked":["Hologram","Steam"],"picked":"BootSequence","floor":8},{"not_picked":["Hologram","Coolheaded"],"picked":"Steam Power","floor":11},{"not_picked":["Barrage","Reprogram"],"picked":"Go for the Eyes","floor":13},{"not_picked":["Steam","Leap"],"picked":"Electrodynamics","floor":14},{"not_picked":["Fission","Buffer"],"picked":"Hyperbeam","floor":16},{"not_picked":["Recycle","Streamline+1"],"picked":"Ball Lightning","floor":18},{"not_picked":["Sweeping Beam+1","Streamline+1"],"picked":"Lockon","floor":19},{"not_picked":["Static Discharge","Go for the Eyes"],"picked":"Leap+1","floor":20},{"not_picked":["Hologram","Reboot"],"picked":"Stack+1","floor":24},{"not_picked":["Aggregate","Streamline+1","Hologram"],"picked":"Beam Cell","floor":28},{"not_picked":["Steam","Go for the Eyes","Force Field"],"picked":"Ball Lightning","floor":31}],"player_experience":141720,"relics_obtained":[{"floor":6,"key":"Kunai"},{"floor":8,"key":"Bag of Marbles"},{"floor":11,"key":"Whetstone"},{"floor":24,"key":"PreservedInsect"},{"floor":26,"key":"Question Card"},{"floor":30,"key":"Pen Nib"}],"event_choices":[{"cards_removed":["Strike_B"],"damage_healed":0,"gold_gain":0,"player_choice":"Card Removal","damage_taken":0,"max_hp_gain":0,"max_hp_loss":0,"event_name":"The Cleric","floor":3,"gold_loss":50},{"cards_removed":["Strike_B"],"damage_healed":0,"gold_gain":0,"player_choice":"Card Removal","damage_taken":7,"max_hp_gain":0,"max_hp_loss":0,"event_name":"Golden Wing","floor":5,"gold_loss":0},{"damage_healed":0,"gold_gain":0,"player_choice":"Ignored","damage_taken":0,"max_hp_gain":0,"max_hp_loss":0,"event_name":"Beggar","floor":25,"gold_loss":0}],"is_beta":false,"boss_relics":[{"not_picked":["Snecko Eye","Black Star"],"picked":"Inserter"}],"items_purged_floors":[21],"is_endless":false,"potions_floor_spawned":[6,8,16,28],"killed_by":"Automaton","ascension_level":0}