{"gold_per_floor":[118,118,134,144,159,187,199,227,262,274,303,333,345,372,384,497,509,536,564,590,602],"floor_reached":21,"playtime":1422,"items_purged":[],"score":299,"play_id":"548e2030-de30-4f4f-8541-b5133cb253e6","local_time":"20190323125605","is_ascension_mode":true,"campfire_choices":[{"data":"Neutralize","floor":7.0,"key":"SMITH"},{"floor":10.0,"key":"REST"},{"data":"Footwork","floor":13.0,"key":"SMITH"},{"data":"Cloak And Dagger","floor":15.0,"key":"SMITH"}],"neow_cost":"NONE","seed_source_timestamp":184765680673243,"circlet_count":0,"master_deck":["AscendersBane","Defend_G","Defend_G","Defend_G","Defend_G","Defend_G","Strike_G","Strike_G","Strike_G","Strike_G","Survivor","Neutralize+1","Slice","Dagger Throw","Caltrops","Dagger Throw","Heel Hook","Cloak And Dagger+1","Dash","Footwork+1","Calculated Gamble","Unload","Deflect","Backstab+1"],"special_seed":0,"relics":["White Beast Statue","MawBank","Snake Skull","Black Star"],"potions_floor_usage":[20],"damage_taken":[{"damage":3.0,"enemies":"Jaw Worm","floor":1.0,"turns":5.0},{"damage":3.0,"enemies":"Cultist","floor":3.0,"turns":6.0},{"damage":4.0,"enemies":"2 Louse","floor":4.0,"turns":2.0},{"damage":0.0,"enemies":"Large Slime","floor":5.0,"turns":3.0},{"damage":14.0,"enemies":"Gremlin Nob","floor":6.0,"turns":5.0},{"damage":6.0,"enemies":"Looter","floor":8.0,"turns":3.0},{"damage":2.0,"enemies":"Exordium Wildlife","floor":11.0,"turns":6.0},{"damage":3.0,"enemies":"Lots of Slimes","floor":12.0,"turns":3.0},{"damage":2.0,"enemies":"Looter","floor":14.0,"turns":4.0},{"damage":18.0,"enemies":"The Guardian","floor":16.0,"turns":14.0},{"damage":19.0,"enemies":"Spheric Guardian","floor":18.0,"turns":7.0},{"damage":8.0,"enemies":"Chosen","floor":19.0,"turns":5.0},{"damage":36,"enemies":"Snake Plant","floor":20,"turns":7},{"damage":14,"enemies":"Sentry and Sphere","floor":21,"turns":3}],"seed_played":"705655470825908898","potions_obtained":[{"floor":1.0,"key":"Swift Potion"},{"floor":3.0,"key":"Poison Potion"},{"floor":4.0,"key":"Fire Potion"},{"floor":5.0,"key":"Block Potion"},{"floor":6.0,"key":"GamblersBrew"},{"floor":8.0,"key":"FearPotion"},{"floor":11.0,"key":"Poison Potion"},{"floor":12.0,"key":"FairyPotion"},{"floor":14.0,"key":"Block Potion"},{"floor":16.0,"key":"Block Potion"},{"floor":18.0,"key":"PowerPotion"},{"floor":19.0,"key":"GamblersBrew"},{"floor":20,"key":"GamblersBrew"}],"is_trial":false,"path_per_floor":["M","?","M","M","M","E","R","M","T","R","M","M","R","M","R","B",null,"M","M","M","M"],"character_chosen":"THE_SILENT","items_purchased":[],"campfire_rested":1,"item_purchase_floors":[],"current_hp_per_floor":[60,60,57,53,53,39,39,33,33,54,52,49,49,47,47,29,60,41,33,7,0],"gold":602,"neow_bonus":"BOSS_RELIC","is_prod":false,"is_daily":false,"chose_seed":false,"campfire_upgraded":3,"win_rate":0,"timestamp":1553370965,"path_taken":["M","?","?","M","M","E","R","M","T","R","M","?","R","M","R","BOSS","M","M","M","M"],"build_version":"2019-01-23","purchased_purges":0,"victory":false,"max_hp_per_floor":[70,70,70,70,70,70,70,70,70,70,70,70,70,70,70,70,70,70,70,70,70],"card_choices":[{"not_picked":["Choke","Bane"],"picked":"Slice","floor":1.0},{"not_picked":["PiercingWail","Choke"],"picked":"Dagger Throw","floor":3.0},{"not_picked":["Slice","Bane"],"picked":"Caltrops","floor":4.0},{"not_picked":["Blade Dance","Skewer"],"picked":"Dagger Throw","floor":5.0},{"not_picked":["Bouncing Flask","Choke"],"picked":"Heel Hook","floor":6.0},{"not_picked":["Deflect","Flying Knee"],"picked":"Cloak And Dagger","floor":8.0},{"not_picked":["Escape Plan","Dagger Throw"],"picked":"Dash","floor":11.0},{"not_picked":["Deflect","Well Laid Plans"],"picked":"Footwork","floor":12.0},{"not_picked":["Flechettes","Prepared"],"picked":"Calculated Gamble","floor":14.0},{"not_picked":["Doppelganger","Burst"],"picked":"Unload","floor":16.0},{"not_picked":["Flying Knee","Dagger Spray"],"picked":"Deflect","floor":18.0},{"not_picked":["Dagger Throw","Calculated Gamble+1"],"picked":"Backstab+1","floor":19.0},{"not_picked":["Eviscerate+1","Finisher","Masterful Stab"],"picked":"SKIP","floor":20}],"player_experience":526548,"relics_obtained":[{"floor":6.0,"key":"MawBank"},{"floor":9.0,"key":"Snake Skull"}],"event_choices":[{"cards_removed":["Strike_G"],"damage_healed":0.0,"max_hp_gain":0.0,"max_hp_loss":0.0,"gold_gain":0.0,"event_name":"Purifier","player_choice":"Purged","floor":2.0,"gold_loss":0.0,"damage_taken":0.0}],"is_beta":false,"boss_relics":[{"not_picked":["Runic Dome","Philosopher\u0027s Stone"],"picked":"Black Star"}],"items_purged_floors":[],"is_endless":false,"potions_floor_spawned":[1,3,4,5,6,8,11,12,14,16,18,19,20],"killed_by":"Sentry and Sphere","ascension_level":12}