{"gold_per_floor":[117,117,135,158,64,107,107,127,127,127,202,236,254,254,254,348,348,372,372,387,387],"floor_reached":21,"playtime":1213,"items_purged":[],"score":312,"play_id":"25f9af59-a89c-480d-bba4-ad4ac3dee243","local_time":"20190328221856","is_ascension_mode":true,"campfire_choices":[{"data":"Noxious Fumes","floor":7.0,"key":"SMITH"},{"floor":10.0,"key":"REST"},{"floor":15,"key":"REST"}],"neow_cost":"NONE","seed_source_timestamp":263638613596633,"circlet_count":0,"master_deck":["AscendersBane","Defend_G","Defend_G","Defend_G","Defend_G","Defend_G","Strike_G","Strike_G","Strike_G","Strike_G","Strike_G","Survivor","Neutralize","Injury","Blade Dance","Prepared","Noxious Fumes+1","Deadly Poison","Flying Knee","Underhanded Strike","Flechettes","Poisoned Stab","Malaise","Backstab","Dagger Spray+1"],"special_seed":0,"relics":["Runic Pyramid","Golden Idol","Boot","Juzu Bracelet","The Courier","Busted Crown","Molten Egg 2"],"potions_floor_usage":[16,21,21],"damage_taken":[{"damage":7.0,"enemies":"2 Louse","floor":1.0,"turns":3.0},{"damage":1.0,"enemies":"Small Slimes","floor":3.0,"turns":6.0},{"damage":3.0,"enemies":"Cultist","floor":4.0,"turns":5.0},{"damage":17.0,"enemies":"Lagavulin","floor":6.0,"turns":8.0},{"damage":9.0,"enemies":"Blue Slaver","floor":8.0,"turns":5.0},{"damage":20.0,"enemies":"3 Sentries","floor":12.0,"turns":6.0},{"damage":14.0,"enemies":"Exordium Wildlife","floor":13.0,"turns":5.0},{"damage":2,"enemies":"Hexaghost","floor":16,"turns":8},{"damage":38,"enemies":"2 Thieves","floor":18,"turns":4},{"damage":8,"enemies":"3 Byrds","floor":20,"turns":4},{"damage":13,"enemies":"Sentry and Sphere","floor":21,"turns":3}],"seed_played":"-1807268466903328472","potions_obtained":[{"floor":4.0,"key":"GamblersBrew"},{"floor":8.0,"key":"Weak Potion"},{"floor":13,"key":"Dexterity Potion"},{"floor":16,"key":"Ancient Potion"}],"is_trial":false,"path_per_floor":["M","?","M","M","$","E","R","M","T","R","?","E","M","?","R","B",null,"M","?","M","M"],"character_chosen":"THE_SILENT","items_purchased":["Noxious Fumes","Deadly Poison"],"campfire_rested":2,"item_purchase_floors":[5,5],"current_hp_per_floor":[56,56,55,52,52,35,35,26,26,47,36,16,2,2,23,21,58,20,20,12,0],"gold":387,"neow_bonus":"BOSS_RELIC","is_prod":false,"is_daily":false,"chose_seed":false,"campfire_upgraded":1,"win_rate":0,"timestamp":1553836736,"path_taken":["M","?","M","M","$","E","R","M","T","R","?","E","M","?","R","BOSS","M","?","M","M"],"build_version":"2019-01-23","purchased_purges":0,"victory":false,"max_hp_per_floor":[70,70,70,70,70,70,70,70,70,70,70,70,70,70,70,70,70,70,70,70,70],"card_choices":[{"not_picked":["Poisoned Stab","Underhanded Strike"],"picked":"Acrobatics","floor":1.0},{"not_picked":["Bane","PiercingWail"],"picked":"Blade Dance","floor":3.0},{"not_picked":["Acrobatics","Flying Knee"],"picked":"Prepared","floor":4.0},{"not_picked":["Choke","Acrobatics"],"picked":"Flying Knee","floor":6.0},{"not_picked":["Quick Slash","Catalyst"],"picked":"Underhanded Strike","floor":8.0},{"not_picked":["Night Terror","Backflip"],"picked":"Flechettes","floor":12.0},{"not_picked":["Bouncing Flask","Prepared"],"picked":"Poisoned Stab","floor":13},{"not_picked":["Grand Finale","Venomology"],"picked":"Malaise","floor":16},{"not_picked":[],"picked":"Backstab","floor":18},{"not_picked":[],"picked":"Dagger Spray+1","floor":20}],"player_experience":565060,"relics_obtained":[{"floor":6.0,"key":"Boot"},{"floor":9.0,"key":"Juzu Bracelet"},{"floor":12.0,"key":"The Courier"}],"event_choices":[{"damage_healed":0.0,"max_hp_gain":0.0,"max_hp_loss":0.0,"gold_gain":0.0,"event_name":"Golden Idol","player_choice":"Take Wound","floor":2.0,"gold_loss":0.0,"damage_taken":0.0,"relics_obtained":["Golden Idol"],"cards_obtained":["Injury"]},{"damage_healed":0.0,"max_hp_gain":0.0,"max_hp_loss":0.0,"gold_gain":75.0,"event_name":"World of Goop","player_choice":"Gather Gold","floor":11.0,"gold_loss":0.0,"damage_taken":11.0},{"damage_healed":0,"gold_gain":0,"player_choice":"Ignored","damage_taken":0,"max_hp_gain":0,"max_hp_loss":0,"event_name":"Shining Light","floor":14,"gold_loss":0},{"cards_removed":["Acrobatics"],"damage_healed":0,"gold_gain":0,"player_choice":"Gave Card","damage_taken":0,"relics_obtained":["Molten Egg 2"],"max_hp_gain":0,"max_hp_loss":0,"event_name":"WeMeetAgain","floor":19,"gold_loss":0}],"is_beta":false,"boss_relics":[{"not_picked":["White Beast Statue","Snecko Eye"],"picked":"Busted Crown"}],"items_purged_floors":[],"is_endless":false,"potions_floor_spawned":[4,8,13,16,18],"killed_by":"Sentry and Sphere","ascension_level":13}