{"gold_per_floor":[110,60,60,76,86,86,112,112,112,112,124,137,172,182,182,280,280,293,293,293,92,104,131,131,131],"floor_reached":25,"playtime":1586,"items_purged":["Writhe"],"score":289,"play_id":"48f0da3e-b3ea-4382-91d1-453b23dd3d9d","local_time":"20190428121335","is_ascension_mode":true,"campfire_choices":[{"data":"Creative AI","floor":6,"key":"SMITH"},{"data":"Zap","floor":8,"key":"SMITH"},{"floor":10,"key":"REST"},{"data":"Blizzard","floor":15,"key":"SMITH"},{"floor":24,"key":"REST"}],"neow_cost":"TEN_PERCENT_HP_LOSS","seed_source_timestamp":178212244097253,"circlet_count":0,"master_deck":["Zap+1","Dualcast","Creative AI+1","Cold Snap","Glacier","Glacier","Conserve Battery","Sweeping Beam","Coolheaded+1","Blizzard+1","Reboot+1","Reinforced Body+1","Turbo+1","Stack+1","Buffer","Self Repair","Rebound","Blizzard","Loop","Defragment","Coolheaded+1"],"relics":["Cracked Core","CultistMask","The Courier","Toxic Egg 2","Regal Pillow","Pandora\u0027s Box","Oddly Smooth Stone","Bottled Lightning"],"potions_floor_usage":[13,16],"damage_taken":[{"damage":1,"enemies":"Cultist","floor":1,"turns":4},{"damage":12,"enemies":"2 Louse","floor":4,"turns":2},{"damage":4,"enemies":"Small Slimes","floor":5,"turns":4},{"damage":15,"enemies":"3 Sentries","floor":7,"turns":11},{"damage":0,"enemies":"Exordium Wildlife","floor":11,"turns":4},{"damage":8,"enemies":"Looter","floor":12,"turns":4},{"damage":1,"enemies":"Lagavulin","floor":13,"turns":9},{"damage":0,"enemies":"Large Slime","floor":14,"turns":4},{"damage":33,"enemies":"The Guardian","floor":16,"turns":13},{"damage":0,"enemies":"Spheric Guardian","floor":18,"turns":6},{"damage":12,"enemies":"Shell Parasite","floor":22,"turns":9},{"damage":55,"enemies":"Book of Stabbing","floor":23,"turns":10},{"damage":44,"enemies":"Slavers","floor":25,"turns":4}],"seed_played":"9123356234295285782","potions_obtained":[{"floor":7,"key":"LiquidBronze"},{"floor":13,"key":"PowerPotion"},{"floor":14,"key":"SkillPotion"},{"floor":16,"key":"SpeedPotion"},{"floor":22,"key":"Ancient Potion"}],"is_trial":false,"path_per_floor":["?","?","M","?","?","$"],"character_chosen":"DEFECT","items_purchased":["Blizzard","Loop","Defragment"],"campfire_rested":2,"item_purchase_floors":[21,21,21],"current_hp_per_floor":[67,67,67,55,51,51,36,36,36,56,56,48,47,47,47,14,55,62,62,62,62,57,9,44,0],"gold":131,"neow_bonus":"THREE_RARE_CARDS","is_prod":false,"is_daily":false,"chose_seed":false,"campfire_upgraded":3,"win_rate":0,"timestamp":1556446415,"path_taken":["M","?","?","M","?","R","E","R","T","R","M","M","E","M","R","BOSS","M","?","?","?","M","E","R","E"],"build_version":"2019-01-23","purchased_purges":1,"victory":false,"max_hp_per_floor":[68,68,68,68,68,68,68,68,68,68,68,68,68,68,68,68,68,68,68,68,68,68,68,68,68],"card_choices":[{"not_picked":["Thunder Strike","Fission"],"picked":"Creative AI","floor":0},{"not_picked":["Beam Cell","Redo"],"picked":"Cold Snap","floor":1},{"not_picked":["Go for the Eyes","Stack"],"picked":"Glacier","floor":4},{"not_picked":["Fusion","Reprogram"],"picked":"Glacier","floor":5},{"not_picked":["Auto Shields","Reprogram"],"picked":"Conserve Battery","floor":7},{"not_picked":["Rebound","Undo+1"],"picked":"Sweeping Beam","floor":11},{"not_picked":["Redo+1","Leap+1"],"picked":"Coolheaded+1","floor":12},{"not_picked":["Hyperbeam","FTL"],"picked":"Turbo+1","floor":13},{"not_picked":["Ball Lightning","Cold Snap"],"picked":"Blizzard","floor":14},{"not_picked":["Doom and Gloom","Beam Cell","Darkness+1"],"picked":"SKIP","floor":18},{"not_picked":["Aggregate+1","Stack+1"],"picked":"Coolheaded+1","floor":22},{"not_picked":["Rebound+1","Barrage","Conserve Battery+1"],"picked":"SKIP","floor":23}],"player_experience":174133,"relics_obtained":[{"floor":7,"key":"The Courier"},{"floor":9,"key":"Toxic Egg 2"},{"floor":13,"key":"Regal Pillow"},{"floor":23,"key":"Bottled Lightning"}],"event_choices":[{"cards_removed":["Strike_B"],"damage_healed":0,"gold_gain":0,"player_choice":"Card Removal","damage_taken":0,"max_hp_gain":0,"max_hp_loss":0,"event_name":"The Cleric","floor":2,"gold_loss":50},{"damage_healed":0,"gold_gain":0,"player_choice":"Trade","damage_taken":0,"relics_obtained":["CultistMask"],"max_hp_gain":0,"max_hp_loss":0,"event_name":"FaceTrader","floor":3,"gold_loss":0},{"cards_removed":["Turbo"],"damage_healed":0,"gold_gain":0,"player_choice":"Elegance","damage_taken":0,"max_hp_gain":0,"max_hp_loss":0,"event_name":"Back to Basics","floor":19,"gold_loss":0},{"damage_healed":0,"gold_gain":0,"player_choice":"Opened","damage_taken":0,"relics_obtained":["Oddly Smooth Stone"],"max_hp_gain":0,"max_hp_loss":0,"event_name":"The Mausoleum","floor":20,"gold_loss":0,"cards_obtained":["Writhe"]}],"is_beta":false,"boss_relics":[{"not_picked":["Empty Cage","Ectoplasm"],"picked":"Pandora\u0027s Box"}],"items_purged_floors":[21],"is_endless":false,"potions_floor_spawned":[7,13,14,16,22,23],"killed_by":"Slavers","ascension_level":5}