{"gold_per_floor":[116,41,41,15,27,59,59,77,100,100,100,100,117,133,133,207,207,217,233,65,65,12,12,25,25],"floor_reached":25,"playtime":1224,"items_purged":["Shame"],"score":387,"play_id":"063c3121-f404-40bc-9f1c-cf6422a44638","local_time":"20190508180821","is_ascension_mode":true,"campfire_choices":[{"data":"Zap","floor":7.0,"key":"SMITH"},{"floor":10.0,"key":"REST"},{"floor":15.0,"key":"REST"},{"floor":23,"key":"REST"}],"neow_cost":"CURSE","seed_source_timestamp":0,"circlet_count":0,"master_deck":["AscendersBane","Strike_B","Strike_B","Strike_B","Defend_B","Defend_B","Defend_B","Zap+1","Dualcast","Loop","Conserve Battery","Go for the Eyes","Gash","Darkness","Gash","Gash","Electrodynamics","Lockon+1","Conserve Battery","Gash","Buffer"],"special_seed":0,"relics":["Cracked Core","Juzu Bracelet","Bronze Scales","Cursed Key","Omamori"],"potions_floor_usage":[],"damage_taken":[{"damage":7.0,"enemies":"Jaw Worm","floor":1.0,"turns":3.0},{"damage":0.0,"enemies":"Cultist","floor":5.0,"turns":4.0},{"damage":51.0,"enemies":"3 Sentries","floor":6.0,"turns":8.0},{"damage":9.0,"enemies":"2 Louse","floor":8.0,"turns":3.0},{"damage":4.0,"enemies":"Blue Slaver","floor":13.0,"turns":3.0},{"damage":3.0,"enemies":"Exordium Thugs","floor":14.0,"turns":4.0},{"damage":23.0,"enemies":"Hexaghost","floor":16.0,"turns":7.0},{"damage":29,"enemies":"2 Thieves","floor":18,"turns":4},{"damage":8,"enemies":"3 Byrds","floor":19,"turns":4},{"damage":36,"enemies":"3 Cultists","floor":24,"turns":5},{"damage":17,"enemies":"Snecko","floor":25,"turns":4}],"seed_played":"596355477784966223","potions_obtained":[{"floor":6.0,"key":"Weak Potion"},{"floor":8.0,"key":"Weak Potion"},{"floor":16.0,"key":"SteroidPotion"}],"is_trial":false,"path_per_floor":["M","$","?","$","M","E","R","M","T","R","?","?","M","M","R","B",null,"M","M","$","?","$","R","M","M"],"character_chosen":"DEFECT","items_purchased":["Go for the Eyes","Omamori","Gash"],"campfire_rested":3,"item_purchase_floors":[4,20,22],"current_hp_per_floor":[57,57,71,71,71,20,20,11,11,32,37,37,33,30,52,29,64,35,27,27,27,27,49,13,0],"gold":25,"neow_bonus":"TRANSFORM_TWO_CARDS","is_prod":false,"is_daily":false,"chose_seed":false,"campfire_upgraded":1,"win_rate":0,"timestamp":1557364101,"path_taken":["M","$","?","?","M","E","R","M","T","R","?","?","M","M","R","BOSS","M","M","$","?","?","R","M","M"],"build_version":"2019-01-23","purchased_purges":1,"victory":false,"max_hp_per_floor":[71,71,71,71,71,71,71,71,71,71,76,76,76,76,76,76,76,76,76,76,76,76,76,76,76],"card_choices":[{"not_picked":["Coolheaded","Tempest"],"picked":"Conserve Battery","floor":1.0},{"not_picked":["Barrage","Hello World"],"picked":"Gash","floor":5.0},{"not_picked":["Turbo","Barrage"],"picked":"Darkness","floor":6.0},{"not_picked":["Turbo","FTL"],"picked":"Gash","floor":8.0},{"not_picked":["Beam Cell","Rebound"],"picked":"Gash","floor":13.0},{"not_picked":["Cold Snap","Heatsinks","Barrage"],"picked":"SKIP","floor":14.0},{"not_picked":["Rainbow","All For One"],"picked":"Electrodynamics","floor":16.0},{"not_picked":["Compile Driver","Capacitor"],"picked":"Lockon+1","floor":18},{"not_picked":["Turbo+1","Barrage"],"picked":"Conserve Battery","floor":19},{"not_picked":["Ball Lightning","Blizzard"],"picked":"Buffer","floor":24}],"player_experience":659689,"relics_obtained":[{"floor":6.0,"key":"Juzu Bracelet"},{"floor":9.0,"key":"Bronze Scales"}],"event_choices":[{"cards_removed":["Reprogram"],"damage_healed":14.0,"max_hp_gain":0.0,"max_hp_loss":0.0,"gold_gain":0.0,"event_name":"Bonfire Elementals","player_choice":"Offered Uncommon","floor":3.0,"gold_loss":0.0,"damage_taken":0.0},{"damage_healed":0.0,"max_hp_gain":5.0,"max_hp_loss":0.0,"gold_gain":0.0,"event_name":"Big Fish","player_choice":"Donut","floor":11.0,"gold_loss":0.0,"damage_taken":0.0},{"damage_healed":0.0,"max_hp_gain":0.0,"max_hp_loss":0.0,"gold_gain":0.0,"event_name":"Shining Light","player_choice":"Ignored","floor":12.0,"gold_loss":0.0,"damage_taken":0.0},{"damage_healed":0,"gold_gain":0,"player_choice":"Ignored","damage_taken":0,"max_hp_gain":0,"max_hp_loss":0,"event_name":"N\u0027loth","floor":21,"gold_loss":0}],"is_beta":false,"boss_relics":[{"not_picked":["FrozenCore","Eternal Feather"],"picked":"Cursed Key"}],"items_purged_floors":[2],"is_endless":false,"potions_floor_spawned":[6,8,16],"killed_by":"Snecko","ascension_level":16}