{"gold_per_floor":[99,99,99,99,99,99,99,99,99,99,99,99,99,99,99,99,99,99,99,99,99,99,99,99,99,99,47,47,47,47,47,47,47,47,47,47,47,47,47,47,47,47,47,47,47,47,47,47,47,47],"floor_reached":51,"playtime":5122,"items_purged":[],"score":1200,"play_id":"61c49ccc-fadc-488b-bb7e-548046f5e2e6","local_time":"20190323152109","is_ascension_mode":true,"campfire_choices":[{"floor":6.0,"key":"REST"},{"data":"Footwork","floor":12.0,"key":"SMITH"},{"data":"Footwork","floor":15.0,"key":"SMITH"},{"floor":24.0,"key":"REST"},{"data":"Neutralize","floor":28.0,"key":"SMITH"},{"data":"Ghostly","floor":32.0,"key":"SMITH"},{"data":"Burst","floor":40.0,"key":"SMITH"},{"data":"Ghostly","floor":42.0,"key":"SMITH"},{"data":"Ghostly","floor":44.0,"key":"SMITH"},{"floor":49.0,"key":"REST"}],"neow_cost":"NONE","seed_source_timestamp":188821690960460,"circlet_count":0,"master_deck":["AscendersBane","Defend_G+1","Defend_G+1","Defend_G+1","Defend_G+1","Defend_G+1","Strike_G+1","Strike_G+1","Strike_G+1","Strike_G+1","Survivor","Neutralize+1","Blade Dance+1","Footwork+1","All Out Attack+1","Corpse Explosion","Caltrops","Blur","Calculated Gamble","Footwork+1","All Out Attack","Tools of the Trade","Backflip","Dodge and Roll","Underhanded Strike","Reflex","Ghostly+1","Ghostly+1","Ghostly","Ghostly","Ghostly+1","Escape Plan","Cloak And Dagger","Underhanded Strike","Dodge and Roll","Burst+1","Blur+1","Panache","Underhanded Strike","Caltrops+1","Wraith Form v2"],"special_seed":0,"relics":["Ectoplasm","Bag of Preparation","Potion Belt","Bottled Flame","Du-Vu Doll","Tiny House","Bronze Scales","Blood Vial","Paper Crane","Philosopher\u0027s Stone","Art of War","Boot"],"potions_floor_usage":[50,50,50,50],"damage_taken":[{"damage":5.0,"enemies":"Small Slimes","floor":1.0,"turns":5.0},{"damage":1.0,"enemies":"Cultist","floor":3.0,"turns":5.0},{"damage":5.0,"enemies":"Jaw Worm","floor":5.0,"turns":6.0},{"damage":16.0,"enemies":"3 Sentries","floor":7.0,"turns":8.0},{"damage":1.0,"enemies":"Blue Slaver","floor":8.0,"turns":3.0},{"damage":20.0,"enemies":"Lagavulin","floor":10.0,"turns":5.0},{"damage":0.0,"enemies":"2 Fungi Beasts","floor":11.0,"turns":2.0},{"damage":0.0,"enemies":"3 Sentries","floor":13.0,"turns":3.0},{"damage":1.0,"enemies":"Exordium Thugs","floor":14.0,"turns":4.0},{"damage":10.0,"enemies":"Slime Boss","floor":16.0,"turns":11.0},{"damage":2.0,"enemies":"3 Byrds","floor":18.0,"turns":3.0},{"damage":0.0,"enemies":"Shell Parasite","floor":19.0,"turns":7.0},{"damage":13.0,"enemies":"Snecko","floor":20.0,"turns":7.0},{"damage":20.0,"enemies":"Chosen and Byrds","floor":22.0,"turns":8.0},{"damage":2.0,"enemies":"Gremlin Leader","floor":23.0,"turns":10.0},{"damage":0.0,"enemies":"3 Cultists","floor":29.0,"turns":3.0},{"damage":0.0,"enemies":"Shelled Parasite and Fungi","floor":31.0,"turns":5.0},{"damage":16.0,"enemies":"Collector","floor":33.0,"turns":14.0},{"damage":10.0,"enemies":"3 Shapes","floor":35.0,"turns":2.0},{"damage":0.0,"enemies":"3 Darklings","floor":39.0,"turns":5.0},{"damage":2.0,"enemies":"Spire Growth","floor":41.0,"turns":8.0},{"damage":2.0,"enemies":"4 Shapes","floor":46.0,"turns":5.0},{"damage":8.0,"enemies":"Giant Head","floor":47.0,"turns":9.0},{"damage":0.0,"enemies":"Maw","floor":48.0,"turns":10.0},{"damage":24,"enemies":"Time Eater","floor":50,"turns":19}],"seed_played":"-6239768715068633882","potions_obtained":[{"floor":1.0,"key":"PowerPotion"},{"floor":5.0,"key":"Block Potion"},{"floor":11.0,"key":"Dexterity Potion"},{"floor":13.0,"key":"AttackPotion"},{"floor":14.0,"key":"EssenceOfSteel"},{"floor":17.0,"key":"Fire Potion"},{"floor":18.0,"key":"Explosive Potion"},{"floor":19.0,"key":"Weak Potion"},{"floor":20.0,"key":"Ancient Potion"},{"floor":33.0,"key":"Regen Potion"},{"floor":35.0,"key":"Strength Potion"},{"floor":41.0,"key":"SteroidPotion"},{"floor":46.0,"key":"Weak Potion"},{"floor":47.0,"key":"SkillPotion"}],"is_trial":false,"path_per_floor":["M","?","M","?","M","R","E","M","T","E","M","R","E","M","R","B",null,"M","M","M","?","M","E","R","?","T","$","R","M","T","M","R","B",null,"M","?","?","T","M","R","M","R","T","R","?","M","E","M","R","B",null],"character_chosen":"THE_SILENT","items_purchased":["Underhanded Strike"],"campfire_rested":3,"item_purchase_floors":[27],"current_hp_per_floor":[58,58,57,43,38,59,43,42,42,22,22,22,22,21,21,11,60,58,58,45,37,17,15,26,26,26,26,26,28,28,30,30,16,32,24,24,24,24,37,37,35,35,35,35,32,32,26,28,37,13],"gold":47,"neow_bonus":"BOSS_RELIC","is_prod":false,"is_daily":false,"chose_seed":false,"campfire_upgraded":7,"win_rate":0,"timestamp":1553379669,"path_taken":["M","?","?","?","M","R","E","M","T","E","M","R","E","M","R","BOSS","M","M","M","?","M","E","R","?","T","$","R","M","?","M","R","BOSS","M","?","?","?","?","R","M","R","T","R","?","M","E","M","R","BOSS"],"build_version":"2019-01-23","purchased_purges":0,"victory":true,"max_hp_per_floor":[70,70,70,70,70,70,70,70,70,70,70,70,70,70,70,70,75,75,75,75,37,37,37,37,37,37,37,37,37,37,37,37,37,37,37,37,37,37,37,37,37,37,37,37,37,37,37,37,37,37],"card_choices":[{"not_picked":["Crippling Poison","Outmaneuver"],"picked":"Blade Dance","floor":1.0},{"not_picked":["Outmaneuver","Slice"],"picked":"Footwork","floor":3.0},{"not_picked":["Quick Slash","Bouncing Flask"],"picked":"All Out Attack","floor":5.0},{"not_picked":["Caltrops","Dodge and Roll"],"picked":"Corpse Explosion","floor":7.0},{"not_picked":["Dagger Throw","Outmaneuver"],"picked":"Caltrops","floor":8.0},{"not_picked":["Prepared","Dagger Spray"],"picked":"Blur","floor":10.0},{"not_picked":["Endless Agony","Underhanded Strike"],"picked":"Calculated Gamble","floor":11.0},{"not_picked":["Bullet Time","Grand Finale"],"picked":"Footwork","floor":13.0},{"not_picked":["Outmaneuver","Flechettes"],"picked":"All Out Attack","floor":14.0},{"not_picked":["Doppelganger","Storm of Steel"],"picked":"Tools of the Trade","floor":16.0},{"not_picked":["Quick Slash","Deadly Poison"],"picked":"Backflip","floor":17.0},{"not_picked":["PiercingWail","Prepared+1"],"picked":"Dodge and Roll","floor":18.0},{"not_picked":["Flying Knee","Dodge and Roll"],"picked":"Underhanded Strike","floor":19.0},{"not_picked":["Distraction","Dagger Spray"],"picked":"Reflex","floor":20.0},{"not_picked":["Corpse Explosion","Distraction"],"picked":"Escape Plan","floor":22.0},{"not_picked":["Concentrate","Deflect"],"picked":"Cloak And Dagger","floor":23.0},{"not_picked":["PiercingWail","Expertise+1"],"picked":"Dodge and Roll","floor":29.0},{"not_picked":["Doppelganger","Acrobatics+1","Bane"],"picked":"SKIP","floor":31.0},{"not_picked":["Glass Knife","Corpse Explosion"],"picked":"Burst","floor":33.0},{"not_picked":["PiercingWail","Calculated Gamble"],"picked":"Blur+1","floor":35.0},{"not_picked":["Mind Blast","Forethought"],"picked":"Panache","floor":36.0},{"not_picked":["Deadly Poison","Flying Knee+1"],"picked":"Underhanded Strike","floor":39.0},{"not_picked":["Bouncing Flask","Deadly Poison","Slice"],"picked":"SKIP","floor":41.0},{"not_picked":["Escape Plan","Flying Knee"],"picked":"Caltrops+1","floor":46.0},{"not_picked":["Poisoned Stab","Quick Slash"],"picked":"Wraith Form v2","floor":47.0},{"not_picked":["Cloak And Dagger","Skewer+1","Acrobatics"],"picked":"SKIP","floor":48.0}],"player_experience":529834,"relics_obtained":[{"floor":7.0,"key":"Bag of Preparation"},{"floor":9.0,"key":"Potion Belt"},{"floor":10.0,"key":"Bottled Flame"},{"floor":13.0,"key":"Du-Vu Doll"},{"floor":23.0,"key":"Bronze Scales"},{"floor":26.0,"key":"Blood Vial"},{"floor":30.0,"key":"Paper Crane"},{"floor":43.0,"key":"Art of War"},{"floor":47.0,"key":"Boot"}],"event_choices":[{"cards_removed":["Strike_G"],"damage_healed":0.0,"max_hp_gain":0.0,"max_hp_loss":0.0,"gold_gain":0.0,"event_name":"Bonfire Elementals","player_choice":"Offered Basic","floor":2.0,"gold_loss":0.0,"damage_taken":0.0},{"damage_healed":0.0,"max_hp_gain":0.0,"max_hp_loss":0.0,"gold_gain":0.0,"event_name":"Shining Light","player_choice":"Entered Light","floor":4.0,"gold_loss":0.0,"damage_taken":14.0,"cards_upgraded":["Blade Dance","Strike_G"]},{"damage_healed":0.0,"max_hp_gain":0.0,"max_hp_loss":38.0,"gold_gain":0.0,"event_name":"Ghosts","player_choice":"Became a Ghost","floor":21.0,"gold_loss":0.0,"damage_taken":0.0,"cards_obtained":["Ghostly","Ghostly","Ghostly","Ghostly","Ghostly"]},{"damage_healed":0.0,"max_hp_gain":0.0,"max_hp_loss":0.0,"gold_gain":0.0,"event_name":"Back to Basics","player_choice":"Simplicity","floor":25.0,"gold_loss":0.0,"damage_taken":0.0,"cards_upgraded":["Defend_G","Defend_G","Defend_G","Defend_G","Defend_G","Strike_G","Strike_G","Strike_G"]},{"damage_healed":0.0,"max_hp_gain":0.0,"max_hp_loss":0.0,"gold_gain":0.0,"event_name":"SensoryStone","player_choice":"Memory 1","floor":36.0,"gold_loss":0.0,"damage_taken":0.0},{"damage_healed":0.0,"max_hp_gain":0.0,"max_hp_loss":0.0,"gold_gain":0.0,"event_name":"Mysterious Sphere","player_choice":"Ignored","floor":37.0,"gold_loss":0.0,"damage_taken":0.0},{"damage_healed":0.0,"max_hp_gain":0.0,"max_hp_loss":0.0,"gold_gain":0.0,"event_name":"Wheel of Change","player_choice":"Damaged","floor":45.0,"gold_loss":0.0,"damage_taken":3.0}],"is_beta":false,"boss_relics":[{"not_picked":["HoveringKite","Velvet Choker"],"picked":"Tiny House"},{"not_picked":["Orrery","Pandora\u0027s Box"],"picked":"Philosopher\u0027s Stone"}],"items_purged_floors":[],"is_endless":false,"potions_floor_spawned":[1,5,11,13,14,18,19,20,33,35,41,46,47],"ascension_level":12}