{"gold_per_floor":[109,123,93,112,112,140,140,169,169,184,184,184,184,201,201,299,349,368,36,53,53,53,53],"floor_reached":23,"playtime":1119,"items_purged":[],"score":199,"play_id":"8802e712-e3b4-46d0-b8d0-9a88bc6e2c52","local_time":"20190325070337","is_ascension_mode":false,"campfire_choices":[{"data":"Coolheaded","floor":7,"key":"SMITH"},{"floor":12,"key":"REST"},{"data":"Multi-Cast","floor":15,"key":"SMITH"}],"neow_cost":"NONE","seed_source_timestamp":426921466801342,"circlet_count":0,"master_deck":["Strike_B","Strike_B","Strike_B","Defend_B","Defend_B","Defend_B+1","Defend_B","Zap+1","Dualcast","Double Energy+1","Coolheaded+1","Conserve Battery","Defragment","Storm","Multi-Cast+1","Seek","Sweeping Beam","Scrape+1","Sunder","Rebound","RitualDagger"],"relics":["Cracked Core","NeowsBlessing","Pen Nib","Dodecahedron","Happy Flower","Tiny House","Membership Card","War Paint"],"potions_floor_usage":[6,6,8,20,23,23,23],"damage_taken":[{"damage":0,"enemies":"2 Louse","floor":1,"turns":1},{"damage":0,"enemies":"Cultist","floor":2,"turns":1},{"damage":0,"enemies":"Small Slimes","floor":4,"turns":1},{"damage":8,"enemies":"3 Sentries","floor":6,"turns":9},{"damage":49,"enemies":"Gremlin Nob","floor":8,"turns":6},{"damage":0,"enemies":"3 Louse","floor":10,"turns":4},{"damage":2,"enemies":"Blue Slaver","floor":14,"turns":4},{"damage":45,"enemies":"The Guardian","floor":16,"turns":15},{"damage":5,"enemies":"Chosen","floor":18,"turns":4},{"damage":17,"enemies":"2 Thieves","floor":20,"turns":5},{"damage":69,"enemies":"Book of Stabbing","floor":23,"turns":7}],"seed_played":"-1019014118960618069","potions_obtained":[{"floor":1,"key":"AttackPotion"},{"floor":3,"key":"Fire Potion"},{"floor":3,"key":"SneckoOil"},{"floor":6,"key":"Block Potion"},{"floor":16,"key":"Swift Potion"},{"floor":17,"key":"Regen Potion"},{"floor":20,"key":"Swift Potion"}],"is_trial":false,"path_per_floor":["?","M","?","?","?","?"],"character_chosen":"DEFECT","items_purchased":["Membership Card","Sunder","Rebound","War Paint"],"campfire_rested":1,"item_purchase_floors":[19,19,19,19],"current_hp_per_floor":[75,75,75,75,68,60,60,11,11,11,11,33,51,49,49,4,80,75,75,58,52,52,0],"gold":53,"neow_bonus":"THREE_ENEMY_KILL","is_prod":false,"is_daily":false,"chose_seed":false,"campfire_upgraded":2,"win_rate":0.0,"timestamp":1553493817,"path_taken":["M","M","?","?","?","E","R","E","T","M","$","R","?","M","R","BOSS","M","$","M","?","?","E"],"build_version":"2019-01-23","purchased_purges":0,"victory":false,"max_hp_per_floor":[75,75,75,75,75,75,75,75,75,75,75,75,75,75,75,75,80,80,80,80,80,77,77],"card_choices":[{"not_picked":["Compile Driver","Leap"],"picked":"Double Energy","floor":1},{"not_picked":["Leap","Ball Lightning"],"picked":"Coolheaded","floor":2},{"not_picked":["Beam Cell","Leap","Genetic Algorithm"],"picked":"SKIP","floor":4},{"not_picked":["Steam Power","Streamline"],"picked":"Conserve Battery","floor":6},{"not_picked":["Rebound","Doom and Gloom"],"picked":"Defragment","floor":8},{"not_picked":["Ball Lightning","Lockon"],"picked":"Storm","floor":10},{"not_picked":["Cold Snap","Coolheaded"],"picked":"Multi-Cast","floor":14},{"not_picked":["All For One","Reboot"],"picked":"Seek","floor":16},{"not_picked":["White Noise","Coolheaded"],"picked":"Sweeping Beam","floor":17},{"not_picked":["Go for the Eyes","Ball Lightning"],"picked":"Scrape+1","floor":18},{"not_picked":["Lockon","Skim","Fusion"],"picked":"SKIP","floor":20}],"player_experience":16107,"relics_obtained":[{"floor":6,"key":"Pen Nib"},{"floor":8,"key":"Dodecahedron"},{"floor":9,"key":"Happy Flower"}],"event_choices":[{"damage_healed":0,"gold_gain":0,"player_choice":"Bought 2 Potions","damage_taken":0,"max_hp_gain":0,"max_hp_loss":0,"event_name":"The Woman in Blue","floor":3,"gold_loss":0},{"cards_removed":["Strike_B"],"damage_healed":0,"gold_gain":0,"player_choice":"Card Removal","damage_taken":7,"max_hp_gain":0,"max_hp_loss":0,"event_name":"Golden Wing","floor":5,"gold_loss":0},{"damage_healed":18,"gold_gain":0,"player_choice":"Healed and dodged fight","damage_taken":0,"max_hp_gain":0,"max_hp_loss":0,"event_name":"Mushrooms","floor":13,"gold_loss":0,"cards_obtained":["Parasite"]},{"damage_healed":0,"gold_gain":0,"player_choice":"Joined the Cult","damage_taken":6,"max_hp_gain":0,"max_hp_loss":0,"event_name":"Nest","floor":21,"gold_loss":0,"cards_obtained":["RitualDagger"]},{"cards_removed":["Parasite"],"damage_healed":0,"gold_gain":0,"player_choice":"Purged","damage_taken":0,"max_hp_gain":0,"max_hp_loss":0,"event_name":"Purifier","floor":22,"gold_loss":0}],"is_beta":false,"boss_relics":[{"not_picked":["Coffee Dripper","Cursed Key"],"picked":"Tiny House"}],"items_purged_floors":[],"is_endless":false,"potions_floor_spawned":[1,6,16,20],"killed_by":"Book of Stabbing","ascension_level":0}