{"gold_per_floor":[115,115,115,115,40,40,78,78,105,125,125,161,161,192,192,192],"floor_reached":16,"playtime":899,"items_purged":[],"score":278,"play_id":"4fcfe246-9bad-46cb-ad24-d7022bc4793a","local_time":"20190125022714","is_ascension_mode":true,"campfire_choices":[{"data":"Neutralize","floor":6,"key":"SMITH"},{"data":"Dodge and Roll","floor":8,"key":"SMITH"},{"data":"Skewer","floor":11,"key":"SMITH"},{"floor":15,"key":"REST"}],"neow_cost":"NONE","seed_source_timestamp":1234864156971003,"circlet_count":0,"master_deck":["AscendersBane","Defend_G","Defend_G","Defend_G","Defend_G","Defend_G","Strike_G","Strike_G","Strike_G","Strike_G","Survivor","Neutralize+1","Catalyst","Dodge and Roll+1","Skewer+1","Flying Knee","Calculated Gamble"],"relics":["Ring of the Snake","NeowsBlessing","Anchor","Golden Idol","Juzu Bracelet","Strawberry","Thread and Needle","The Courier"],"potions_floor_usage":[12,14,14],"damage_taken":[{"damage":0,"enemies":"Cultist","floor":1,"turns":1},{"damage":0,"enemies":"Gremlin Nob","floor":7,"turns":1},{"damage":0,"enemies":"Small Slimes","floor":10,"turns":1},{"damage":18,"enemies":"3 Sentries","floor":12,"turns":9},{"damage":9,"enemies":"Gremlin Nob","floor":14,"turns":4},{"damage":54,"enemies":"The Guardian","floor":16,"turns":12}],"seed_played":"5175216006455133479","potions_obtained":[{"floor":10,"key":"Swift Potion"},{"floor":12,"key":"AttackPotion"},{"floor":13,"key":"Block Potion"},{"floor":13,"key":"SteroidPotion"}],"is_trial":false,"path_per_floor":["M","?","?","?","?","R","E","R","T","M","R","E","?","E","R","B"],"character_chosen":"THE_SILENT","items_purchased":[],"campfire_rested":1,"item_purchase_floors":[],"current_hp_per_floor":[59,48,48,41,41,41,41,41,48,48,48,30,30,21,42,0],"gold":192,"neow_bonus":"THREE_ENEMY_KILL","is_prod":false,"is_daily":false,"chose_seed":false,"campfire_upgraded":3,"win_rate":0,"timestamp":1548379634,"path_taken":["M","?","?","?","?","R","E","R","T","M","R","E","?","E","R","BOSS"],"build_version":"2019-01-23","purchased_purges":0,"victory":false,"max_hp_per_floor":[66,66,66,66,66,66,66,66,73,73,73,73,73,73,73,73],"card_choices":[{"not_picked":["Dodge and Roll","Deadly Poison"],"picked":"Catalyst","floor":1},{"not_picked":["Acrobatics","Underhanded Strike"],"picked":"Dodge and Roll","floor":7},{"not_picked":["Slice","Eviscerate"],"picked":"Skewer","floor":10},{"not_picked":["Slice","Eviscerate"],"picked":"Flying Knee","floor":12},{"not_picked":["PiercingWail","Expertise"],"picked":"Calculated Gamble","floor":14}],"player_experience":2694382,"relics_obtained":[{"floor":7,"key":"Juzu Bracelet"},{"floor":9,"key":"Strawberry"},{"floor":12,"key":"Thread and Needle"},{"floor":14,"key":"The Courier"}],"event_choices":[{"damage_healed":0,"gold_gain":0,"player_choice":"Success","damage_taken":11,"relics_obtained":["Anchor"],"max_hp_gain":0,"max_hp_loss":0,"event_name":"Scrap Ooze","floor":2,"gold_loss":0},{"damage_healed":0,"gold_gain":0,"player_choice":"Take Wound","damage_taken":0,"relics_obtained":["Golden Idol"],"max_hp_gain":0,"max_hp_loss":0,"event_name":"Golden Idol","floor":3,"gold_loss":0,"cards_obtained":["Injury"]},{"cards_removed":["Injury"],"damage_healed":0,"gold_gain":0,"player_choice":"Card Removal","damage_taken":7,"max_hp_gain":0,"max_hp_loss":0,"event_name":"Golden Wing","floor":4,"gold_loss":0},{"cards_removed":["Strike_G"],"damage_healed":0,"gold_gain":0,"player_choice":"Card Removal","damage_taken":0,"max_hp_gain":0,"max_hp_loss":0,"event_name":"The Cleric","floor":5,"gold_loss":75},{"damage_healed":0,"gold_gain":0,"player_choice":"Got Potions","damage_taken":0,"max_hp_gain":0,"max_hp_loss":0,"event_name":"Lab","floor":13,"gold_loss":0}],"is_beta":false,"boss_relics":[],"items_purged_floors":[],"is_endless":false,"potions_floor_spawned":[10,12],"killed_by":"The Guardian","ascension_level":20}