{"gold_per_floor":[366,366,60,76,76,76,76,76,102,71,71,71,105,14,14,107,107,128,144,144,144],"floor_reached":21,"playtime":4193,"items_purged":["Strike_G"],"score":446,"play_id":"fdc2e251-b3ba-4a78-9d60-99b8b511fc43","local_time":"20190330163529","is_ascension_mode":true,"campfire_choices":[{"data":"Neutralize","floor":6,"key":"SMITH"},{"data":"Well Laid Plans","floor":8,"key":"SMITH"},{"data":"Footwork","floor":11,"key":"SMITH"},{"data":"Catalyst","floor":15,"key":"SMITH"}],"neow_cost":"TEN_PERCENT_HP_LOSS","seed_source_timestamp":240810760375465,"circlet_count":0,"master_deck":["AscendersBane","Defend_G","Defend_G","Defend_G","Defend_G","Defend_G","Strike_G","Strike_G","Strike_G","Strike_G","Survivor","Neutralize+1","Catalyst","Well Laid Plans+1","Catalyst+1","Footwork+1","Bouncing Flask","Dash","Adrenaline","PiercingWail","Writhe"],"relics":["Ring of the Snake","FaceOfCleric","Toy Ornithopter","The Courier","Bronze Scales","Golden Idol","Orichalcum","Coffee Dripper","Du-Vu Doll"],"potions_floor_usage":[13,19,21],"damage_taken":[{"damage":8,"enemies":"2 Louse","floor":1,"turns":4},{"damage":0,"enemies":"Cultist","floor":4,"turns":4},{"damage":41,"enemies":"Gremlin Nob","floor":13,"turns":5},{"damage":0,"enemies":"Hexaghost","floor":16,"turns":8},{"damage":17,"enemies":"2 Thieves","floor":18,"turns":5},{"damage":18,"enemies":"Spheric Guardian","floor":19,"turns":6},{"damage":32,"enemies":"Cultist and Chosen","floor":21,"turns":7}],"seed_played":"-8929514208922549290","potions_obtained":[{"floor":1,"key":"AttackPotion"},{"floor":13,"key":"Energy Potion"},{"floor":18,"key":"Strength Potion"}],"is_trial":false,"path_per_floor":["M","?","$","M","$","R","?","R","T","$","R","?","E","$","R","B",null,"M","M","?","M"],"character_chosen":"THE_SILENT","items_purchased":["Toy Ornithopter","Well Laid Plans","Footwork","Dash"],"campfire_rested":0,"item_purchase_floors":[3,3,10,14],"current_hp_per_floor":[51,51,51,52,52,52,52,52,52,52,52,52,15,15,15,16,47,31,19,19,0],"gold":144,"neow_bonus":"TWO_FIFTY_GOLD","is_prod":false,"is_daily":false,"chose_seed":false,"campfire_upgraded":4,"win_rate":0,"timestamp":1553960129,"path_taken":["M","?","?","M","?","R","?","R","T","$","R","?","E","?","R","BOSS","M","?","?","M"],"build_version":"2019-01-23","purchased_purges":1,"victory":false,"max_hp_per_floor":[60,60,60,61,61,61,61,61,61,61,61,55,56,56,56,57,57,58,59,59,59],"card_choices":[{"not_picked":["Heel Hook","Quick Slash"],"picked":"Catalyst","floor":1},{"not_picked":["Blade Dance","Acrobatics"],"picked":"Catalyst","floor":4},{"not_picked":["Dodge and Roll","Outmaneuver"],"picked":"Bouncing Flask","floor":13},{"not_picked":["A Thousand Cuts","Glass Knife"],"picked":"Adrenaline","floor":16},{"not_picked":["Concentrate","Underhanded Strike","Eviscerate+1"],"picked":"SKIP","floor":18},{"not_picked":["Riddle With Holes","Cloak And Dagger"],"picked":"PiercingWail","floor":19}],"player_experience":2989079,"relics_obtained":[{"floor":9,"key":"Bronze Scales"},{"floor":13,"key":"Orichalcum"}],"event_choices":[{"damage_healed":0,"gold_gain":0,"player_choice":"Trade","damage_taken":0,"relics_obtained":["FaceOfCleric"],"max_hp_gain":0,"max_hp_loss":0,"event_name":"FaceTrader","floor":2,"gold_loss":0},{"damage_healed":0,"gold_gain":0,"player_choice":"Searched \u00272\u0027 times","damage_taken":0,"relics_obtained":["The Courier"],"max_hp_gain":0,"max_hp_loss":0,"event_name":"Dead Adventurer","floor":7,"gold_loss":0},{"damage_healed":0,"gold_gain":0,"player_choice":"Lose Max HP","damage_taken":0,"relics_obtained":["Golden Idol"],"max_hp_gain":0,"max_hp_loss":6,"event_name":"Golden Idol","floor":12,"gold_loss":0},{"damage_healed":0,"gold_gain":0,"player_choice":"Opened","damage_taken":0,"relics_obtained":["Du-Vu Doll"],"max_hp_gain":0,"max_hp_loss":0,"event_name":"The Mausoleum","floor":20,"gold_loss":0,"cards_obtained":["Writhe"]}],"is_beta":false,"boss_relics":[{"not_picked":["Busted Crown","Orrery"],"picked":"Coffee Dripper"}],"items_purged_floors":[14],"is_endless":false,"potions_floor_spawned":[1,13,18],"killed_by":"Cultist and Chosen","ascension_level":20}