{"path_per_floor":["M","M","M","?","M","M","R","M","T","M","$","M","R","?","R","B",null,"M","M","?","$","M","R","M","M","T","M","M","R","M","?","R"],"character_chosen":"IRONCLAD","items_purchased":["Flex","Fire Breathing","Carnage"],"gold_per_floor":[109,119,129,204,224,242,242,256,256,274,114,132,132,132,132,233,233,251,265,265,87,106,106,117,135,135,151,164,164,176,176,176,176],"floor_reached":33,"campfire_rested":1,"playtime":2807,"current_hp_per_floor":[75,80,80,69,69,55,55,59,59,65,65,71,71,71,71,60,80,80,71,56,56,56,56,40,46,60,55,48,48,41,41,70,0],"items_purged":["Strike_R","Defend_R"],"gold":176,"score":272,"play_id":"c2f560ce-eba6-49fc-8540-8cd9e9cb054a","local_time":"20180410004343","is_prod":false,"is_daily":false,"is_ascension_mode":false,"campfire_upgraded":5,"timestamp":1523335423,"path_taken":["M","M","M","?","M","M","R","M","T","M","$","M","R","?","R","BOSS","M","M","?","$","?","R","M","M","T","M","M","R","M","?","R","BOSS"],"build_version":"2018-04-05v2","purchased_purges":2,"victory":false,"master_deck":["Strike_R","Strike_R","Strike_R","Defend_R","Defend_R","Defend_R","Bash","Rage+1","Headbutt","Flex+1","Clash","Anger+1","Pommel Strike+1","Whirlwind","Flex","Fire Breathing+1","Impervious","Headbutt","Carnage","Fire Breathing","Thunderclap+1","Infernal Blade+1"],"max_hp_per_floor":[80,80,80,80,80,80,80,80,80,80,80,80,80,80,80,80,80,80,80,85,85,85,85,85,85,99,99,99,99,99,99,99,99],"relics":["Burning Blood","Thread and Needle","Sozu","Mango"],"card_choices":[{"not_picked":["Shrug It Off","Wild Strike"],"picked":"Rage","floor":1},{"not_picked":["Twin Strike","Sword Boomerang"],"picked":"Headbutt","floor":2},{"not_picked":["Rage","Ghostly Armor"],"picked":"Flex","floor":3},{"not_picked":["Sword Boomerang","Flame Barrier"],"picked":"Clash","floor":5},{"not_picked":["Iron Wave","Armaments"],"picked":"Anger","floor":6},{"not_picked":["Anger","Ghostly Armor"],"picked":"Pommel Strike","floor":8},{"not_picked":["Pummel","Wild Strike"],"picked":"Whirlwind","floor":10},{"not_picked":["Demon Form","Offering"],"picked":"Impervious","floor":16},{"not_picked":["Twin Strike","Bloodletting"],"picked":"Headbutt","floor":19},{"not_picked":["True Grit","Heavy Blade"],"picked":"Fire Breathing","floor":24},{"not_picked":["Reckless Charge","Rampage"],"picked":"Thunderclap","floor":27},{"not_picked":["Flex","Perfected Strike"],"picked":"Infernal Blade","floor":28}],"player_experience":42215,"potions_floor_usage":[27,33,33],"damage_taken":[{"damage":11,"enemies":"Jaw Worm","floor":1,"turns":4},{"damage":0,"enemies":"Cultist","floor":2,"turns":3},{"damage":1,"enemies":"2 Louse","floor":3,"turns":3},{"damage":6,"enemies":"Looter","floor":5,"turns":4},{"damage":20,"enemies":"Exordium Thugs","floor":6,"turns":5},{"damage":2,"enemies":"Blue Slaver","floor":8,"turns":3},{"damage":0,"enemies":"Exordium Wildlife","floor":10,"turns":4},{"damage":0,"enemies":"2 Fungi Beasts","floor":12,"turns":4},{"damage":17,"enemies":"Slime Boss","floor":16,"turns":7},{"damage":3,"enemies":"Chosen","floor":18,"turns":3},{"damage":15,"enemies":"Spheric Guardian","floor":19,"turns":4},{"damage":6,"enemies":"Snake Plant","floor":22,"turns":4},{"damage":22,"enemies":"Slaver and Parasite","floor":24,"turns":6},{"damage":0,"enemies":"Centurion and Healer","floor":25,"turns":4},{"damage":11,"enemies":"Snake Plant","floor":27,"turns":4},{"damage":13,"enemies":"Chosen and Byrds","floor":28,"turns":5},{"damage":13,"enemies":"Centurion and Healer","floor":30,"turns":4},{"damage":76,"enemies":"Champ","floor":33,"turns":10}],"event_choices":[{"event_name":"World of Goop","player_choice":"Gather Gold","floor":4,"damage_taken":0},{"event_name":"Living Wall","player_choice":"Forget","floor":14,"damage_taken":0},{"event_name":"Forgotten Altar","player_choice":"Shed Blood","floor":20,"damage_taken":0},{"event_name":"Vampires","player_choice":"Ignored","floor":31,"damage_taken":0}],"boss_relics":[{"not_picked":["Snecko Eye","Philosopher\u0027s Stone"],"picked":"Sozu"}],"potions_floor_spawned":[1,5,6,16,22,28],"seed_played":"5005972137842285795","killed_by":"Champ","ascension_level":0,"is_trial":false}