{"gold_per_floor":[16,91,91,103,30,30,55,55,55,71,33,33,46,6,6,6],"floor_reached":16,"playtime":558,"items_purged":[],"score":127,"play_id":"39cf671e-1513-41d4-a905-4e0b15ead8d9","local_time":"20190504073920","is_ascension_mode":true,"campfire_choices":[{"data":"Neutralize","floor":6,"key":"SMITH"},{"floor":8,"key":"REST"},{"floor":12,"key":"REST"},{"data":"Tactician","floor":15,"key":"SMITH"}],"neow_cost":"NO_GOLD","seed_source_timestamp":681195479028752,"circlet_count":0,"master_deck":["Defend_G","Defend_G","Defend_G","Defend_G","Defend_G","Strike_G","Strike_G","Strike_G","Strike_G","Survivor","Neutralize+1","Flying Knee","Tactician+1","Escape Plan","Backflip","Calculated Gamble","Backstab"],"relics":["Ring of the Snake","Blue Candle","Ornamental Fan"],"potions_floor_usage":[16,16],"damage_taken":[{"damage":0,"enemies":"Cultist","floor":1,"turns":3},{"damage":7,"enemies":"Small Slimes","floor":4,"turns":4},{"damage":36,"enemies":"Gremlin Nob","floor":7,"turns":6},{"damage":4,"enemies":"Jaw Worm","floor":10,"turns":5},{"damage":3,"enemies":"Red Slaver","floor":13,"turns":5},{"damage":74,"enemies":"Slime Boss","floor":16,"turns":11}],"seed_played":"-5724691939549161871","potions_obtained":[{"floor":1,"key":"Ancient Potion"},{"floor":7,"key":"Explosive Potion"},{"floor":13,"key":"GhostInAJar"}],"is_trial":false,"path_per_floor":["?","?","$"],"character_chosen":"THE_SILENT","items_purchased":["Escape Plan","Calculated Gamble","Backstab"],"campfire_rested":2,"item_purchase_floors":[5,11,14],"current_hp_per_floor":[77,66,66,59,59,59,23,48,48,44,44,69,66,66,66,0],"gold":6,"neow_bonus":"TWENTY_PERCENT_HP_BONUS","is_prod":false,"is_daily":false,"chose_seed":false,"campfire_upgraded":2,"win_rate":0,"timestamp":1556948360,"path_taken":["M","?","?","M","$","R","E","R","T","M","$","R","M","?","R","BOSS"],"build_version":"2019-01-23","purchased_purges":0,"victory":false,"max_hp_per_floor":[84,84,84,84,84,84,84,84,84,84,84,84,84,84,84,84],"card_choices":[{"not_picked":["Catalyst","Acrobatics"],"picked":"Flying Knee","floor":1},{"not_picked":["Backflip","Bane"],"picked":"Tactician","floor":4},{"not_picked":["Dodge and Roll","All Out Attack","Cloak And Dagger"],"picked":"SKIP","floor":7},{"not_picked":["Well Laid Plans","Distraction"],"picked":"Backflip","floor":10},{"not_picked":["Cloak And Dagger","Leg Sweep","Backflip"],"picked":"SKIP","floor":13}],"player_experience":213758,"relics_obtained":[{"floor":7,"key":"Blue Candle"},{"floor":9,"key":"Ornamental Fan"}],"event_choices":[{"damage_healed":0,"gold_gain":75,"player_choice":"Gather Gold","damage_taken":11,"max_hp_gain":0,"max_hp_loss":0,"event_name":"World of Goop","floor":2,"gold_loss":0},{"cards_removed":["Strike_G"],"damage_healed":0,"gold_gain":0,"player_choice":"Forget","damage_taken":0,"max_hp_gain":0,"max_hp_loss":0,"event_name":"Living Wall","floor":3,"gold_loss":0}],"is_beta":false,"boss_relics":[],"items_purged_floors":[],"is_endless":false,"potions_floor_spawned":[1,7,13],"killed_by":"Slime Boss","ascension_level":6}