{"gold_per_floor":[110,122,140,160,175,175,204,221,272,272,282,298,326,344,344,445,445,457,472,472,482,482,508,508,508,508,508,522,557,569,596,608,620],"floor_reached":33,"playtime":1933,"items_purged":[],"score":378,"play_id":"5da5d7e3-f63d-4135-91d5-62802a90ce36","local_time":"20190511032055","is_ascension_mode":false,"campfire_choices":[{"data":"Metallicize","floor":6,"key":"SMITH"},{"data":"Shrug It Off","floor":10,"key":"SMITH"},{"data":"Shrug It Off","floor":15,"key":"SMITH"},{"floor":25,"key":"REST"},{"floor":27,"key":"REST"},{"floor":32,"key":"RECALL"}],"neow_cost":"NONE","seed_source_timestamp":573098463646329,"circlet_count":0,"master_deck":["Strike_R+1","Strike_R","Defend_R","Defend_R","Defend_R","Defend_R","Bash+1","Dropkick","Shrug It Off+1","Metallicize+1","Dropkick","Shrug It Off+1","Warcry+1","Offering+1","Flex+1","Warcry+1","Feed+1"],"relics":["Burning Blood","Whetstone","Omamori","Toxic Egg 2","Astrolabe","MutagenicStrength","Singing Bowl","Gambling Chip","MawBank"],"potions_floor_usage":[4,5,8,13,14,21,23,23,33],"damage_taken":[{"damage":0,"enemies":"Small Slimes","floor":1,"turns":4},{"damage":2,"enemies":"2 Louse","floor":2,"turns":3},{"damage":3,"enemies":"Jaw Worm","floor":3,"turns":4},{"damage":8,"enemies":"Large Slime","floor":4,"turns":6},{"damage":1,"enemies":"Exordium Wildlife","floor":5,"turns":4},{"damage":20,"enemies":"Gremlin Nob","floor":7,"turns":4},{"damage":4,"enemies":"Gremlin Gang","floor":8,"turns":2},{"damage":3,"enemies":"Large Slime","floor":11,"turns":4},{"damage":7,"enemies":"Red Slaver","floor":12,"turns":5},{"damage":9,"enemies":"Lagavulin","floor":13,"turns":6},{"damage":0,"enemies":"3 Louse","floor":14,"turns":5},{"damage":60,"enemies":"The Guardian","floor":16,"turns":14},{"damage":21,"enemies":"Spheric Guardian","floor":18,"turns":10},{"damage":6,"enemies":"Shell Parasite","floor":19,"turns":4},{"damage":10,"enemies":"Shelled Parasite and Fungi","floor":21,"turns":3},{"damage":53,"enemies":"Slavers","floor":23,"turns":8},{"damage":7,"enemies":"Centurion and Healer","floor":28,"turns":4},{"damage":6,"enemies":"Gremlin Leader","floor":29,"turns":3},{"damage":6,"enemies":"3 Cultists","floor":31,"turns":4},{"damage":97,"enemies":"Collector","floor":33,"turns":15}],"seed_played":"-3955033003054736678","potions_obtained":[{"floor":3,"key":"Explosive Potion"},{"floor":4,"key":"Block Potion"},{"floor":7,"key":"Explosive Potion"},{"floor":11,"key":"Weak Potion"},{"floor":14,"key":"Fruit Juice"},{"floor":16,"key":"Swift Potion"},{"floor":18,"key":"Fire Potion"},{"floor":21,"key":"LiquidBronze"},{"floor":29,"key":"Block Potion"}],"is_trial":false,"path_per_floor":["M","M","M","M","M","R","E","M","T","R","M","M","E","M","R","B",null,"M","M","?","M","?","E","?","R","T","R","M","E","$","M","R","B"],"character_chosen":"IRONCLAD","items_purchased":[],"campfire_rested":2,"item_purchase_floors":[],"current_hp_per_floor":[88,88,88,86,88,88,74,76,76,76,79,78,75,86,86,32,93,82,86,86,86,86,45,22,56,56,90,95,97,97,99,99,2],"gold":620,"neow_bonus":"TEN_PERCENT_HP_BONUS","is_prod":false,"is_daily":false,"chose_seed":false,"campfire_upgraded":3,"win_rate":0,"timestamp":1557537655,"path_taken":["M","M","M","M","M","R","E","M","T","R","M","M","E","M","R","BOSS","M","M","?","M","?","E","?","R","T","R","M","E","$","M","R","BOSS"],"build_version":"2019-01-23","purchased_purges":0,"victory":false,"max_hp_per_floor":[88,88,88,88,88,88,88,88,88,88,88,88,88,93,93,93,93,97,101,101,105,105,111,116,116,116,116,122,124,124,126,126,126],"card_choices":[{"not_picked":["Clothesline","Flex"],"picked":"Dropkick","floor":1},{"not_picked":["Rupture","Sword Boomerang"],"picked":"Shrug It Off","floor":2},{"not_picked":["Armaments","Bludgeon"],"picked":"Metallicize","floor":3},{"not_picked":["Havoc","Sever Soul"],"picked":"Dropkick","floor":4},{"not_picked":["Ghostly Armor","Carnage","Thunderclap"],"picked":"SKIP","floor":5},{"not_picked":["Seeing Red","Sword Boomerang","Evolve"],"picked":"SKIP","floor":7},{"not_picked":["Thunderclap","Disarm"],"picked":"Shrug It Off","floor":8},{"not_picked":["Rage","Evolve","Sentinel"],"picked":"SKIP","floor":11},{"not_picked":["Anger","Combust","Wild Strike"],"picked":"SKIP","floor":12},{"not_picked":["Headbutt","Intimidate","Exhume"],"picked":"SKIP","floor":13},{"not_picked":["Wild Strike","Fire Breathing"],"picked":"Warcry+1","floor":14},{"not_picked":["Exhume+1","Fiend Fire"],"picked":"Offering+1","floor":16},{"not_picked":["Thunderclap+1","Anger+1","Clothesline"],"picked":"SKIP","floor":18},{"not_picked":["Searing Blow","Rage+1","Iron Wave"],"picked":"SKIP","floor":19},{"not_picked":["Flex+1","Anger","True Grit+1"],"picked":"SKIP","floor":21},{"not_picked":["Anger","Dropkick","Brutality"],"picked":"Singing Bowl","floor":23},{"not_picked":["Armaments+1","Iron Wave","Seeing Red+1"],"picked":"Singing Bowl","floor":28},{"not_picked":["Impervious+1","Warcry+1","Clash"],"picked":"Singing Bowl","floor":29},{"not_picked":["Carnage","Dual Wield+1","Perfected Strike+1"],"picked":"Singing Bowl","floor":31}],"player_experience":459541,"relics_obtained":[{"floor":7,"key":"Whetstone"},{"floor":9,"key":"Omamori"},{"floor":13,"key":"Toxic Egg 2"},{"floor":23,"key":"Singing Bowl"},{"floor":26,"key":"Gambling Chip"},{"floor":29,"key":"MawBank"}],"event_choices":[{"damage_healed":0,"gold_gain":0,"player_choice":"Inject Mutagens","damage_taken":0,"relics_obtained":["MutagenicStrength"],"max_hp_gain":0,"max_hp_loss":0,"event_name":"Drug Dealer","floor":20,"gold_loss":0},{"damage_healed":0,"gold_gain":0,"player_choice":"Ignored","damage_taken":0,"max_hp_gain":0,"max_hp_loss":0,"event_name":"Vampires","floor":22,"gold_loss":0},{"damage_healed":0,"gold_gain":0,"player_choice":"Shed Blood","damage_taken":28,"max_hp_gain":5,"max_hp_loss":0,"event_name":"Forgotten Altar","floor":24,"gold_loss":0}],"is_beta":false,"boss_relics":[{"not_picked":["Velvet Choker","Fusion Hammer"],"picked":"Astrolabe"}],"items_purged_floors":[],"is_endless":false,"potions_floor_spawned":[3,4,7,11,14,16,18,21,29],"killed_by":"Collector","ascension_level":0}