{"gold_per_floor":[114,133,10,25,25,25,60,25,52,81,98,98,98,173,173,173],"floor_reached":16,"playtime":1786,"items_purged":[],"score":216,"play_id":"8f079118-4ab1-4541-a626-d5fdd0f54395","local_time":"20190410025227","is_ascension_mode":true,"campfire_choices":[{"data":"Reflex","floor":6,"key":"SMITH"},{"data":"Reflex","floor":12,"key":"SMITH"},{"data":"Well Laid Plans","floor":15,"key":"SMITH"}],"neow_cost":"NONE","seed_source_timestamp":1140647557721699,"circlet_count":0,"master_deck":["AscendersBane","Defend_G","Defend_G","Defend_G","Defend_G","Defend_G","Strike_G","Strike_G","Strike_G","Strike_G","Strike_G","Survivor","Neutralize","Tools of the Trade","Reflex+1","Deadly Poison+1","Well Laid Plans+1","Backstab","All Out Attack+1","Deadly Poison","PiercingWail","Reflex+1","Injury"],"relics":["Ring of the Snake","Juzu Bracelet","Oddly Smooth Stone","Question Card","Golden Idol"],"potions_floor_usage":[7,10,11],"damage_taken":[{"damage":0,"enemies":"Jaw Worm","floor":1,"turns":10},{"damage":7,"enemies":"Small Slimes","floor":2,"turns":6},{"damage":0,"enemies":"2 Louse","floor":4,"turns":4},{"damage":17,"enemies":"3 Sentries","floor":7,"turns":7},{"damage":3,"enemies":"Lagavulin","floor":10,"turns":5},{"damage":1,"enemies":"Large Slime","floor":11,"turns":5},{"damage":16,"enemies":"Hexaghost","floor":16,"turns":9}],"seed_played":"-3458683775331467160","potions_obtained":[{"floor":1,"key":"GamblersBrew"},{"floor":7,"key":"Weak Potion"},{"floor":10,"key":"Strength Potion"}],"is_trial":false,"path_per_floor":["M","M","$","M","?","R","E","?","T","E","M","R","?","?","R","B"],"character_chosen":"THE_SILENT","items_purchased":["Well Laid Plans","Backstab"],"campfire_rested":0,"item_purchase_floors":[3,3],"current_hp_per_floor":[59,52,52,52,32,32,15,31,31,28,27,27,27,16,16,0],"gold":173,"neow_bonus":"ONE_RANDOM_RARE_CARD","is_prod":false,"is_daily":false,"chose_seed":false,"campfire_upgraded":3,"win_rate":0,"timestamp":1554857547,"path_taken":["M","M","$","M","?","R","E","?","T","E","M","R","?","?","R","BOSS"],"build_version":"2019-01-23","purchased_purges":0,"victory":false,"max_hp_per_floor":[66,66,66,66,66,66,66,66,66,66,66,66,66,66,66,66],"card_choices":[{"not_picked":["Blade Dance","Distraction"],"picked":"Reflex","floor":1},{"not_picked":["Dodge and Roll","Quick Slash"],"picked":"Deadly Poison","floor":2},{"not_picked":["Sucker Punch","Backflip"],"picked":"All Out Attack","floor":4},{"not_picked":["Setup","Skewer"],"picked":"Deadly Poison","floor":7},{"not_picked":["Predator","Blade Dance"],"picked":"PiercingWail","floor":10},{"not_picked":["Crippling Poison","Dagger Throw","Choke"],"picked":"Reflex","floor":11}],"player_experience":3067329,"relics_obtained":[{"floor":7,"key":"Juzu Bracelet"},{"floor":9,"key":"Oddly Smooth Stone"},{"floor":10,"key":"Question Card"}],"event_choices":[{"damage_healed":0,"gold_gain":0,"player_choice":"Entered Light","damage_taken":20,"max_hp_gain":0,"max_hp_loss":0,"event_name":"Shining Light","floor":5,"gold_loss":0,"cards_upgraded":["All Out Attack","Deadly Poison"]},{"damage_healed":16,"gold_gain":0,"player_choice":"Healed","damage_taken":0,"max_hp_gain":0,"max_hp_loss":0,"event_name":"The Cleric","floor":8,"gold_loss":35},{"damage_healed":0,"gold_gain":0,"player_choice":"Take Wound","damage_taken":0,"relics_obtained":["Golden Idol"],"max_hp_gain":0,"max_hp_loss":0,"event_name":"Golden Idol","floor":13,"gold_loss":0,"cards_obtained":["Injury"]},{"damage_healed":0,"gold_gain":75,"player_choice":"Gather Gold","damage_taken":11,"max_hp_gain":0,"max_hp_loss":0,"event_name":"World of Goop","floor":14,"gold_loss":0}],"is_beta":false,"boss_relics":[],"items_purged_floors":[],"is_endless":false,"potions_floor_spawned":[1,7,10],"killed_by":"Hexaghost","ascension_level":20}