{"gold_per_floor":[14,14,14,89,89,124,124,124,124,143,158,1,1,16,16,118,118,130,147,166,166,185,185,205,216,216,233,233,119,119,44,44,146,146,162,162,162,176,195,195,207,207,234,234,253,13,29,46,46,46],"floor_reached":51,"playtime":2036,"items_purged":[],"score":676,"play_id":"98f4ed84-e825-4afc-80e0-fdfdb21f6c25","local_time":"20190509233407","is_ascension_mode":false,"campfire_choices":[{"data":"Sunder","floor":7.0,"key":"SMITH"},{"data":"Dualcast","floor":15.0,"key":"SMITH"},{"data":"Echo Form","floor":23.0,"key":"SMITH"},{"data":"Self Repair","floor":30.0,"key":"SMITH"},{"data":"Defragment","floor":32.0,"key":"SMITH"},{"data":"Buffer","floor":40,"key":"SMITH"},{"data":"Sunder","floor":42,"key":"SMITH"},{"data":"Loop","floor":44,"key":"SMITH"},{"floor":49,"key":"RECALL"}],"neow_cost":"NO_GOLD","seed_source_timestamp":1104665128473050,"circlet_count":0,"master_deck":["Strike_B","Strike_B","Defend_B","Defend_B","Defend_B","Zap","Dualcast+1","Sunder+1","Loop+1","Coolheaded","Chill","Echo Form+1","Sunder+1","Defragment+1","Chill","Self Repair+1","Coolheaded+1","Core Surge","Glacier","Buffer+1","Cold Snap+1","BootSequence","Darkness+1"],"special_seed":0,"relics":["Cracked Core","Vajra","Cables","Happy Flower","Velvet Choker","Mango","Tiny Chest","Nuclear Battery","Lantern","OrangePellets"],"potions_floor_usage":[33,33,33,50,50,50],"damage_taken":[{"damage":0.0,"enemies":"2 Louse","floor":1.0,"turns":1.0},{"damage":49.0,"enemies":"Lagavulin","floor":6.0,"turns":7.0},{"damage":0.0,"enemies":"Cultist","floor":10.0,"turns":2.0},{"damage":0.0,"enemies":"Small Slimes","floor":11.0,"turns":1.0},{"damage":12.0,"enemies":"3 Louse","floor":14.0,"turns":2.0},{"damage":13.0,"enemies":"Hexaghost","floor":16.0,"turns":10.0},{"damage":0.0,"enemies":"Spheric Guardian","floor":18.0,"turns":3.0},{"damage":4.0,"enemies":"3 Byrds","floor":19.0,"turns":5.0},{"damage":3.0,"enemies":"Snecko","floor":20.0,"turns":3.0},{"damage":33.0,"enemies":"Snake Plant","floor":22.0,"turns":3.0},{"damage":6.0,"enemies":"Chosen and Byrds","floor":24.0,"turns":5.0},{"damage":20.0,"enemies":"Shelled Parasite and Fungi","floor":25.0,"turns":5.0},{"damage":2.0,"enemies":"Centurion and Healer","floor":27.0,"turns":6.0},{"damage":11,"enemies":"Collector","floor":33,"turns":9},{"damage":11,"enemies":"3 Shapes","floor":35,"turns":6},{"damage":24,"enemies":"3 Darklings","floor":38,"turns":7},{"damage":0,"enemies":"Sphere and 2 Shapes","floor":39,"turns":5},{"damage":0,"enemies":"Writhing Mass","floor":41,"turns":7},{"damage":13,"enemies":"4 Shapes","floor":45,"turns":4},{"damage":0,"enemies":"Maw","floor":47,"turns":6},{"damage":0,"enemies":"Sphere and 2 Shapes","floor":48,"turns":5},{"damage":64,"enemies":"Awakened One","floor":50,"turns":16}],"seed_played":"846144664343651819","potions_obtained":[{"floor":2.0,"key":"SmokeBomb"},{"floor":2.0,"key":"Ancient Potion"},{"floor":2.0,"key":"EntropicBrew"},{"floor":6.0,"key":"Regen Potion"},{"floor":11.0,"key":"Dexterity Potion"},{"floor":18.0,"key":"Strength Potion"},{"floor":22.0,"key":"EssenceOfSteel"},{"floor":27.0,"key":"Explosive Potion"},{"floor":35,"key":"Ancient Potion"},{"floor":38,"key":"SneckoOil"},{"floor":41,"key":"Weak Potion"}],"is_trial":false,"path_per_floor":["M","?","$","?","?","E","R","?","T","M","M","$","?","M","R","B",null,"M","M","M","?","M","R","M","M","T","M","?","$","R","$","R","B",null,"M","?","$","M","M","R","M","R","T","R","M","$","M","M","R","B",null],"character_chosen":"DEFECT","items_purchased":["Happy Flower","Tiny Chest","Glacier","OrangePellets","Dexterity Potion"],"campfire_rested":0,"item_purchase_floors":[12,29,31,46,46],"current_hp_per_floor":[89,89,89,78,71,22,22,22,22,22,22,22,22,10,10,12,89,89,85,82,82,49,49,43,30,44,49,49,49,49,49,49,48,103,103,103,103,89,103,103,103,103,103,103,103,103,103,103,103,49],"gold":46,"neow_bonus":"TWENTY_PERCENT_HP_BONUS","is_prod":false,"is_daily":false,"chose_seed":false,"campfire_upgraded":8,"win_rate":0,"timestamp":1557416047,"path_taken":["M","?","?","?","?","E","R","?","T","M","M","$","?","M","R","BOSS","M","M","?","?","M","R","M","M","T","M","?","?","R","$","R","BOSS","M","?","$","M","M","R","M","R","T","R","M","$","M","M","R","BOSS"],"build_version":"2019-01-23","purchased_purges":0,"victory":true,"max_hp_per_floor":[89,89,89,89,89,89,89,89,89,89,89,89,89,89,89,89,89,89,89,89,89,89,89,89,89,103,103,103,103,103,103,103,103,103,103,103,103,103,103,103,103,103,103,103,103,103,103,103,103,103],"card_choices":[{"not_picked":["Compile Driver","Darkness"],"picked":"Sunder","floor":1.0},{"not_picked":["Beam Cell","Scrape","Amplify"],"picked":"SKIP","floor":6.0},{"not_picked":["Leap","Gash","Consume"],"picked":"SKIP","floor":10.0},{"not_picked":["Scrape","Compile Driver"],"picked":"Loop","floor":11.0},{"not_picked":["Tempest","Fusion"],"picked":"Chill","floor":14.0},{"not_picked":["Rainbow","Thunder Strike"],"picked":"Echo Form","floor":16.0},{"not_picked":["Barrage","Recycle","Compile Driver"],"picked":"SKIP","floor":18.0},{"not_picked":["Hologram","Compile Driver+1"],"picked":"Sunder","floor":19.0},{"not_picked":["Reprogram+1","Compile Driver+1"],"picked":"Defragment","floor":20.0},{"not_picked":["Hologram+1","Steam","Tempest"],"picked":"SKIP","floor":22.0},{"not_picked":["Loop","Cold Snap"],"picked":"Self Repair","floor":24.0},{"not_picked":["Auto Shields","Redo"],"picked":"Coolheaded+1","floor":25.0},{"not_picked":["Compile Driver","Aggregate+1"],"picked":"Core Surge","floor":27.0},{"not_picked":["Creative AI","Multi-Cast"],"picked":"Buffer","floor":33},{"not_picked":["Static Discharge+1","Stack","Conserve Battery"],"picked":"SKIP","floor":35},{"not_picked":["Reprogram+1","Hologram"],"picked":"Cold Snap+1","floor":38},{"not_picked":["FTL","Rip and Tear"],"picked":"BootSequence","floor":39},{"not_picked":["Barrage+1","Streamline"],"picked":"Darkness+1","floor":41},{"not_picked":["Genetic Algorithm+1","Stack","Steam"],"picked":"SKIP","floor":45},{"not_picked":["Go for the Eyes","Streamline","Tempest"],"picked":"SKIP","floor":47},{"not_picked":["Aggregate","Recycle+1","Go for the Eyes"],"picked":"SKIP","floor":48}],"player_experience":495499,"relics_obtained":[{"floor":6.0,"key":"Vajra"},{"floor":9.0,"key":"Cables"},{"floor":26.0,"key":"Mango"},{"floor":43,"key":"Lantern"}],"event_choices":[{"damage_healed":0.0,"max_hp_gain":0.0,"max_hp_loss":0.0,"gold_gain":0.0,"event_name":"Lab","player_choice":"Got Potions","floor":2.0,"gold_loss":0.0,"damage_taken":0.0},{"damage_healed":0.0,"max_hp_gain":0.0,"max_hp_loss":0.0,"gold_gain":75.0,"event_name":"World of Goop","player_choice":"Gather Gold","floor":4.0,"gold_loss":0.0,"damage_taken":11.0},{"cards_removed":["Strike_B"],"damage_healed":0.0,"max_hp_gain":0.0,"max_hp_loss":0.0,"gold_gain":0.0,"event_name":"Golden Wing","player_choice":"Card Removal","floor":5.0,"gold_loss":0.0,"damage_taken":7.0},{"damage_healed":0.0,"max_hp_gain":0.0,"max_hp_loss":0.0,"gold_gain":0.0,"event_name":"Liars Game","player_choice":"Ignored","floor":8.0,"gold_loss":0.0,"damage_taken":0.0},{"damage_healed":0.0,"max_hp_gain":0.0,"max_hp_loss":0.0,"gold_gain":0.0,"cards_transformed":["Defend_B"],"event_name":"Transmorgrifier","player_choice":"Transformed","floor":13.0,"gold_loss":0.0,"damage_taken":0.0,"cards_obtained":["Coolheaded"]},{"damage_healed":0.0,"max_hp_gain":0.0,"max_hp_loss":0.0,"gold_gain":0.0,"event_name":"The Library","player_choice":"Read","floor":21.0,"gold_loss":0.0,"damage_taken":0.0,"cards_obtained":["Chill"]},{"damage_healed":0.0,"max_hp_gain":0.0,"max_hp_loss":0.0,"gold_gain":0.0,"event_name":"Vampires","player_choice":"Ignored","floor":28.0,"gold_loss":0.0,"damage_taken":0.0},{"cards_removed":["Strike_B"],"damage_healed":0,"gold_gain":0,"player_choice":"Removed Attack","damage_taken":0,"max_hp_gain":0,"max_hp_loss":0,"event_name":"Falling","floor":36,"gold_loss":0}],"is_beta":false,"boss_relics":[{"not_picked":["Black Star","Ectoplasm"],"picked":"Velvet Choker"},{"not_picked":["Coffee Dripper","Pandora\u0027s Box"],"picked":"Nuclear Battery"}],"items_purged_floors":[],"is_endless":false,"potions_floor_spawned":[6,11,18,22,27,35,38,41],"ascension_level":0}