{"gold_per_floor":[118,118,135,152,162,162,172,186,210,210,243,253,253,267,267,369,369,388,44,56,56,56,56,66,84,107,7,34,34,47,57,57,158,158,178,178,28,43,43,43,59,88,88,37,37,55,75,107,107,107],"floor_reached":50,"playtime":2273,"items_purged":["Strike_R","Defend_R","Strike_R"],"score":764,"play_id":"c3ae9756-7dd2-4de5-a1c6-4f29f9f4605d","local_time":"20190508120806","is_ascension_mode":true,"campfire_choices":[{"data":"Bash","floor":6.0,"key":"SMITH"},{"floor":10.0,"key":"REST"},{"floor":15.0,"key":"REST"},{"floor":23.0,"key":"REST"},{"floor":29.0,"key":"REST"},{"data":"Demon Form","floor":32.0,"key":"SMITH"},{"data":"Pummel","floor":40.0,"key":"SMITH"},{"floor":45.0,"key":"REST"},{"floor":49.0,"key":"REST"}],"neow_cost":"NONE","seed_source_timestamp":1040712278450503,"circlet_count":0,"master_deck":["Strike_R","Strike_R","Defend_R","Defend_R","Defend_R","Bash+1","Pommel Strike","Pummel+1","Shrug It Off","Shrug It Off","Iron Wave","Demon Form+1","Thunderclap","Limit Break","Shrug It Off","Spot Weakness","Pummel","Shrug It Off","Uppercut+1","Seeing Red","Berserk","Sword Boomerang","Burning Pact+1","Armaments+1","Clothesline+1","Iron Wave+1","Feed+1"],"special_seed":0,"relics":["Burning Blood","NeowsBlessing","Vajra","Orichalcum","Anchor","Runic Pyramid","Brimstone","Blood Vial","Centennial Puzzle","Mark of Pain","Molten Egg 2","Girya","Bottled Lightning","Singing Bowl"],"potions_floor_usage":[50,50,50],"damage_taken":[{"damage":0.0,"enemies":"Cultist","floor":1.0,"turns":1.0},{"damage":0.0,"enemies":"Small Slimes","floor":3.0,"turns":2.0},{"damage":0.0,"enemies":"Jaw Worm","floor":4.0,"turns":1.0},{"damage":43.0,"enemies":"Exordium Thugs","floor":5.0,"turns":7.0},{"damage":15.0,"enemies":"Large Slime","floor":7.0,"turns":5.0},{"damage":4.0,"enemies":"Exordium Wildlife","floor":8.0,"turns":4.0},{"damage":37.0,"enemies":"Lagavulin","floor":11.0,"turns":6.0},{"damage":0.0,"enemies":"Gremlin Gang","floor":12.0,"turns":3.0},{"damage":8.0,"enemies":"Exordium Thugs","floor":14.0,"turns":5.0},{"damage":12.0,"enemies":"The Guardian","floor":16.0,"turns":11.0},{"damage":18.0,"enemies":"3 Byrds","floor":18.0,"turns":6.0},{"damage":36.0,"enemies":"Shell Parasite","floor":20.0,"turns":5.0},{"damage":26.0,"enemies":"Snake Plant","floor":24.0,"turns":3.0},{"damage":0.0,"enemies":"Centurion and Healer","floor":25.0,"turns":5.0},{"damage":25.0,"enemies":"Gremlin Leader","floor":28.0,"turns":3.0},{"damage":0.0,"enemies":"Sentry and Sphere","floor":30.0,"turns":3.0},{"damage":4.0,"enemies":"Snake Plant","floor":31.0,"turns":3.0},{"damage":54.0,"enemies":"Automaton","floor":33.0,"turns":6.0},{"damage":0.0,"enemies":"Orb Walker","floor":35.0,"turns":2.0},{"damage":0.0,"enemies":"3 Shapes","floor":38.0,"turns":3.0},{"damage":11.0,"enemies":"Maw","floor":41.0,"turns":4.0},{"damage":30.0,"enemies":"Reptomancer","floor":42.0,"turns":4.0},{"damage":12.0,"enemies":"4 Shapes","floor":46.0,"turns":5.0},{"damage":23.0,"enemies":"Sphere and 2 Shapes","floor":47.0,"turns":7.0},{"damage":34.0,"enemies":"Giant Head","floor":48.0,"turns":6.0},{"damage":104,"enemies":"Awakened One","floor":50,"turns":4}],"seed_played":"5809378879190356441","potions_obtained":[{"floor":8.0,"key":"AttackPotion"},{"floor":12.0,"key":"Explosive Potion"},{"floor":14.0,"key":"LiquidBronze"},{"floor":16.0,"key":"FearPotion"},{"floor":18.0,"key":"Block Potion"},{"floor":24.0,"key":"Strength Potion"},{"floor":30.0,"key":"Ancient Potion"},{"floor":33.0,"key":"BloodPotion"},{"floor":35.0,"key":"LiquidBronze"}],"is_trial":false,"path_per_floor":["?","M","M","?","?","?","M","?","T","M","$","M"],"character_chosen":"IRONCLAD","items_purchased":["Brimstone","Spot Weakness","Sword Boomerang","Iron Wave+1"],"campfire_rested":6,"item_purchase_floors":[19,19,37,44],"current_hp_per_floor":[78,78,80,80,43,43,34,36,36,60,29,35,28,26,50,44,71,59,59,29,29,29,53,33,39,39,39,22,46,54,58,58,12,63,71,71,71,79,79,79,75,53,53,53,77,73,62,38,63,0],"gold":107,"neow_bonus":"THREE_ENEMY_KILL","is_prod":false,"is_daily":false,"chose_seed":false,"campfire_upgraded":3,"win_rate":0,"timestamp":1557310086,"path_taken":["M","?","?","?","M","R","M","M","T","R","E","M","?","M","R","BOSS","M","$","M","?","?","R","M","M","T","$","E","R","?","M","R","BOSS","M","?","$","M","?","R","?","E","T","?","R","M","?","E","R","BOSS"],"build_version":"2019-01-23","purchased_purges":3,"victory":false,"max_hp_per_floor":[80,80,80,80,80,80,80,80,80,80,80,80,80,80,80,80,80,80,80,80,80,80,80,80,80,80,80,80,80,80,80,80,80,80,80,80,80,80,80,80,80,80,80,80,80,80,84,86,86,90],"card_choices":[{"not_picked":["Perfected Strike","Warcry"],"picked":"Clash","floor":1.0},{"not_picked":["Wild Strike","Sword Boomerang"],"picked":"Pommel Strike","floor":3.0},{"not_picked":["Wild Strike","Fire Breathing","Havoc"],"picked":"SKIP","floor":4.0},{"not_picked":["Uppercut","Thunderclap"],"picked":"Pummel","floor":5.0},{"not_picked":["Body Slam","Ghostly Armor"],"picked":"Shrug It Off","floor":7.0},{"not_picked":["Havoc","Rage"],"picked":"Shrug It Off","floor":8.0},{"not_picked":["Armaments","Rage"],"picked":"Iron Wave","floor":11.0},{"not_picked":["Warcry","Clothesline"],"picked":"Demon Form","floor":12.0},{"not_picked":["Uppercut","Battle Trance"],"picked":"Thunderclap","floor":14.0},{"not_picked":["Immolate","Impervious"],"picked":"Limit Break","floor":16.0},{"not_picked":["Sword Boomerang","Power Through"],"picked":"Shrug It Off","floor":18.0},{"not_picked":["Twin Strike","Clash","Armaments"],"picked":"SKIP","floor":20.0},{"not_picked":["Dual Wield","Cleave"],"picked":"Shrug It Off","floor":24.0},{"not_picked":["Pommel Strike","Blood for Blood","Clothesline"],"picked":"SKIP","floor":25.0},{"not_picked":["Feel No Pain","Dual Wield+1"],"picked":"Uppercut+1","floor":28.0},{"not_picked":["Havoc","Headbutt","Body Slam"],"picked":"SKIP","floor":30.0},{"not_picked":["Combust","Feel No Pain"],"picked":"Seeing Red","floor":31.0},{"not_picked":["Dark Embrace","Barricade"],"picked":"Berserk","floor":33.0},{"not_picked":["Blood for Blood+1","Rampage+1","Perfected Strike"],"picked":"SKIP","floor":35.0},{"not_picked":["Flex+1","Warcry"],"picked":"Burning Pact+1","floor":38.0},{"not_picked":["Body Slam+1","Searing Blow+1"],"picked":"Armaments+1","floor":41.0},{"not_picked":["Anger+1","Warcry"],"picked":"Clothesline+1","floor":42.0},{"not_picked":["Rage","Iron Wave+1"],"picked":"Feed+1","floor":46.0},{"not_picked":["Shockwave","Perfected Strike+1","Flame Barrier"],"picked":"SKIP","floor":47.0},{"not_picked":["Sever Soul+1","Cleave+1","Juggernaut"],"picked":"Singing Bowl","floor":48.0}],"player_experience":253734,"relics_obtained":[{"floor":9.0,"key":"Orichalcum"},{"floor":11.0,"key":"Anchor"},{"floor":26.0,"key":"Blood Vial"},{"floor":28.0,"key":"Centennial Puzzle"},{"floor":39.0,"key":"Molten Egg 2"},{"floor":42.0,"key":"Girya"},{"floor":43.0,"key":"Bottled Lightning"},{"floor":48.0,"key":"Singing Bowl"}],"event_choices":[{"cards_removed":["Clash"],"damage_healed":0.0,"max_hp_gain":0.0,"max_hp_loss":0.0,"gold_gain":0.0,"event_name":"WeMeetAgain","player_choice":"Gave Card","floor":2.0,"gold_loss":0.0,"damage_taken":0.0,"relics_obtained":["Vajra"]},{"cards_removed":["Strike_R"],"damage_healed":0.0,"max_hp_gain":0.0,"max_hp_loss":0.0,"gold_gain":0.0,"event_name":"Golden Wing","player_choice":"Card Removal","floor":13.0,"gold_loss":0.0,"damage_taken":7.0},{"damage_healed":0.0,"max_hp_gain":0.0,"max_hp_loss":0.0,"gold_gain":0.0,"event_name":"Beggar","player_choice":"Ignored","floor":21.0,"gold_loss":0.0,"damage_taken":0.0},{"damage_healed":0.0,"max_hp_gain":0.0,"max_hp_loss":0.0,"gold_gain":0.0,"event_name":"Duplicator","player_choice":"Copied","floor":22.0,"gold_loss":0.0,"damage_taken":0.0,"cards_obtained":["Pummel"]},{"damage_healed":0.0,"max_hp_gain":0.0,"max_hp_loss":0.0,"gold_gain":0.0,"event_name":"Tomb of Lord Red Mask","player_choice":"Ignored","floor":36.0,"gold_loss":0.0,"damage_taken":0.0}],"is_beta":false,"boss_relics":[{"not_picked":["Calling Bell","Black Blood"],"picked":"Runic Pyramid"},{"not_picked":["Snecko Eye","Tiny House"],"picked":"Mark of Pain"}],"items_purged_floors":[19,27,37],"is_endless":false,"potions_floor_spawned":[8,12,14,16,18,24,25,30,33,35,38,41,46],"killed_by":"Awakened One","ascension_level":8}