{"gold_per_floor":[117,132,132,24,24,56,66,66,90,90,103,103,136,38,38,137,137,156,6,23,34,45,45,57,74,74,74,89,100,199,199,199,299,299,314,314,314,314,314,314,332,332,332,332,345,359,4,18,18,18,18,18,18,52,52],"floor_reached":55,"playtime":3078,"items_purged":[],"score":654,"play_id":"536c5afd-bf7b-471c-b691-4c51344a68b9","local_time":"20190510123357","is_ascension_mode":false,"campfire_choices":[{"data":"Dualcast","floor":10.0,"key":"SMITH"},{"data":"Zap","floor":12.0,"key":"SMITH"},{"floor":15.0,"key":"RECALL"},{"data":"Self Repair","floor":23.0,"key":"SMITH"},{"data":"Sunder","floor":27.0,"key":"SMITH"},{"data":"Buffer","floor":32.0,"key":"SMITH"},{"data":"Echo Form","floor":40.0,"key":"SMITH"},{"data":"Glacier","floor":42.0,"key":"SMITH"},{"floor":44.0,"key":"REST"},{"data":"Defragment","floor":49,"key":"SMITH"},{"data":"Blizzard","floor":52,"key":"SMITH"}],"neow_cost":"NONE","seed_source_timestamp":1150303172347171,"circlet_count":0,"master_deck":["Strike_B","Strike_B","Strike_B","Defend_B","Defend_B","Defend_B","Defend_B","Zap+1","Dualcast+1","White Noise","Self Repair+1","BootSequence","Buffer+1","Cold Snap","FTL","Core Surge","Loop+1","Leap+1","BootSequence+1","Sunder+1","Cold Snap","Echo Form+1","Leap+1","Madness","Madness","Dark Shackles","Glacier+1","Chill+1","Buffer","Defragment+1","Blizzard+1","BootSequence"],"special_seed":0,"relics":["Cracked Core","Vajra","PreservedInsect","Velvet Choker","Lantern","Dodecahedron","Gremlin Horn","Inserter","Happy Flower","Centennial Puzzle","Pear"],"potions_floor_usage":[46,55],"damage_taken":[{"damage":1.0,"enemies":"Cultist","floor":1.0,"turns":3.0},{"damage":0.0,"enemies":"Small Slimes","floor":2.0,"turns":4.0},{"damage":26.0,"enemies":"Gremlin Nob","floor":6.0,"turns":5.0},{"damage":0.0,"enemies":"Jaw Worm","floor":7.0,"turns":4.0},{"damage":0.0,"enemies":"Blue Slaver","floor":11.0,"turns":2.0},{"damage":5.0,"enemies":"Lagavulin","floor":13.0,"turns":7.0},{"damage":2.0,"enemies":"The Guardian","floor":16.0,"turns":12.0},{"damage":6.0,"enemies":"Shell Parasite","floor":18.0,"turns":5.0},{"damage":12.0,"enemies":"Spheric Guardian","floor":20.0,"turns":4.0},{"damage":22.0,"enemies":"Snake Plant","floor":21.0,"turns":5.0},{"damage":11.0,"enemies":"Centurion and Healer","floor":22.0,"turns":9.0},{"damage":0.0,"enemies":"Cultist and Chosen","floor":24.0,"turns":8.0},{"damage":11.0,"enemies":"Snecko","floor":25.0,"turns":6.0},{"damage":0.0,"enemies":"Centurion and Healer","floor":28.0,"turns":6.0},{"damage":0.0,"enemies":"3 Cultists","floor":29.0,"turns":7.0},{"damage":33.0,"enemies":"Collector","floor":33.0,"turns":10.0},{"damage":0.0,"enemies":"3 Shapes","floor":35.0,"turns":5.0},{"damage":29.0,"enemies":"3 Darklings","floor":41.0,"turns":9.0},{"damage":18.0,"enemies":"Writhing Mass","floor":45.0,"turns":9.0},{"damage":0,"enemies":"Spire Growth","floor":46,"turns":9},{"damage":0,"enemies":"Transient","floor":48,"turns":5},{"damage":78,"enemies":"Time Eater","floor":50,"turns":17},{"damage":29,"enemies":"Shield and Spear","floor":54,"turns":10},{"damage":104,"enemies":"The Heart","floor":55,"turns":11}],"seed_played":"-7570404376557497470","potions_obtained":[{"floor":0.0,"key":"Explosive Potion"},{"floor":0.0,"key":"SpeedPotion"},{"floor":0.0,"key":"Weak Potion"},{"floor":3.0,"key":"Energy Potion"},{"floor":6.0,"key":"EssenceOfSteel"},{"floor":11.0,"key":"EntropicBrew"},{"floor":20.0,"key":"FairyPotion"},{"floor":33.0,"key":"Ancient Potion"},{"floor":35.0,"key":"Explosive Potion"},{"floor":48,"key":"Fire Potion"}],"is_trial":false,"path_per_floor":["M","M","?","$","?","E","M","$","T","R","M","R","E","$","R","B",null,"M","$","M","M","M","R","M","M","T","R","M","M","?","T","R","B",null,"M","?","?","?","?","R","M","R","T","R","M","M","$","M","R","B",null,"R","$","E","B"],"character_chosen":"DEFECT","items_purchased":["Self Repair","BootSequence","Fruit Juice","Lantern","Defragment","Blizzard","Dexterity Potion","Centennial Puzzle"],"campfire_rested":1,"item_purchase_floors":[4,4,14,19,47,47,47,47],"current_hp_per_floor":[74,74,74,74,74,55,62,62,62,62,69,69,71,76,76,80,80,80,80,75,60,56,56,66,65,65,65,75,80,80,80,80,57,80,80,70,70,70,62,62,43,43,43,67,69,80,80,80,80,12,80,80,80,71,0],"gold":52,"neow_bonus":"THREE_SMALL_POTIONS","is_prod":false,"is_daily":false,"chose_seed":false,"campfire_upgraded":9,"win_rate":0,"timestamp":1557462837,"path_taken":["M","M","?","?","?","E","M","$","T","R","M","R","E","$","R","BOSS","M","$","M","M","M","R","?","M","T","R","?","M","?","?","R","BOSS","M","?","?","?","?","R","M","R","T","R","M","M","$","M","R","BOSS","R","$","E","BOSS"],"build_version":"2019-01-23","purchased_purges":0,"victory":false,"max_hp_per_floor":[75,75,75,75,75,75,75,75,75,75,75,75,75,80,80,80,80,80,80,80,80,80,80,80,80,80,80,80,80,80,80,80,80,80,80,80,80,80,80,80,80,80,80,80,80,80,80,80,80,80,80,80,80,90,90],"card_choices":[{"not_picked":["Steam","Compile Driver","Go for the Eyes"],"picked":"SKIP","floor":1.0},{"not_picked":["Beam Cell","Rebound"],"picked":"White Noise","floor":2.0},{"not_picked":["Aggregate","Hello World"],"picked":"Cold Snap","floor":6.0},{"not_picked":["Go for the Eyes","Ball Lightning"],"picked":"FTL","floor":7.0},{"not_picked":["Lockon","Reboot","Turbo"],"picked":"SKIP","floor":11.0},{"not_picked":["Compile Driver","Streamline","Doom and Gloom"],"picked":"SKIP","floor":13.0},{"not_picked":["Hyperbeam","Creative AI"],"picked":"Core Surge","floor":16.0},{"not_picked":["Coolheaded","Auto Shields+1"],"picked":"Loop+1","floor":18.0},{"not_picked":["Sweeping Beam","Compile Driver"],"picked":"Leap+1","floor":20.0},{"not_picked":["Turbo","Sweeping Beam","Streamline"],"picked":"SKIP","floor":21.0},{"not_picked":["Scrape+1","Auto Shields+1"],"picked":"BootSequence+1","floor":22.0},{"not_picked":["Sweeping Beam","Storm"],"picked":"Sunder","floor":24.0},{"not_picked":["Ball Lightning","Conserve Battery","Redo"],"picked":"SKIP","floor":25.0},{"not_picked":["Barrage","Doom and Gloom"],"picked":"Cold Snap","floor":28.0},{"not_picked":["Barrage+1","Heatsinks+1","Leap"],"picked":"SKIP","floor":29.0},{"not_picked":["All For One","Core Surge"],"picked":"Echo Form","floor":33.0},{"not_picked":["Turbo","Aggregate"],"picked":"Leap+1","floor":35.0},{"not_picked":["Purity","Madness"],"picked":"Dark Shackles","floor":37.0},{"not_picked":["Ball Lightning+1","Hologram+1"],"picked":"Glacier","floor":41.0},{"not_picked":["Skim","Aggregate+1"],"picked":"Chill+1","floor":45.0},{"not_picked":["Streamline+1","Steam+1"],"picked":"Buffer","floor":46},{"not_picked":["Ball Lightning","Coolheaded+1"],"picked":"BootSequence","floor":48},{"not_picked":["Coolheaded","Doom and Gloom","Hologram"],"picked":"SKIP","floor":54}],"player_experience":497535,"relics_obtained":[{"floor":6.0,"key":"Vajra"},{"floor":13.0,"key":"PreservedInsect"},{"floor":26.0,"key":"Dodecahedron"},{"floor":31.0,"key":"Gremlin Horn"},{"floor":43.0,"key":"Happy Flower"},{"floor":54,"key":"Pear"}],"event_choices":[{"damage_healed":0.0,"max_hp_gain":0.0,"max_hp_loss":0.0,"gold_gain":0.0,"event_name":"Lab","player_choice":"Got Potions","floor":3.0,"gold_loss":0.0,"damage_taken":0.0},{"damage_healed":0.0,"max_hp_gain":0.0,"max_hp_loss":0.0,"gold_gain":0.0,"cards_transformed":["Strike_B"],"event_name":"Transmorgrifier","player_choice":"Transformed","floor":5.0,"gold_loss":0.0,"damage_taken":0.0,"cards_obtained":["Buffer"]},{"damage_healed":0.0,"max_hp_gain":0.0,"max_hp_loss":0.0,"gold_gain":99.0,"event_name":"Nest","player_choice":"Stole From Cult","floor":30.0,"gold_loss":0.0,"damage_taken":0.0},{"damage_healed":0.0,"max_hp_gain":0.0,"max_hp_loss":0.0,"gold_gain":0.0,"event_name":"Winding Halls","player_choice":"Embrace Madness","floor":36.0,"gold_loss":0.0,"damage_taken":10.0,"cards_obtained":["Madness","Madness"]},{"damage_healed":0.0,"max_hp_gain":0.0,"max_hp_loss":0.0,"gold_gain":0.0,"event_name":"SensoryStone","player_choice":"Memory 1","floor":37.0,"gold_loss":0.0,"damage_taken":0.0},{"damage_healed":0.0,"max_hp_gain":0.0,"max_hp_loss":0.0,"gold_gain":0.0,"event_name":"Mysterious Sphere","player_choice":"Ignored","floor":38.0,"gold_loss":0.0,"damage_taken":0.0},{"damage_healed":0.0,"max_hp_gain":0.0,"max_hp_loss":0.0,"gold_gain":0.0,"event_name":"Wheel of Change","player_choice":"Damaged","floor":39.0,"gold_loss":0.0,"damage_taken":8.0}],"is_beta":false,"boss_relics":[{"not_picked":["Cursed Key","Eternal Feather"],"picked":"Velvet Choker"},{"not_picked":["Fusion Hammer","FrozenCore"],"picked":"Inserter"}],"items_purged_floors":[],"is_endless":false,"potions_floor_spawned":[2,6,11,20,22,33,35,48],"killed_by":"The Heart","ascension_level":0}