{"gold_per_floor":[118,132,207,157,157,157,183,183,208,241,253,428,443,513,513,513],"floor_reached":16,"playtime":868,"items_purged":[],"score":173,"play_id":"e1b1de1c-ac67-4b77-b1ca-f1fe7f74a76e","local_time":"20190323133528","is_ascension_mode":true,"campfire_choices":[{"data":"Cloak And Dagger","floor":6.0,"key":"SMITH"},{"floor":8.0,"key":"REST"},{"floor":15,"key":"REST"}],"neow_cost":"NONE","seed_source_timestamp":187858598296617,"circlet_count":0,"master_deck":["AscendersBane","Defend_G+1","Defend_G+1","Defend_G","Strike_G","Strike_G","Strike_G","Survivor","Neutralize","Cloak And Dagger+1","Cloak And Dagger","Infinite Blades","Adrenaline","Escape Plan","Doubt","Blade Dance"],"special_seed":0,"relics":["Empty Cage","Tough Bandages","War Paint","Paper Crane","Sundial"],"potions_floor_usage":[13],"damage_taken":[{"damage":0.0,"enemies":"Jaw Worm","floor":1.0,"turns":6.0},{"damage":8.0,"enemies":"2 Louse","floor":2.0,"turns":3.0},{"damage":31.0,"enemies":"Lagavulin","floor":7.0,"turns":12.0},{"damage":33.0,"enemies":"Gremlin Nob","floor":10.0,"turns":6.0},{"damage":0.0,"enemies":"Small Slimes","floor":11.0,"turns":4.0},{"damage":0,"enemies":"3 Louse","floor":13,"turns":4},{"damage":34,"enemies":"Hexaghost","floor":16,"turns":14}],"seed_played":"4336169072597955483","potions_obtained":[{"floor":1.0,"key":"Weak Potion"},{"floor":7.0,"key":"Regen Potion"},{"floor":11.0,"key":"Fire Potion"}],"is_trial":false,"path_per_floor":["M","M","?","?","?","R","E","R","T","E","M","?","M","T","R","B"],"character_chosen":"THE_SILENT","items_purchased":[],"campfire_rested":2,"item_purchase_floors":[],"current_hp_per_floor":[63,55,44,44,37,37,6,27,27,9,9,9,9,9,30,0],"gold":513,"neow_bonus":"BOSS_RELIC","is_prod":false,"is_daily":false,"chose_seed":false,"campfire_upgraded":1,"win_rate":0,"timestamp":1553373328,"path_taken":["M","M","?","?","?","R","E","R","T","E","M","?","M","?","R","BOSS"],"build_version":"2019-01-23","purchased_purges":0,"victory":false,"max_hp_per_floor":[70,70,70,70,70,70,70,70,70,70,70,70,70,70,70,70],"card_choices":[{"not_picked":["Expertise","Eviscerate"],"picked":"Cloak And Dagger","floor":1.0},{"not_picked":["Dodge and Roll","Deadly Poison"],"picked":"Cloak And Dagger","floor":2.0},{"not_picked":["Concentrate","Dodge and Roll"],"picked":"Infinite Blades","floor":7.0},{"not_picked":["Sucker Punch","Eviscerate"],"picked":"Adrenaline","floor":10.0},{"not_picked":["Caltrops","Acrobatics"],"picked":"Escape Plan","floor":11.0},{"not_picked":["PiercingWail","Finisher"],"picked":"Blade Dance","floor":13}],"player_experience":528966,"relics_obtained":[{"floor":7.0,"key":"Tough Bandages"},{"floor":9.0,"key":"War Paint"},{"floor":10.0,"key":"Paper Crane"},{"floor":14,"key":"Sundial"}],"event_choices":[{"damage_healed":0.0,"max_hp_gain":0.0,"max_hp_loss":0.0,"gold_gain":75.0,"event_name":"World of Goop","player_choice":"Gather Gold","floor":3.0,"gold_loss":0.0,"damage_taken":11.0},{"cards_removed":["Strike_G"],"damage_healed":0.0,"max_hp_gain":0.0,"max_hp_loss":0.0,"gold_gain":0.0,"event_name":"The Cleric","player_choice":"Card Removal","floor":4.0,"gold_loss":50.0,"damage_taken":0.0},{"cards_removed":["Defend_G"],"damage_healed":0.0,"max_hp_gain":0.0,"max_hp_loss":0.0,"gold_gain":0.0,"event_name":"Golden Wing","player_choice":"Card Removal","floor":5.0,"gold_loss":0.0,"damage_taken":7.0},{"damage_healed":0.0,"max_hp_gain":0.0,"max_hp_loss":0.0,"gold_gain":175.0,"event_name":"Liars Game","player_choice":"AGREE","floor":12.0,"gold_loss":0.0,"damage_taken":0.0,"cards_obtained":["Doubt"]}],"is_beta":false,"boss_relics":[],"items_purged_floors":[],"is_endless":false,"potions_floor_spawned":[1,7,11],"killed_by":"Hexaghost","ascension_level":12}