{"gold_per_floor":[112,126,126,1,17,17,42,42,42,74,22,52,70,70,70,144,144,162,177,177,202,202,236,236,253,253,253,268,268,299,62,62,136,136,154,154,154,172,191,223,223,233,279,279,16,40,51,65,65,65,65],"floor_reached":52,"playtime":8266,"items_purged":["Strike_G+1","Strike_G+1"],"score":2001,"play_id":"a0ce88ce-bd84-4a39-9f94-8e762342d44c","local_time":"20190406065036","is_ascension_mode":true,"campfire_choices":[{"data":"Leg Sweep","floor":6,"key":"SMITH"},{"data":"Discovery","floor":8,"key":"SMITH"},{"floor":15,"key":"REST"},{"data":"Noxious Fumes","floor":24,"key":"SMITH"},{"data":"Secret Technique","floor":27,"key":"SMITH"},{"data":"Dagger Spray","floor":29,"key":"SMITH"},{"data":"Backflip","floor":32,"key":"SMITH"},{"data":"Footwork","floor":41,"key":"SMITH"},{"data":"Survivor","floor":44,"key":"SMITH"},{"data":"Noxious Fumes","floor":49,"key":"SMITH"}],"neow_cost":"TEN_PERCENT_HP_LOSS","seed_source_timestamp":802826889766662,"circlet_count":0,"master_deck":["AscendersBane","Defend_G+1","Defend_G+1","Defend_G+1","Defend_G+1","Defend_G+1","Strike_G+1","Strike_G+1","Strike_G+1","Survivor+1","Neutralize+1","Discovery+1","Secret Technique+1","Dagger Spray+1","Backflip+1","Leg Sweep+1","All Out Attack","Deadly Poison","Bullet Time+1","Cloak And Dagger+1","Deflect+1","Noxious Fumes+1","Venomology+1","PiercingWail+1","Prepared+1","Ghostly+1","Ghostly+1","Ghostly+1","Grand Finale","Outmaneuver+1","Deadly Poison+1","Corpse Explosion+1","Phantasmal Killer+1","Deflect+1","Madness+1","Madness+1","PiercingWail+1","Footwork+1","Noxious Fumes+1","Crippling Poison+1"],"relics":["Ring of the Snake","Toxic Egg 2","Pen Nib","Meat on the Bone","Gremlin Horn","Runic Pyramid","Lantern","Paper Crane","Mercury Hourglass","Lizard Tail","Matryoshka","Snake Skull","Centennial Puzzle","Blood Vial","Question Card","Omamori"],"potions_floor_usage":[7,10,23,28,30,33,33,39,40,40,42,47,47,48,48,50,50,51],"damage_taken":[{"damage":1,"enemies":"Jaw Worm","floor":1,"turns":6},{"damage":0,"enemies":"Cultist","floor":2,"turns":3},{"damage":2,"enemies":"2 Louse","floor":5,"turns":2},{"damage":14,"enemies":"Lagavulin","floor":7,"turns":6},{"damage":17,"enemies":"3 Sentries","floor":10,"turns":6},{"damage":27,"enemies":"Gremlin Nob","floor":12,"turns":4},{"damage":9,"enemies":"Blue Slaver","floor":13,"turns":3},{"damage":24,"enemies":"The Guardian","floor":16,"turns":12},{"damage":10,"enemies":"Shell Parasite","floor":18,"turns":5},{"damage":0,"enemies":"Chosen","floor":19,"turns":7},{"damage":5,"enemies":"Book of Stabbing","floor":23,"turns":6},{"damage":0,"enemies":"Centurion and Healer","floor":25,"turns":11},{"damage":1,"enemies":"Snecko","floor":28,"turns":8},{"damage":0,"enemies":"Slavers","floor":30,"turns":6},{"damage":0,"enemies":"Automaton","floor":33,"turns":10},{"damage":0,"enemies":"Orb Walker","floor":35,"turns":5},{"damage":0,"enemies":"3 Darklings","floor":38,"turns":4},{"damage":0,"enemies":"Spire Growth","floor":39,"turns":6},{"damage":3,"enemies":"Giant Head","floor":40,"turns":9},{"damage":0,"enemies":"4 Shapes","floor":42,"turns":3},{"damage":0,"enemies":"Transient","floor":47,"turns":6},{"damage":0,"enemies":"Jaw Worm Horde","floor":48,"turns":2},{"damage":6,"enemies":"Donu and Deca","floor":50,"turns":11},{"damage":10,"enemies":"Awakened One","floor":51,"turns":18}],"seed_played":"-4834940624265552885","potions_obtained":[{"floor":2,"key":"Strength Potion"},{"floor":10,"key":"Fruit Juice"},{"floor":33,"key":"LiquidBronze"},{"floor":42,"key":"Fire Potion"},{"floor":47,"key":"GhostInAJar"},{"floor":48,"key":"Block Potion"}],"is_trial":false,"path_per_floor":["M","M","?","$","M","R","E","R","T","E","$","E","M","?","R","B",null,"M","M","?","T","?","E","R","M","T","R","M","R","E","$","R","B",null,"M","?","?","M","M","E","R","M","T","R","$","T","M","M","R","B","B",null],"character_chosen":"THE_SILENT","items_purchased":["Leg Sweep","All Out Attack","Deflect+1","Corpse Explosion+1","Blood Vial"],"campfire_rested":1,"item_purchase_floors":[4,4,11,31,45],"current_hp_per_floor":[58,58,58,58,56,56,42,42,42,30,30,15,18,18,37,25,55,45,45,45,45,32,27,27,27,27,27,26,26,26,26,26,26,31,31,25,25,25,25,22,22,22,22,22,22,22,24,26,26,22,26],"gold":65,"neow_bonus":"RANDOM_COLORLESS_2","is_prod":false,"is_daily":false,"chose_seed":false,"campfire_upgraded":9,"win_rate":0,"timestamp":1554526236,"path_taken":["M","M","?","$","M","R","E","R","T","E","?","E","?","?","R","BOSS","M","M","?","?","?","E","R","M","T","R","M","R","E","?","R","BOSS","M","?","?","M","M","E","R","?","T","R","$","?","M","M","R","BOSS","BOSS"],"build_version":"2019-01-23","purchased_purges":2,"victory":true,"max_hp_per_floor":[60,60,60,60,60,60,60,60,60,65,65,65,65,65,65,65,65,65,65,65,65,32,32,32,32,32,32,32,32,32,32,32,32,32,32,32,32,32,32,32,32,32,32,32,32,32,32,32,32,32,32],"card_choices":[{"not_picked":["Eviscerate","Cloak And Dagger"],"picked":"Dagger Spray","floor":1},{"not_picked":["Reflex","Bane"],"picked":"Backflip","floor":2},{"not_picked":["Riddle With Holes","Cloak And Dagger"],"picked":"Deadly Poison","floor":5},{"not_picked":["Cloak And Dagger","Heel Hook"],"picked":"Bullet Time","floor":7},{"not_picked":["Phantasmal Killer+1","Outmaneuver+1"],"picked":"Cloak And Dagger+1","floor":10},{"not_picked":["Terror+1","Prepared+1"],"picked":"Noxious Fumes","floor":12},{"not_picked":["Poisoned Stab","Tactician+1","Dagger Spray"],"picked":"SKIP","floor":13},{"not_picked":["Unload","Doppelganger+1"],"picked":"Venomology+1","floor":16},{"not_picked":["Outmaneuver+1","Distraction+1"],"picked":"PiercingWail+1","floor":18},{"not_picked":["PiercingWail+1","Dash"],"picked":"Prepared+1","floor":19},{"not_picked":["Heel Hook","Dagger Throw"],"picked":"Grand Finale","floor":23},{"not_picked":["Masterful Stab","Dagger Spray"],"picked":"Outmaneuver+1","floor":25},{"not_picked":["Dagger Throw","Dagger Spray"],"picked":"Deadly Poison+1","floor":28},{"not_picked":["Prepared+1","Masterful Stab","Reflex+1"],"picked":"SKIP","floor":30},{"not_picked":["Wraith Form v2","Doppelganger+1"],"picked":"Phantasmal Killer+1","floor":33},{"not_picked":["Slice+1","Cloak And Dagger+1"],"picked":"Deflect+1","floor":35},{"not_picked":["All Out Attack","Bouncing Flask+1"],"picked":"PiercingWail+1","floor":38},{"not_picked":["Dagger Spray","Dash+1","Underhanded Strike+1"],"picked":"SKIP","floor":39},{"not_picked":["PiercingWail+1","Escape Plan+1"],"picked":"Footwork","floor":40},{"not_picked":["Cloak And Dagger+1","Deflect+1","Concentrate+1"],"picked":"SKIP","floor":42},{"not_picked":["Well Laid Plans","PiercingWail+1","Bouncing Flask+1"],"picked":"Noxious Fumes","floor":47},{"not_picked":["Dodge and Roll+1","All Out Attack","Choke"],"picked":"Crippling Poison+1","floor":48}],"player_experience":3030255,"relics_obtained":[{"floor":7,"key":"Toxic Egg 2"},{"floor":9,"key":"Pen Nib"},{"floor":10,"key":"Meat on the Bone"},{"floor":12,"key":"Gremlin Horn"},{"floor":21,"key":"Lantern"},{"floor":23,"key":"Paper Crane"},{"floor":30,"key":"Mercury Hourglass"},{"floor":40,"key":"Matryoshka"},{"floor":43,"key":"Snake Skull"},{"floor":43,"key":"Centennial Puzzle"},{"floor":46,"key":"Question Card"},{"floor":46,"key":"Omamori"}],"event_choices":[{"damage_healed":0,"gold_gain":0,"player_choice":"Upgraded","damage_taken":0,"max_hp_gain":0,"max_hp_loss":0,"event_name":"Upgrade Shrine","floor":3,"gold_loss":0,"cards_upgraded":["Neutralize"]},{"damage_healed":0,"gold_gain":0,"player_choice":"Ignored","damage_taken":0,"max_hp_gain":0,"max_hp_loss":0,"event_name":"Shining Light","floor":14,"gold_loss":0},{"damage_healed":0,"gold_gain":0,"player_choice":"Simplicity","damage_taken":0,"max_hp_gain":0,"max_hp_loss":0,"event_name":"Back to Basics","floor":20,"gold_loss":0,"cards_upgraded":["Defend_G","Defend_G","Defend_G","Defend_G","Defend_G","Strike_G","Strike_G","Strike_G","Strike_G","Strike_G"]},{"damage_healed":0,"gold_gain":0,"player_choice":"Became a Ghost","damage_taken":0,"max_hp_gain":0,"max_hp_loss":33,"event_name":"Ghosts","floor":22,"gold_loss":0,"cards_obtained":["Ghostly","Ghostly","Ghostly"]},{"damage_healed":0,"gold_gain":0,"player_choice":"Embrace Madness","damage_taken":6,"max_hp_gain":0,"max_hp_loss":0,"event_name":"Winding Halls","floor":36,"gold_loss":0,"cards_obtained":["Madness","Madness"]},{"damage_healed":0,"gold_gain":0,"player_choice":"Ignored","damage_taken":0,"max_hp_gain":0,"max_hp_loss":0,"event_name":"Tomb of Lord Red Mask","floor":37,"gold_loss":0}],"is_beta":false,"boss_relics":[{"not_picked":["Runic Dome","Ectoplasm"],"picked":"Runic Pyramid"},{"not_picked":["WristBlade","Tiny House"],"picked":"Lizard Tail"}],"items_purged_floors":[31,45],"is_endless":false,"potions_floor_spawned":[2,10,19,23,28,33,35,38,42,47,48],"ascension_level":20}