{"gold_per_floor":[117,129,140,150,225,225,254,115,187,187,222,234,252,322,322,419,419,419,419,366,366,366,366,366,366,366,83,83,83,12,12,12,12,12,12,12,12,12,12,12,12,12,12,12,12,12,12,12,12,12],"floor_reached":51,"playtime":2451,"items_purged":["Defend_B"],"score":855,"play_id":"0442e008-09fc-457b-a221-0bdd48df98f2","local_time":"20190423203022","is_ascension_mode":true,"campfire_choices":[{"floor":6,"key":"REST"},{"floor":15,"key":"REST"},{"floor":23,"key":"REST"},{"floor":29,"key":"REST"},{"floor":32,"key":"REST"},{"data":"Buffer","floor":40,"key":"SMITH"},{"data":"Buffer","floor":42,"key":"SMITH"},{"data":"Dualcast","floor":46,"key":"SMITH"},{"data":"Zap","floor":49,"key":"SMITH"}],"neow_cost":"NONE","seed_source_timestamp":831750150508572,"circlet_count":0,"master_deck":["Strike_B","Strike_B","Strike_B","Defend_B","Defend_B","Defend_B","Zap+1","Dualcast+1","Glacier","Genetic Algorithm+1","Doom and Gloom","Doom and Gloom","Leap","Flash of Steel","Buffer+1","Consume+1","BootSequence+1","Leap+1","Buffer+1","Hologram+1","Chill+1","Redo+1","Leap+1","Zap+1","Leap+1","Redo+1","Conserve Battery+1","Auto Shields+1","Conserve Battery+1","Reboot+1","Self Repair+1","Redo+1","Madness+1","Madness+1","Metamorphosis+1","Reinforced Body+1"],"relics":["Cracked Core","Dream Catcher","StoneCalendar","Toxic Egg 2","Ancient Tea Set","Ectoplasm","Red Mask","Bronze Scales","DataDisk","Busted Crown","Unceasing Top"],"potions_floor_usage":[7,16,18,50,50],"damage_taken":[{"damage":7,"enemies":"Jaw Worm","floor":1,"turns":3},{"damage":6,"enemies":"Cultist","floor":2,"turns":3},{"damage":5,"enemies":"2 Louse","floor":3,"turns":3},{"damage":1,"enemies":"Large Slime","floor":4,"turns":7},{"damage":15,"enemies":"Lagavulin","floor":7,"turns":7},{"damage":31,"enemies":"Gremlin Nob","floor":11,"turns":4},{"damage":2,"enemies":"Exordium Thugs","floor":12,"turns":4},{"damage":20,"enemies":"Exordium Wildlife","floor":13,"turns":4},{"damage":26,"enemies":"The Guardian","floor":16,"turns":13},{"damage":13,"enemies":"3 Byrds","floor":18,"turns":4},{"damage":41,"enemies":"Masked Bandits","floor":19,"turns":6},{"damage":6,"enemies":"Shell Parasite","floor":22,"turns":6},{"damage":6,"enemies":"Book of Stabbing","floor":24,"turns":7},{"damage":0,"enemies":"Centurion and Healer","floor":28,"turns":7},{"damage":0,"enemies":"Shelled Parasite and Fungi","floor":31,"turns":7},{"damage":28,"enemies":"Automaton","floor":33,"turns":11},{"damage":0,"enemies":"Orb Walker","floor":35,"turns":3},{"damage":1,"enemies":"3 Darklings","floor":36,"turns":6},{"damage":12,"enemies":"Sphere and 2 Shapes","floor":37,"turns":7},{"damage":1,"enemies":"Maw","floor":38,"turns":8},{"damage":7,"enemies":"Transient","floor":45,"turns":5},{"damage":9,"enemies":"3 Darklings","floor":47,"turns":5},{"damage":0,"enemies":"Jaw Worm Horde","floor":48,"turns":4},{"damage":4,"enemies":"Donu and Deca","floor":50,"turns":8}],"seed_played":"9020045259670390520","potions_obtained":[{"floor":1,"key":"Regen Potion"},{"floor":4,"key":"SpeedPotion"},{"floor":12,"key":"SneckoOil"},{"floor":16,"key":"Explosive Potion"},{"floor":19,"key":"SpeedPotion"},{"floor":24,"key":"FearPotion"}],"is_trial":false,"path_per_floor":["?","?","M","?","?","?","M","?","$","M","?","?","?","M"],"character_chosen":"DEFECT","items_purchased":["Leap","Flash of Steel","Redo+1","DataDisk","Conserve Battery+1","Auto Shields+1"],"campfire_rested":5,"item_purchase_floors":[8,8,20,27,27,30],"current_hp_per_floor":[68,62,57,56,45,67,63,63,63,63,32,30,10,10,32,6,75,62,21,21,21,15,37,31,31,31,31,31,53,53,53,75,47,75,75,74,72,75,66,66,66,66,66,66,69,69,70,75,75,75],"gold":12,"neow_bonus":"RANDOM_COMMON_RELIC","is_prod":false,"is_daily":false,"chose_seed":false,"campfire_upgraded":4,"win_rate":0,"timestamp":1556044222,"path_taken":["M","M","M","M","?","R","E","$","T","?","E","M","?","?","R","BOSS","M","?","$","?","?","R","E","?","T","?","M","R","$","M","R","BOSS","M","M","?","M","?","R","?","R","T","?","M","R","M","?","R","BOSS"],"build_version":"2019-01-23","purchased_purges":1,"victory":true,"max_hp_per_floor":[75,75,75,75,75,75,75,75,75,75,75,75,75,75,75,75,75,75,75,75,75,75,75,75,75,75,75,75,75,75,75,75,75,75,75,75,75,75,75,75,75,75,75,75,75,75,75,75,75,75],"card_choices":[{"not_picked":["Static Discharge","Turbo","Stack"],"picked":"SKIP","floor":1},{"not_picked":["Stack","Steam Power"],"picked":"Glacier","floor":2},{"not_picked":["Aggregate","Stack","Steam"],"picked":"SKIP","floor":3},{"not_picked":["Conserve Battery","Barrage"],"picked":"Genetic Algorithm","floor":4},{"not_picked":["Cold Snap","Redo"],"picked":"Doom and Gloom","floor":6},{"not_picked":["Defragment","Conserve Battery"],"picked":"Doom and Gloom","floor":7},{"not_picked":["Barrage","Go for the Eyes"],"picked":"Buffer","floor":11},{"not_picked":["Turbo+1","Steam+1"],"picked":"Consume+1","floor":12},{"not_picked":["Gash","Fusion+1"],"picked":"BootSequence+1","floor":13},{"not_picked":["Beam Cell","Skim+1"],"picked":"Leap+1","floor":15},{"not_picked":["Creative AI","Reboot+1"],"picked":"Buffer","floor":16},{"not_picked":["Melter","White Noise+1"],"picked":"Hologram+1","floor":18},{"not_picked":["Cold Snap","Barrage"],"picked":"Chill+1","floor":19},{"not_picked":["Barrage+1","Steam+1"],"picked":"Leap+1","floor":22},{"not_picked":["Melter","Defragment"],"picked":"Redo+1","floor":23},{"not_picked":["Sunder","Compile Driver+1","Machine Learning"],"picked":"SKIP","floor":24},{"not_picked":["Force Field+1","Melter","Capacitor"],"picked":"SKIP","floor":28},{"not_picked":["Genetic Algorithm+1","Steam+1"],"picked":"Conserve Battery+1","floor":31},{"not_picked":["Meteor Strike","Amplify+1"],"picked":"Reboot+1","floor":33},{"not_picked":[],"picked":"Self Repair+1","floor":35},{"not_picked":["Sweeping Beam+1"],"picked":"SKIP","floor":36},{"not_picked":[],"picked":"Redo+1","floor":37},{"not_picked":["Chaos+1"],"picked":"SKIP","floor":38},{"not_picked":[],"picked":"Metamorphosis+1","floor":41},{"not_picked":["Glacier+1"],"picked":"SKIP","floor":45},{"not_picked":[],"picked":"Reinforced Body+1","floor":47},{"not_picked":["Fusion+1"],"picked":"SKIP","floor":48}],"player_experience":146104,"relics_obtained":[{"floor":7,"key":"StoneCalendar"},{"floor":9,"key":"Toxic Egg 2"},{"floor":11,"key":"Ancient Tea Set"},{"floor":19,"key":"Red Mask"},{"floor":24,"key":"Bronze Scales"},{"floor":43,"key":"Unceasing Top"}],"event_choices":[{"damage_healed":0,"gold_gain":75,"player_choice":"Gather Gold","damage_taken":11,"max_hp_gain":0,"max_hp_loss":0,"event_name":"World of Goop","floor":5,"gold_loss":0},{"damage_healed":0,"gold_gain":0,"player_choice":"Upgraded","damage_taken":0,"max_hp_gain":0,"max_hp_loss":0,"event_name":"Upgrade Shrine","floor":10,"gold_loss":0,"cards_upgraded":["Genetic Algorithm"]},{"damage_healed":0,"gold_gain":70,"player_choice":"Gained Gold","damage_taken":0,"max_hp_gain":0,"max_hp_loss":0,"event_name":"Golden Wing","floor":14,"gold_loss":0},{"damage_healed":0,"gold_gain":0,"player_choice":"Fought Bandits","damage_taken":0,"max_hp_gain":0,"max_hp_loss":0,"event_name":"Masked Bandits","floor":19,"gold_loss":0},{"damage_healed":0,"gold_gain":0,"player_choice":"2 cards matched","damage_taken":0,"max_hp_gain":0,"max_hp_loss":0,"event_name":"Match and Keep!","floor":21,"gold_loss":0,"cards_obtained":["Leap","Zap"]},{"cards_removed":["Strike_B"],"damage_healed":0,"gold_gain":0,"player_choice":"Purged","damage_taken":0,"max_hp_gain":0,"max_hp_loss":0,"event_name":"Purifier","floor":25,"gold_loss":0},{"damage_healed":0,"gold_gain":0,"player_choice":"Embrace Madness","damage_taken":9,"max_hp_gain":0,"max_hp_loss":0,"event_name":"Winding Halls","floor":39,"gold_loss":0,"cards_obtained":["Madness","Madness"]},{"damage_healed":0,"gold_gain":0,"player_choice":"Memory 1","damage_taken":0,"max_hp_gain":0,"max_hp_loss":0,"event_name":"SensoryStone","floor":41,"gold_loss":0},{"damage_healed":0,"gold_gain":0,"player_choice":"Ignored","damage_taken":0,"max_hp_gain":0,"max_hp_loss":0,"event_name":"Mysterious Sphere","floor":44,"gold_loss":0}],"is_beta":false,"boss_relics":[{"not_picked":["Empty Cage","Cursed Key"],"picked":"Ectoplasm"},{"not_picked":["Lizard Tail","Nuclear Battery"],"picked":"Busted Crown"}],"items_purged_floors":[27],"is_endless":false,"potions_floor_spawned":[1,4,12,16,19,24,28,36,38,45,47,48],"ascension_level":4}