{"gold_per_floor":[118,118,33,52,67,67,101,101,101,101,111,111,126,137,137,137],"floor_reached":16,"playtime":794,"items_purged":[],"score":179,"play_id":"9d4dc526-3867-4046-9729-3157b89f7898","local_time":"20190219234333","is_ascension_mode":true,"campfire_choices":[{"data":"Shockwave","floor":6,"key":"SMITH"},{"floor":8,"key":"REST"},{"data":"Shrug It Off","floor":10,"key":"SMITH"},{"data":"Searing Blow","floor":12,"key":"SMITH"},{"data":"Armaments","floor":15,"key":"SMITH"}],"neow_cost":"NONE","seed_source_timestamp":434457033466600,"circlet_count":0,"master_deck":["AscendersBane","Strike_R","Strike_R","Strike_R","Strike_R","Strike_R+1","Defend_R","Defend_R+1","Defend_R","Defend_R","Bash","Shrug It Off+1","Carnage","Shockwave+1","Intimidate","Searing Blow+1","Armaments+1"],"relics":["Burning Blood","Smiling Mask","Ornamental Fan","Bag of Preparation"],"potions_floor_usage":[],"damage_taken":[{"damage":18,"enemies":"Jaw Worm","floor":1,"turns":6},{"damage":4,"enemies":"2 Louse","floor":4,"turns":2},{"damage":0,"enemies":"Cultist","floor":5,"turns":3},{"damage":38,"enemies":"Lagavulin","floor":7,"turns":10},{"damage":5,"enemies":"Exordium Wildlife","floor":11,"turns":4},{"damage":0,"enemies":"Blue Slaver","floor":13,"turns":5},{"damage":13,"enemies":"Lots of Slimes","floor":14,"turns":6},{"damage":37,"enemies":"Slime Boss","floor":16,"turns":6}],"seed_played":"-7919664763392249909","potions_obtained":[{"floor":4,"key":"GamblersBrew"},{"floor":7,"key":"SpeedPotion"},{"floor":11,"key":"Swift Potion"}],"is_trial":false,"path_per_floor":["M","?","$","M","M","R","E","R","T","R","M","R","M","M","R","B"],"character_chosen":"IRONCLAD","items_purchased":["Shrug It Off","Carnage"],"campfire_rested":1,"item_purchase_floors":[3,3],"current_hp_per_floor":[56,33,33,35,41,41,9,31,31,31,32,32,38,31,31,0],"gold":137,"neow_bonus":"RANDOM_COMMON_RELIC","is_prod":false,"is_daily":false,"chose_seed":false,"campfire_upgraded":4,"win_rate":0,"timestamp":1550648613,"path_taken":["M","?","$","M","M","R","E","R","T","R","M","R","M","M","R","BOSS"],"build_version":"2019-01-23","purchased_purges":0,"victory":false,"max_hp_per_floor":[75,75,75,75,75,75,75,75,75,75,75,75,75,75,75,75],"card_choices":[{"not_picked":["Wild Strike","Reckless Charge","Blood for Blood"],"picked":"SKIP","floor":1},{"not_picked":["Twin Strike","Carnage","Heavy Blade"],"picked":"SKIP","floor":4},{"not_picked":["Body Slam","Metallicize"],"picked":"Shockwave","floor":5},{"not_picked":["Corruption","Power Through"],"picked":"Intimidate","floor":7},{"not_picked":["Hemokinesis","Flex"],"picked":"Searing Blow","floor":11},{"not_picked":["Clothesline","Pommel Strike"],"picked":"Armaments","floor":13},{"not_picked":["Sword Boomerang","Wild Strike","Flex"],"picked":"SKIP","floor":14}],"player_experience":440908,"relics_obtained":[{"floor":7,"key":"Ornamental Fan"},{"floor":9,"key":"Bag of Preparation"}],"event_choices":[{"damage_healed":0,"gold_gain":0,"player_choice":"Entered Light","damage_taken":23,"max_hp_gain":0,"max_hp_loss":0,"event_name":"Shining Light","floor":2,"gold_loss":0,"cards_upgraded":["Strike_R","Defend_R"]}],"is_beta":false,"boss_relics":[],"items_purged_floors":[],"is_endless":false,"potions_floor_spawned":[4,7,11,13],"killed_by":"Slime Boss","ascension_level":15}