{"gold_per_floor":[11,23,37,50,125,125,125,137,207,207,58,58,68,96,96,167,167,180,180,65,65,84,84,104,4,4,35,35,135,135,190,190,261,261,276,376,376,160,10,41,41,57,57,90,90,102,113,140,140,140,140,140,140,29,61,61],"floor_reached":56,"playtime":9276,"items_purged":["Strike_G","Strike_G","Defend_G","Riddle With Holes"],"score":2242,"play_id":"77d494bf-87ab-4609-9208-56bdee3d9c42","local_time":"20190122034506","is_ascension_mode":true,"campfire_choices":[{"data":"Noxious Fumes","floor":6.0,"key":"SMITH"},{"floor":10.0,"key":"REST"},{"data":"Burst","floor":12.0,"key":"SMITH"},{"data":"Well Laid Plans","floor":15.0,"key":"SMITH"},{"data":"Adrenaline","floor":23,"key":"SMITH"},{"data":"Night Terror","floor":28,"key":"SMITH"},{"data":"Leg Sweep","floor":30,"key":"SMITH"},{"data":"Deadly Poison","floor":32,"key":"SMITH"},{"data":"Bouncing Flask","floor":41,"key":"SMITH"},{"data":"Concentrate","floor":45,"key":"SMITH"},{"floor":49,"key":"RECALL"},{"floor":53,"key":"REST"}],"neow_cost":"NO_GOLD","seed_source_timestamp":0,"circlet_count":0,"master_deck":["AscendersBane","Defend_G","Defend_G","Defend_G","Defend_G+1","Survivor","Neutralize","Escape Plan","Dagger Spray","Noxious Fumes+1","Leg Sweep+1","Burst+1","Deadly Poison+1","Well Laid Plans+1","Adrenaline+1","Backflip+1","Ghostly","Ghostly","Ghostly","Catalyst+1","Concentrate+1","Night Terror+1","Leg Sweep","Acrobatics+1","Bouncing Flask+1","Backflip","Tools of the Trade"],"special_seed":0,"relics":["Ring of the Snake","Pocketwatch","Letter Opener","Bird Faced Urn","Busted Crown","Dodecahedron","Dream Catcher","Tough Bandages","Gremlin Horn","Tiny Chest","Empty Cage","Ice Cream","Anchor","Singing Bowl","War Paint","Blood Vial","Mercury Hourglass"],"potions_floor_usage":[27,55],"damage_taken":[{"damage":1.0,"enemies":"Cultist","floor":1.0,"turns":4.0},{"damage":6.0,"enemies":"Small Slimes","floor":2.0,"turns":6.0},{"damage":4.0,"enemies":"Jaw Worm","floor":3.0,"turns":4.0},{"damage":15.0,"enemies":"Exordium Thugs","floor":4.0,"turns":3.0},{"damage":3.0,"enemies":"2 Fungi Beasts","floor":8.0,"turns":3.0},{"damage":13.0,"enemies":"Exordium Wildlife","floor":13.0,"turns":6.0},{"damage":4.0,"enemies":"3 Sentries","floor":14.0,"turns":6.0},{"damage":7.0,"enemies":"The Guardian","floor":16.0,"turns":11.0},{"damage":2,"enemies":"Spheric Guardian","floor":18,"turns":5},{"damage":0,"enemies":"2 Thieves","floor":22,"turns":4},{"damage":0,"enemies":"Shelled Parasite and Fungi","floor":24,"turns":3},{"damage":5,"enemies":"Slavers","floor":27,"turns":6},{"damage":0,"enemies":"Colosseum Slavers","floor":29,"turns":6},{"damage":0,"enemies":"Colosseum Nobs","floor":29,"turns":4},{"damage":2,"enemies":"Book of Stabbing","floor":31,"turns":5},{"damage":0,"enemies":"Collector","floor":33,"turns":3},{"damage":0,"enemies":"3 Darklings","floor":35,"turns":5},{"damage":0,"enemies":"Mind Bloom Boss Battle","floor":36,"turns":8},{"damage":0,"enemies":"Reptomancer","floor":40,"turns":4},{"damage":0,"enemies":"Orb Walker","floor":42,"turns":3},{"damage":0,"enemies":"Giant Head","floor":44,"turns":5},{"damage":0,"enemies":"Maw","floor":46,"turns":3},{"damage":0,"enemies":"Transient","floor":47,"turns":5},{"damage":0,"enemies":"Nemesis","floor":48,"turns":5},{"damage":1,"enemies":"Time Eater","floor":50,"turns":4},{"damage":23,"enemies":"Awakened One","floor":51,"turns":7},{"damage":0,"enemies":"Shield and Spear","floor":55,"turns":4},{"damage":47,"enemies":"The Heart","floor":56,"turns":2}],"seed_played":"-657255235052842995","potions_obtained":[{"floor":1.0,"key":"Fire Potion"},{"floor":2.0,"key":"EntropicBrew"},{"floor":4.0,"key":"Ancient Potion"},{"floor":18,"key":"Energy Potion"},{"floor":24,"key":"Dexterity Potion"},{"floor":36,"key":"AttackPotion"},{"floor":40,"key":"Energy Potion"}],"is_trial":false,"path_per_floor":["M","M","M","M","?","R","?","M","T","R","$","R","M","E","R","B",null,"M","?","$","?","M","R","M","$","T","E","R","?","R","E","R","B",null,"M","?","T","$","$","E","R","M","T","E","R","M","M","E","R","B","B",null,"R","$","E","B"],"character_chosen":"THE_SILENT","items_purchased":["Burst","Catalyst","Bouncing Flask","Backflip","Swift Potion","Swift Potion"],"campfire_rested":2,"item_purchase_floors":[11,20,38,38,54,54],"current_hp_per_floor":[58,52,48,33,22,22,22,19,19,38,38,38,25,21,21,18,54,56,33,33,33,33,33,33,33,33,28,28,33,33,33,33,33,33,33,33,33,33,33,33,33,35,35,37,37,39,41,43,43,42,22,38,45,45,47,0],"gold":61,"neow_bonus":"ONE_RARE_RELIC","is_prod":false,"is_daily":false,"chose_seed":false,"campfire_upgraded":9,"win_rate":0,"timestamp":1548125106,"path_taken":["M","M","?","M","?","R","?","?","T","R","?","R","M","E","R","BOSS","M","?","$","?","?","R","M","?","T","E","R","?","R","E","R","BOSS","M","?","?","?","$","E","R","M","T","E","R","?","M","E","R","BOSS","BOSS","R","$","E","BOSS"],"build_version":"2019-01-17v2","purchased_purges":4,"victory":false,"max_hp_per_floor":[66,66,66,66,66,66,66,66,66,66,66,66,66,66,66,66,66,66,33,33,33,33,33,33,33,33,33,33,33,33,33,33,33,33,33,33,33,33,33,33,33,35,35,37,37,39,41,43,43,43,43,43,45,45,47,47],"card_choices":[{"not_picked":["Concentrate","Outmaneuver"],"picked":"Escape Plan","floor":1.0},{"not_picked":["Dagger Throw","Choke"],"picked":"Dagger Spray","floor":2.0},{"not_picked":["Accuracy","Dagger Throw"],"picked":"Riddle With Holes","floor":3.0},{"not_picked":["Sucker Punch","Flechettes"],"picked":"Noxious Fumes","floor":4.0},{"not_picked":["Sucker Punch","Acrobatics"],"picked":"Leg Sweep","floor":8.0},{"not_picked":["Bane","Endless Agony"],"picked":"Deadly Poison","floor":13.0},{"not_picked":["Leg Sweep","Reflex"],"picked":"Well Laid Plans","floor":14.0},{"not_picked":["Grand Finale","Wraith Form v2"],"picked":"Adrenaline","floor":16.0},{"not_picked":[],"picked":"Backflip","floor":18},{"not_picked":["Deflect"],"picked":"SKIP","floor":22},{"not_picked":[],"picked":"Concentrate","floor":24},{"not_picked":[],"picked":"Night Terror","floor":27},{"not_picked":[],"picked":"Leg Sweep","floor":29},{"not_picked":["Heel Hook"],"picked":"SKIP","floor":31},{"not_picked":["Poisoned Stab"],"picked":"SKIP","floor":35},{"not_picked":[],"picked":"Acrobatics+1","floor":36},{"not_picked":[],"picked":"Tools of the Trade","floor":40},{"not_picked":["PiercingWail+1"],"picked":"Singing Bowl","floor":42},{"not_picked":["Skewer"],"picked":"Singing Bowl","floor":44},{"not_picked":["Flying Knee+1"],"picked":"Singing Bowl","floor":46},{"not_picked":["Eviscerate"],"picked":"Singing Bowl","floor":47},{"not_picked":["Envenom"],"picked":"Singing Bowl","floor":48},{"not_picked":["Underhanded Strike"],"picked":"Singing Bowl","floor":53},{"not_picked":["Infinite Blades"],"picked":"Singing Bowl","floor":55}],"player_experience":2669021,"relics_obtained":[{"floor":9.0,"key":"Letter Opener"},{"floor":14.0,"key":"Bird Faced Urn"},{"floor":26,"key":"Dodecahedron"},{"floor":27,"key":"Dream Catcher"},{"floor":29,"key":"Tough Bandages"},{"floor":29,"key":"Gremlin Horn"},{"floor":31,"key":"Tiny Chest"},{"floor":36,"key":"Ice Cream"},{"floor":37,"key":"Anchor"},{"floor":40,"key":"Singing Bowl"},{"floor":44,"key":"War Paint"},{"floor":48,"key":"Blood Vial"},{"floor":55,"key":"Mercury Hourglass"}],"event_choices":[{"damage_healed":0.0,"max_hp_gain":0.0,"max_hp_loss":0.0,"gold_gain":75.0,"event_name":"World of Goop","player_choice":"Gather Gold","floor":5.0,"gold_loss":0.0,"damage_taken":11.0},{"cards_removed":["Strike_G"],"damage_healed":0.0,"max_hp_gain":0.0,"max_hp_loss":0.0,"gold_gain":0.0,"event_name":"Bonfire Elementals","player_choice":"Offered Basic","floor":7.0,"gold_loss":0.0,"damage_taken":0.0},{"damage_healed":0,"gold_gain":0,"player_choice":"Became a Ghost","damage_taken":0,"max_hp_gain":0,"max_hp_loss":33,"event_name":"Ghosts","floor":19,"gold_loss":0,"cards_obtained":["Ghostly","Ghostly","Ghostly"]},{"damage_healed":0,"gold_gain":0,"player_choice":"Forge","damage_taken":0,"max_hp_gain":0,"max_hp_loss":0,"event_name":"Accursed Blacksmith","floor":21,"gold_loss":0,"cards_upgraded":["Catalyst"]},{"damage_healed":0,"gold_gain":0,"player_choice":"Fight","damage_taken":0,"max_hp_gain":0,"max_hp_loss":0,"event_name":"Colosseum","floor":29,"gold_loss":0},{"damage_healed":0,"gold_gain":0,"player_choice":"Fought Nobs","damage_taken":0,"max_hp_gain":0,"max_hp_loss":0,"event_name":"Colosseum","floor":29,"gold_loss":0},{"damage_healed":0,"gold_gain":0,"player_choice":"Fight","damage_taken":0,"max_hp_gain":0,"max_hp_loss":0,"event_name":"MindBloom","floor":36,"gold_loss":0}],"is_beta":false,"boss_relics":[{"not_picked":["Astrolabe","White Beast Statue"],"picked":"Busted Crown"},{"not_picked":["Velvet Choker","WristBlade"],"picked":"Empty Cage"}],"items_purged_floors":[20,25,38,39],"is_endless":false,"potions_floor_spawned":[1,2,4,14,18,24,29,36,40,44,48],"killed_by":"The Heart","ascension_level":20}