{"gold_per_floor":[218,231,134,134,150,176,176,193,193,193,93,125,125,145,145,246,246,260,260,274,195,212,212,239,85,85,85,116,116,133,133],"floor_reached":31,"playtime":1336,"items_purged":["Strike_B","Zap"],"score":340,"play_id":"7bb6284c-14aa-44c7-ab4e-af6594db1b4f","local_time":"20190423171047","is_ascension_mode":true,"campfire_choices":[{"floor":7,"key":"REST"},{"floor":13,"key":"REST"},{"floor":15,"key":"REST"},{"data":"Redo","floor":23,"key":"SMITH"},{"floor":27,"key":"REST"}],"neow_cost":"NONE","seed_source_timestamp":820906780268586,"circlet_count":0,"master_deck":["Strike_B","Strike_B","Strike_B","Defend_B","Defend_B","Defend_B","Defend_B","Dualcast","Redo","Genetic Algorithm+1","Gash","Gash","Leap","Skim","Rainbow+1","Gash","Redo+1","Hologram","Doom and Gloom+1","Scrape"],"relics":["Cracked Core","Peace Pipe","Mercury Hourglass","Mummified Hand","Cursed Key","Lantern","PreservedInsect","Sundial"],"potions_floor_usage":[16],"damage_taken":[{"damage":7,"enemies":"Small Slimes","floor":1,"turns":4},{"damage":5,"enemies":"Cultist","floor":2,"turns":4},{"damage":4,"enemies":"2 Louse","floor":5,"turns":2},{"damage":26,"enemies":"3 Sentries","floor":6,"turns":7},{"damage":1,"enemies":"Looter","floor":8,"turns":3},{"damage":57,"enemies":"Lagavulin","floor":12,"turns":7},{"damage":6,"enemies":"Exordium Thugs","floor":14,"turns":3},{"damage":66,"enemies":"Hexaghost","floor":16,"turns":11},{"damage":11,"enemies":"Spheric Guardian","floor":18,"turns":4},{"damage":11,"enemies":"3 Byrds","floor":20,"turns":4},{"damage":11,"enemies":"Centurion and Healer","floor":22,"turns":6},{"damage":32,"enemies":"Slavers","floor":24,"turns":6},{"damage":39,"enemies":"Book of Stabbing","floor":28,"turns":5},{"damage":0,"enemies":"Snecko","floor":30,"turns":4},{"damage":18,"enemies":"Cultist and Chosen","floor":31,"turns":4}],"seed_played":"-888905871764269743","potions_obtained":[{"floor":1,"key":"Regen Potion"},{"floor":8,"key":"FearPotion"},{"floor":14,"key":"SpeedPotion"},{"floor":18,"key":"Energy Potion"}],"is_trial":false,"path_per_floor":["?","M","M","?","?","$","?"],"character_chosen":"DEFECT","items_purchased":["Gash","Self Repair","PreservedInsect"],"campfire_rested":4,"item_purchase_floors":[3,21,25],"current_hp_per_floor":[68,63,63,63,59,33,55,54,54,75,75,18,40,34,56,5,75,64,64,53,53,49,49,24,24,24,46,14,14,14,0],"gold":133,"neow_bonus":"HUNDRED_GOLD","is_prod":false,"is_daily":false,"chose_seed":false,"campfire_upgraded":1,"win_rate":0,"timestamp":1556032247,"path_taken":["M","M","$","?","?","E","R","?","T","?","$","E","R","M","R","BOSS","M","?","M","$","M","R","E","?","T","R","E","?","M","M"],"build_version":"2019-01-23","purchased_purges":2,"victory":false,"max_hp_per_floor":[75,75,75,75,75,75,75,75,75,75,75,75,75,75,75,75,75,75,75,75,75,75,75,75,75,75,75,75,75,75,75],"card_choices":[{"not_picked":["Rebound","Turbo"],"picked":"Redo","floor":1},{"not_picked":["Defragment","Double Energy"],"picked":"Genetic Algorithm","floor":2},{"not_picked":["Force Field","Capacitor"],"picked":"Gash","floor":5},{"not_picked":["Compile Driver","Genetic Algorithm","Biased Cognition"],"picked":"SKIP","floor":6},{"not_picked":["Force Field","Ball Lightning"],"picked":"Leap","floor":8},{"not_picked":["Stack","Static Discharge"],"picked":"Skim","floor":12},{"not_picked":["Barrage","Skim","Ball Lightning"],"picked":"SKIP","floor":14},{"not_picked":["Multi-Cast","Core Surge"],"picked":"Rainbow","floor":16},{"not_picked":["Static Discharge","Genetic Algorithm","Rip and Tear"],"picked":"SKIP","floor":18},{"not_picked":["Ball Lightning","Barrage"],"picked":"Gash","floor":20},{"not_picked":["Turbo","Leap"],"picked":"Redo","floor":22},{"not_picked":["Compile Driver","Fission"],"picked":"Hologram","floor":24},{"not_picked":["Lockon","Steam Power"],"picked":"Doom and Gloom+1","floor":28},{"not_picked":["White Noise+1","Gash"],"picked":"Scrape","floor":30}],"player_experience":138690,"relics_obtained":[{"floor":6,"key":"Peace Pipe"},{"floor":9,"key":"Mercury Hourglass"},{"floor":12,"key":"Mummified Hand"},{"floor":24,"key":"Lantern"},{"floor":28,"key":"Sundial"}],"event_choices":[{"damage_healed":0,"gold_gain":0,"player_choice":"Upgraded","damage_taken":0,"max_hp_gain":0,"max_hp_loss":0,"event_name":"Upgrade Shrine","floor":4,"gold_loss":0,"cards_upgraded":["Genetic Algorithm"]},{"damage_healed":25,"gold_gain":0,"player_choice":"Banana","damage_taken":0,"max_hp_gain":0,"max_hp_loss":0,"event_name":"Big Fish","floor":10,"gold_loss":0},{"damage_healed":0,"gold_gain":0,"player_choice":"Forge","damage_taken":0,"max_hp_gain":0,"max_hp_loss":0,"event_name":"Accursed Blacksmith","floor":19,"gold_loss":0,"cards_upgraded":["Rainbow"]},{"cards_removed":["Self Repair"],"damage_healed":0,"gold_gain":0,"player_choice":"Elegance","damage_taken":0,"max_hp_gain":0,"max_hp_loss":0,"event_name":"Back to Basics","floor":29,"gold_loss":0}],"is_beta":false,"boss_relics":[{"not_picked":["Ectoplasm","Velvet Choker"],"picked":"Cursed Key"}],"items_purged_floors":[3,11],"is_endless":false,"potions_floor_spawned":[1,8,14,18,20,22,24],"killed_by":"Cultist and Chosen","ascension_level":4}