{"gold_per_floor":[119,15,27,39,65,97,97,26,26,42,42,42,42,54,54,153,153,173,192,202,302,302,302,227,252,252,252,267,48,63,63,63,163,163,176,276,72,141,141,141,168,168,168,179,279,159,159,174,174,174,174,174,18,44,44],"floor_reached":56,"playtime":3081,"items_purged":["Strike_B","Strike_B","Strike_B","Strike_B"],"score":1503,"play_id":"ebb72ee1-4b97-42ae-88b9-40ac145d03ab","local_time":"20190505174236","is_ascension_mode":true,"campfire_choices":[{"data":"Defragment","floor":7,"key":"SMITH"},{"data":"Defragment","floor":11,"key":"SMITH"},{"data":"Streamline","floor":15,"key":"SMITH"},{"data":"Chill","floor":23,"key":"SMITH"},{"floor":27,"key":"REST"},{"data":"Capacitor","floor":32,"key":"SMITH"},{"data":"Defragment","floor":40,"key":"SMITH"},{"data":"Electrodynamics","floor":42,"key":"SMITH"},{"floor":47,"key":"RECALL"},{"floor":49,"key":"REST"},{"floor":52,"key":"REST"}],"neow_cost":"NONE","seed_source_timestamp":801237004300205,"circlet_count":0,"master_deck":["Defend_B","Defend_B","Defend_B","Defend_B","Zap+1","Dualcast","Streamline+1","Defragment+1","Sweeping Beam","BootSequence","Defragment+1","Machine Learning","Chill+1","Self Repair","Amplify","Reinforced Body","Coolheaded","Capacitor+1","Coolheaded","Auto Shields+1","Defragment+1","Electrodynamics+1","Hologram+1","Defragment+1","Force Field"],"relics":["FrozenCore","NeowsBlessing","Blood Vial","Cables","Velvet Choker","Girya","Blue Candle","Nilry\u0027s Codex","Dodecahedron","Centennial Puzzle","Matryoshka","Question Card","Sundial","The Courier","Ice Cream","Runic Capacitor","Ornamental Fan"],"potions_floor_usage":[14,21,21,25,45,50,50,55,55],"damage_taken":[{"damage":0,"enemies":"Cultist","floor":1,"turns":1},{"damage":0,"enemies":"Jaw Worm","floor":3,"turns":1},{"damage":0,"enemies":"Small Slimes","floor":4,"turns":1},{"damage":35,"enemies":"Gremlin Nob","floor":6,"turns":5},{"damage":0,"enemies":"Looter","floor":10,"turns":2},{"damage":6,"enemies":"3 Louse","floor":14,"turns":3},{"damage":8,"enemies":"The Guardian","floor":16,"turns":9},{"damage":6,"enemies":"3 Byrds","floor":18,"turns":6},{"damage":0,"enemies":"Chosen","floor":19,"turns":6},{"damage":6,"enemies":"Snake Plant","floor":20,"turns":6},{"damage":34,"enemies":"Colosseum Slavers","floor":21,"turns":5},{"damage":36,"enemies":"Colosseum Nobs","floor":21,"turns":6},{"damage":25,"enemies":"Book of Stabbing","floor":25,"turns":6},{"damage":16,"enemies":"Centurion and Healer","floor":28,"turns":7},{"damage":0,"enemies":"Cultist and Chosen","floor":30,"turns":7},{"damage":13,"enemies":"Collector","floor":33,"turns":10},{"damage":9,"enemies":"3 Shapes","floor":35,"turns":7},{"damage":0,"enemies":"Nemesis","floor":41,"turns":7},{"damage":15,"enemies":"3 Darklings","floor":44,"turns":5},{"damage":15,"enemies":"Mind Bloom Boss Battle","floor":45,"turns":6},{"damage":29,"enemies":"Transient","floor":48,"turns":5},{"damage":21,"enemies":"Time Eater","floor":50,"turns":12},{"damage":18,"enemies":"Shield and Spear","floor":54,"turns":7},{"damage":39,"enemies":"The Heart","floor":55,"turns":12}],"seed_played":"-7416464428266482028","potions_obtained":[{"floor":4,"key":"FocusPotion"},{"floor":6,"key":"Regen Potion"},{"floor":10,"key":"Swift Potion"},{"floor":14,"key":"Fruit Juice"},{"floor":19,"key":"Regen Potion"},{"floor":21,"key":"AttackPotion"},{"floor":30,"key":"SteroidPotion"},{"floor":33,"key":"Energy Potion"},{"floor":44,"key":"SkillPotion"},{"floor":48,"key":"AttackPotion"},{"floor":54,"key":"LiquidBronze"}],"is_trial":false,"path_per_floor":["M","T","$","M","?","?","?","?","?","?","T","?","?"],"character_chosen":"DEFECT","items_purchased":["Defragment","Sweeping Beam","Chill","Capacitor","Coolheaded","Defragment","Runic Capacitor"],"campfire_rested":3,"item_purchase_floors":[2,2,8,29,29,37,53],"current_hp_per_floor":[68,68,68,68,68,35,35,35,35,37,37,37,62,63,63,64,76,79,80,80,66,50,50,50,27,27,51,44,44,53,53,53,49,72,79,79,79,79,79,79,80,80,80,79,72,72,72,45,69,57,74,80,80,69,32],"gold":44,"neow_bonus":"THREE_ENEMY_KILL","is_prod":false,"is_daily":false,"chose_seed":false,"campfire_upgraded":7,"win_rate":0,"timestamp":1557070956,"path_taken":["M","$","?","M","?","E","R","?","T","?","R","?","?","M","R","BOSS","M","M","M","?","?","R","$","E","T","R","M","$","M","?","R","BOSS","M","?","$","?","?","R","E","R","T","M","?","$","R","M","R","BOSS","R","$","E","BOSS"],"build_version":"2019-01-23","purchased_purges":4,"victory":true,"max_hp_per_floor":[75,75,75,75,75,75,75,75,75,75,75,75,75,80,80,80,80,80,80,80,80,80,80,80,80,80,80,80,80,80,80,80,80,80,80,80,80,80,80,80,80,80,80,80,80,80,80,80,80,80,80,80,80,80,80],"card_choices":[{"not_picked":["Redo","Steam Power"],"picked":"Streamline","floor":1},{"not_picked":["Static Discharge","Sweeping Beam"],"picked":"BootSequence","floor":3},{"not_picked":["Cold Snap","Rebound"],"picked":"Defragment","floor":4},{"not_picked":["BootSequence","Recycle"],"picked":"Machine Learning","floor":6},{"not_picked":["Compile Driver","Steam","Sunder"],"picked":"SKIP","floor":10},{"not_picked":["Melter","Turbo"],"picked":"Self Repair","floor":14},{"not_picked":["Machine Learning","Buffer"],"picked":"Amplify","floor":16},{"not_picked":["Rebound","Stack"],"picked":"Reinforced Body","floor":18},{"not_picked":["Genetic Algorithm","Stack"],"picked":"Coolheaded","floor":19},{"not_picked":["Go for the Eyes","Conserve Battery","Sweeping Beam"],"picked":"SKIP","floor":20},{"not_picked":["Barrage+1","Chaos","Gash"],"picked":"SKIP","floor":25},{"not_picked":["Steam","Amplify","Undo"],"picked":"SKIP","floor":28},{"not_picked":["Steam","Aggregate+1","Auto Shields"],"picked":"SKIP","floor":30},{"not_picked":["Fusion+1","Reprogram"],"picked":"Auto Shields+1","floor":35},{"not_picked":["Double Energy","Auto Shields+1"],"picked":"Electrodynamics","floor":41},{"not_picked":["Gash+1","Leap","Sweeping Beam+1"],"picked":"Hologram+1","floor":44},{"not_picked":["Compile Driver+1","Leap","Glacier+1"],"picked":"Defragment+1","floor":45},{"not_picked":["Ball Lightning","Fusion","Sweeping Beam+1"],"picked":"Force Field","floor":48},{"not_picked":["Reprogram+1","Machine Learning","Steam","Rebound+1"],"picked":"SKIP","floor":54}],"player_experience":235713,"relics_obtained":[{"floor":5,"key":"Blood Vial"},{"floor":6,"key":"Cables"},{"floor":21,"key":"Girya"},{"floor":21,"key":"Blue Candle"},{"floor":22,"key":"Nilry\u0027s Codex"},{"floor":25,"key":"Dodecahedron"},{"floor":26,"key":"Centennial Puzzle"},{"floor":38,"key":"Matryoshka"},{"floor":41,"key":"Question Card"},{"floor":43,"key":"Sundial"},{"floor":43,"key":"The Courier"},{"floor":45,"key":"Ice Cream"},{"floor":54,"key":"Ornamental Fan"}],"event_choices":[{"damage_healed":0,"gold_gain":0,"player_choice":"Grow","damage_taken":0,"max_hp_gain":0,"max_hp_loss":0,"event_name":"Living Wall","floor":12,"gold_loss":0,"cards_upgraded":["Zap"]},{"damage_healed":25,"gold_gain":0,"player_choice":"Banana","damage_taken":0,"max_hp_gain":0,"max_hp_loss":0,"event_name":"Big Fish","floor":13,"gold_loss":0},{"damage_healed":0,"gold_gain":0,"player_choice":"Fight","damage_taken":0,"max_hp_gain":0,"max_hp_loss":0,"event_name":"Colosseum","floor":21,"gold_loss":0},{"damage_healed":0,"gold_gain":0,"player_choice":"Fought Nobs","damage_taken":0,"max_hp_gain":0,"max_hp_loss":0,"event_name":"Colosseum","floor":21,"gold_loss":0},{"damage_healed":0,"gold_gain":0,"player_choice":"Obtained Book","damage_taken":16,"max_hp_gain":0,"max_hp_loss":0,"event_name":"Cursed Tome","floor":22,"gold_loss":0},{"damage_healed":0,"gold_gain":0,"player_choice":"Ignored","damage_taken":0,"max_hp_gain":0,"max_hp_loss":0,"event_name":"Beggar","floor":31,"gold_loss":0},{"damage_healed":0,"gold_gain":100,"player_choice":"Pray","damage_taken":0,"max_hp_gain":0,"max_hp_loss":0,"event_name":"Golden Shrine","floor":36,"gold_loss":0},{"damage_healed":0,"gold_gain":0,"player_choice":"Ignored","damage_taken":0,"max_hp_gain":0,"max_hp_loss":0,"event_name":"Tomb of Lord Red Mask","floor":39,"gold_loss":0},{"damage_healed":0,"gold_gain":0,"player_choice":"Fight","damage_taken":0,"max_hp_gain":0,"max_hp_loss":0,"event_name":"MindBloom","floor":45,"gold_loss":0}],"is_beta":false,"boss_relics":[{"not_picked":["Calling Bell","Snecko Eye"],"picked":"Velvet Choker"},{"not_picked":["Eternal Feather","White Beast Statue"],"picked":"FrozenCore"}],"items_purged_floors":[24,29,37,46],"is_endless":false,"potions_floor_spawned":[4,6,10,14,19,20,21,30,33,35,44,48,54],"ascension_level":7}