{"gold_per_floor":[115,128,203,45,59,59,70,70,97,97,130,130,156,174,174,271,271,284,284,298,312,324,324,324,344,344,364,392,392,407,116,116,220,220,240,240,240,257,29,64,64,94,106,132,144,156,184,210,222,234],"floor_reached":51,"playtime":4203,"items_purged":[],"score":1127,"play_id":"7802a2a5-a7a1-48e8-b39c-ecaf157e4a5b","local_time":"20190325223202","is_ascension_mode":true,"campfire_choices":[{"data":"Darkness","floor":6.0,"key":"SMITH"},{"floor":8.0,"key":"REST"},{"data":"Defragment","floor":10.0,"key":"SMITH"},{"floor":12.0,"key":"REST"},{"data":"Chaos","floor":15.0,"key":"SMITH"},{"data":"Defragment","floor":23.0,"key":"SMITH"},{"floor":29.0,"key":"REST"},{"data":"Dualcast","floor":32.0,"key":"SMITH"},{"floor":41.0,"key":"REST"},{"data":"Zap","floor":46.0,"key":"SMITH"},{"floor":49,"key":"REST"}],"neow_cost":"NONE","seed_source_timestamp":228599258284785,"circlet_count":0,"master_deck":["AscendersBane","Zap+1","Dualcast+1","Darkness+1","Defragment+1","Conserve Battery","Defragment+1","Melter","Darkness","Chill","Chaos+1","Darkness","Buffer","Reboot","Cold Snap","Buffer","BootSequence","Rebound","Coolheaded","Reinforced Body","Coolheaded","Compile Driver","Leap+1","Rebound","Conserve Battery","Fusion+1","Static Discharge","Hologram","White Noise+1","Leap","Echo Form","Madness","Madness","Mayhem","Capacitor","Undo","Chaos+1","Hologram+1","Leap+1","Buffer"],"special_seed":0,"relics":["Cracked Core","Regal Pillow","Dream Catcher","Bronze Scales","Pear","Pandora\u0027s Box","Cables","Omamori","Emotion Chip","Sozu","Gambling Chip","MawBank","Dodecahedron"],"potions_floor_usage":[],"damage_taken":[{"damage":0.0,"enemies":"Cultist","floor":1.0,"turns":4.0},{"damage":9.0,"enemies":"Jaw Worm","floor":2.0,"turns":3.0},{"damage":0.0,"enemies":"2 Louse","floor":5.0,"turns":1.0},{"damage":30.0,"enemies":"Lots of Slimes","floor":7.0,"turns":5.0},{"damage":29.0,"enemies":"Lagavulin","floor":11.0,"turns":6.0},{"damage":11.0,"enemies":"Gremlin Nob","floor":13.0,"turns":3.0},{"damage":0.0,"enemies":"Large Slime","floor":14.0,"turns":4.0},{"damage":5.0,"enemies":"Slime Boss","floor":16.0,"turns":6.0},{"damage":0.0,"enemies":"Chosen","floor":18.0,"turns":3.0},{"damage":0.0,"enemies":"Spheric Guardian","floor":20.0,"turns":2.0},{"damage":8.0,"enemies":"Cultist and Chosen","floor":21.0,"turns":4.0},{"damage":5.0,"enemies":"Snecko","floor":22.0,"turns":5.0},{"damage":6.0,"enemies":"Snake Plant","floor":25.0,"turns":3.0},{"damage":1.0,"enemies":"Centurion and Healer","floor":27.0,"turns":5.0},{"damage":48.0,"enemies":"Gremlin Leader","floor":28.0,"turns":7.0},{"damage":5.0,"enemies":"Shelled Parasite and Fungi","floor":30.0,"turns":5.0},{"damage":5.0,"enemies":"Collector","floor":33.0,"turns":14.0},{"damage":14.0,"enemies":"3 Shapes","floor":35.0,"turns":4.0},{"damage":6.0,"enemies":"Orb Walker","floor":38.0,"turns":4.0},{"damage":23.0,"enemies":"Nemesis","floor":40.0,"turns":7.0},{"damage":10.0,"enemies":"Reptomancer","floor":42.0,"turns":7.0},{"damage":17.0,"enemies":"4 Shapes","floor":44.0,"turns":9.0},{"damage":7,"enemies":"3 Darklings","floor":47,"turns":4},{"damage":11,"enemies":"Transient","floor":48,"turns":5},{"damage":45,"enemies":"Donu and Deca","floor":50,"turns":10}],"seed_played":"284444915088031880","potions_obtained":[{"floor":1.0,"key":"PowerPotion"},{"floor":5.0,"key":"SteroidPotion"},{"floor":7.0,"key":"EssenceOfSteel"},{"floor":14.0,"key":"Weak Potion"},{"floor":20.0,"key":"Regen Potion"},{"floor":24.0,"key":"Weak Potion"},{"floor":24.0,"key":"SpeedPotion"}],"is_trial":false,"path_per_floor":["M","M","?","$","M","R","M","R","T","R","E","R","E","M","R","B",null,"M","?","M","M","M","R","?","M","T","M","E","R","M","$","R","B",null,"M","?","?","M","$","E","R","E","T","M","?","R","M","M","R","B",null],"character_chosen":"DEFECT","items_purchased":["Conserve Battery","Defragment","Melter","Emotion Chip","Mayhem","Capacitor"],"campfire_rested":5,"item_purchase_floors":[4,4,4,31,39,39],"current_hp_per_floor":[68,59,48,48,48,48,18,55,55,55,26,63,62,62,62,57,78,78,78,78,70,79,79,79,73,73,72,24,64,59,59,59,54,77,63,63,52,46,46,23,63,53,53,36,36,36,29,18,58,13],"gold":246,"neow_bonus":"RANDOM_COMMON_RELIC","is_prod":false,"is_daily":false,"chose_seed":false,"campfire_upgraded":6,"win_rate":0,"timestamp":1553578322,"path_taken":["M","?","?","$","M","R","M","R","T","R","E","R","E","M","R","BOSS","M","?","M","M","?","R","?","M","T","M","E","R","?","$","R","BOSS","M","?","?","M","$","E","R","E","T","M","?","R","M","M","R","BOSS"],"build_version":"2019-01-23","purchased_purges":0,"victory":true,"max_hp_per_floor":[75,75,75,75,75,75,75,75,75,75,75,75,85,85,85,85,85,85,85,85,85,85,85,85,85,85,85,85,85,85,85,85,85,85,85,85,85,85,85,85,85,85,85,85,85,85,85,85,85,85],"card_choices":[{"not_picked":["Compile Driver","Lockon"],"picked":"Darkness","floor":1.0},{"not_picked":["Sweeping Beam","Turbo"],"picked":"Defragment","floor":2.0},{"not_picked":["Rebound","Reprogram"],"picked":"Darkness","floor":5.0},{"not_picked":["Aggregate","Gash"],"picked":"Chill","floor":7.0},{"not_picked":["Streamline","Stack"],"picked":"Gash","floor":11.0},{"not_picked":["Coolheaded","Scrape"],"picked":"Chaos","floor":12.0},{"not_picked":["Coolheaded","Sweeping Beam"],"picked":"Darkness","floor":13.0},{"not_picked":["Steam","Reprogram"],"picked":"Buffer","floor":14.0},{"not_picked":["Multi-Cast","Meteor Strike"],"picked":"Reboot","floor":16.0},{"not_picked":["Reinforced Body+1","Rebound"],"picked":"Leap+1","floor":18.0},{"not_picked":["Coolheaded","Storm","Sweeping Beam"],"picked":"SKIP","floor":20.0},{"not_picked":["Stack","Auto Shields"],"picked":"Rebound","floor":21.0},{"not_picked":["Barrage","Blizzard"],"picked":"Conserve Battery","floor":22.0},{"not_picked":["Redo","Heatsinks"],"picked":"Fusion+1","floor":25.0},{"not_picked":["Steam","Rebound"],"picked":"Static Discharge","floor":27.0},{"not_picked":["Creative AI","Genetic Algorithm"],"picked":"Hologram","floor":28.0},{"not_picked":["Recycle","Gash"],"picked":"White Noise+1","floor":29.0},{"not_picked":["Tempest","Redo"],"picked":"Leap","floor":30.0},{"not_picked":["Machine Learning","Fission"],"picked":"Echo Form","floor":33.0},{"not_picked":["Compile Driver","Rebound","Hologram"],"picked":"SKIP","floor":35.0},{"not_picked":["Leap","Doom and Gloom","Steam"],"picked":"SKIP","floor":38.0},{"not_picked":["Redo","Cold Snap+1","Coolheaded"],"picked":"SKIP","floor":40.0},{"not_picked":["Compile Driver","Melter+1"],"picked":"Undo","floor":41.0},{"not_picked":["Barrage+1","FTL"],"picked":"Chaos+1","floor":42.0},{"not_picked":["Static Discharge+1","Capacitor"],"picked":"Hologram+1","floor":44.0},{"not_picked":["Blizzard","Barrage"],"picked":"Leap+1","floor":47},{"not_picked":["Conserve Battery","Streamline+1","Cold Snap"],"picked":"SKIP","floor":48},{"not_picked":["Redo","Beam Cell"],"picked":"Buffer","floor":49}],"player_experience":546638,"relics_obtained":[{"floor":9.0,"key":"Dream Catcher"},{"floor":11.0,"key":"Bronze Scales"},{"floor":13.0,"key":"Pear"},{"floor":26.0,"key":"Cables"},{"floor":28.0,"key":"Omamori"},{"floor":40.0,"key":"Gambling Chip"},{"floor":42.0,"key":"MawBank"},{"floor":43.0,"key":"Dodecahedron"}],"event_choices":[{"damage_healed":0.0,"max_hp_gain":0.0,"max_hp_loss":0.0,"gold_gain":75.0,"event_name":"World of Goop","player_choice":"Gather Gold","floor":3.0,"gold_loss":0.0,"damage_taken":11.0},{"cards_removed":["Gash"],"damage_healed":0.0,"max_hp_gain":0.0,"max_hp_loss":0.0,"gold_gain":0.0,"event_name":"Purifier","player_choice":"Purged","floor":19.0,"gold_loss":0.0,"damage_taken":0.0},{"damage_healed":0.0,"max_hp_gain":0.0,"max_hp_loss":0.0,"gold_gain":0.0,"event_name":"Lab","player_choice":"Got Potions","floor":24.0,"gold_loss":0.0,"damage_taken":0.0},{"damage_healed":0.0,"max_hp_gain":0.0,"max_hp_loss":0.0,"gold_gain":0.0,"event_name":"Tomb of Lord Red Mask","player_choice":"Ignored","floor":36.0,"gold_loss":0.0,"damage_taken":0.0},{"damage_healed":0.0,"max_hp_gain":0.0,"max_hp_loss":0.0,"gold_gain":0.0,"event_name":"Winding Halls","player_choice":"Embrace Madness","floor":37.0,"gold_loss":0.0,"damage_taken":11.0,"cards_obtained":["Madness","Madness"]},{"damage_healed":0.0,"max_hp_gain":0.0,"max_hp_loss":0.0,"gold_gain":0.0,"event_name":"Mysterious Sphere","player_choice":"Ignored","floor":45.0,"gold_loss":0.0,"damage_taken":0.0}],"is_beta":false,"boss_relics":[{"not_picked":["Inserter","Runic Dome"],"picked":"Pandora\u0027s Box"},{"not_picked":["Fusion Hammer","White Beast Statue"],"picked":"Sozu"}],"items_purged_floors":[],"is_endless":false,"potions_floor_spawned":[1,5,7,14,20,21,38,40,44,48],"ascension_level":12}