{"gold_per_floor":[112,112,112,127,15,15,15,31,108,137,137,147,147,179,179,274,274,289,204,303,303,317,317,345,359,359,373,387,387,405,430,430,533,533,550,567,249,261,261,261,288,288,288,304,332,332,362,9,9,9,9,9,9,38,38],"floor_reached":55,"playtime":2433,"items_purged":["Strike_B","Writhe"],"score":1035,"play_id":"62cacde4-34ba-40b8-b9ad-06d4745ffde1","local_time":"20190501112244","is_ascension_mode":true,"campfire_choices":[{"data":"1","floor":6.0,"key":"LIFT"},{"data":"2","floor":11.0,"key":"LIFT"},{"data":"3","floor":13.0,"key":"LIFT"},{"data":"Zap","floor":15.0,"key":"SMITH"},{"data":"Coolheaded","floor":23.0,"key":"SMITH"},{"floor":29.0,"key":"REST"},{"data":"Ball Lightning","floor":32.0,"key":"SMITH"},{"data":"Defragment","floor":40.0,"key":"SMITH"},{"data":"Scrape","floor":42.0,"key":"SMITH"},{"floor":49.0,"key":"RECALL"},{"floor":52.0,"key":"REST"}],"neow_cost":"NONE","seed_source_timestamp":433306912971889,"circlet_count":0,"master_deck":["Strike_B","Strike_B","Defend_B","Defend_B","Defend_B","Defend_B","Zap+1","Dualcast","Cold Snap","Go for the Eyes","Chill","Seek","Coolheaded+1","Electrodynamics","Ball Lightning+1","Coolheaded","Coolheaded","Self Repair+1","Ball Lightning","Reinforced Body","Ball Lightning","Reboot","Go for the Eyes+1","Defragment+1","Panache","Rebound+1","Scrape+1","Defragment+1","Fusion+1"],"special_seed":0,"relics":["Cracked Core","Dream Catcher","Kunai","Girya","Gremlin Horn","Smiling Mask","Bag of Preparation","Cursed Key","Vajra","Bottled Flame","FossilizedHelix","Busted Crown","Potion Belt","Blue Candle","Anchor","DataDisk","DollysMirror","Dodecahedron"],"potions_floor_usage":[54],"damage_taken":[{"damage":1.0,"enemies":"Cultist","floor":1.0,"turns":3.0},{"damage":2.0,"enemies":"Jaw Worm","floor":4.0,"turns":3.0},{"damage":0.0,"enemies":"2 Louse","floor":8.0,"turns":2.0},{"damage":13.0,"enemies":"Lagavulin","floor":10.0,"turns":7.0},{"damage":1.0,"enemies":"Large Slime","floor":12.0,"turns":4.0},{"damage":6.0,"enemies":"Gremlin Nob","floor":14.0,"turns":3.0},{"damage":12.0,"enemies":"Slime Boss","floor":16.0,"turns":15.0},{"damage":0.0,"enemies":"3 Byrds","floor":18.0,"turns":1.0},{"damage":0.0,"enemies":"Chosen","floor":22.0,"turns":3.0},{"damage":0.0,"enemies":"Gremlin Leader","floor":24.0,"turns":3.0},{"damage":11.0,"enemies":"Centurion and Healer","floor":25.0,"turns":3.0},{"damage":18.0,"enemies":"Snecko","floor":27.0,"turns":6.0},{"damage":15.0,"enemies":"Sentry and Sphere","floor":28.0,"turns":4.0},{"damage":4.0,"enemies":"Centurion and Healer","floor":30.0,"turns":6.0},{"damage":0.0,"enemies":"Book of Stabbing","floor":31.0,"turns":6.0},{"damage":45.0,"enemies":"Automaton","floor":33.0,"turns":9.0},{"damage":10.0,"enemies":"3 Darklings","floor":35.0,"turns":3.0},{"damage":0.0,"enemies":"Orb Walker","floor":36.0,"turns":2.0},{"damage":0.0,"enemies":"4 Shapes","floor":38.0,"turns":1.0},{"damage":24.0,"enemies":"Nemesis","floor":41.0,"turns":7.0},{"damage":0.0,"enemies":"3 Darklings","floor":44.0,"turns":3.0},{"damage":0.0,"enemies":"Giant Head","floor":45.0,"turns":8.0},{"damage":31.0,"enemies":"Nemesis","floor":47.0,"turns":7.0},{"damage":32.0,"enemies":"Donu and Deca","floor":50.0,"turns":7.0},{"damage":65,"enemies":"Shield and Spear","floor":54,"turns":6},{"damage":11,"enemies":"The Heart","floor":55,"turns":2}],"seed_played":"8838252963741762701","potions_obtained":[{"floor":1.0,"key":"FocusPotion"},{"floor":10.0,"key":"FearPotion"},{"floor":12.0,"key":"FearPotion"},{"floor":14.0,"key":"Strength Potion"},{"floor":18.0,"key":"Explosive Potion"},{"floor":27.0,"key":"Weak Potion"},{"floor":28.0,"key":"PowerPotion"},{"floor":35.0,"key":"SkillPotion"},{"floor":44.0,"key":"LiquidBronze"},{"floor":45.0,"key":"SteroidPotion"},{"floor":47.0,"key":"Fire Potion"}],"is_trial":false,"path_per_floor":["T","?","?","?","?","M","?","?"],"character_chosen":"DEFECT","items_purchased":["Chill","Defragment","Panache","DataDisk","DollysMirror"],"campfire_rested":2,"item_purchase_floors":[5,37,37,48,48],"current_hp_per_floor":[74,74,67,65,65,65,65,65,65,52,52,51,51,45,45,33,65,65,65,65,65,65,65,65,54,54,46,41,63,69,75,75,40,66,66,75,75,75,75,75,61,61,61,71,75,75,54,54,54,32,64,75,75,10,0],"gold":38,"neow_bonus":"RANDOM_COMMON_RELIC","is_prod":false,"is_daily":false,"chose_seed":false,"campfire_upgraded":5,"win_rate":0,"timestamp":1556702564,"path_taken":["M","?","?","M","$","R","$","M","T","E","R","M","R","E","R","BOSS","M","?","?","?","?","R","E","M","T","M","M","R","M","E","R","BOSS","M","M","$","M","?","R","E","R","T","M","E","?","E","$","R","BOSS","R","$","E","BOSS"],"build_version":"2019-01-23","purchased_purges":2,"victory":false,"max_hp_per_floor":[75,75,75,75,75,75,75,75,75,75,75,75,75,75,75,75,75,75,75,75,75,75,75,75,75,75,75,75,75,75,75,75,75,75,75,75,75,75,75,75,75,75,75,75,75,75,75,75,75,75,75,75,75,75,75],"card_choices":[{"not_picked":["Force Field","Streamline"],"picked":"Cold Snap","floor":1.0},{"not_picked":["Force Field","Consume"],"picked":"Go for the Eyes","floor":4.0},{"not_picked":["Turbo","Force Field","Static Discharge"],"picked":"SKIP","floor":8.0},{"not_picked":["Redo","Scrape"],"picked":"Seek","floor":10.0},{"not_picked":["Leap","Aggregate"],"picked":"Coolheaded","floor":12.0},{"not_picked":["Stack","Rainbow","Steam"],"picked":"SKIP","floor":14.0},{"not_picked":["Amplify","Multi-Cast"],"picked":"Electrodynamics","floor":16.0},{"not_picked":["Barrage","Turbo"],"picked":"Ball Lightning","floor":18.0},{"not_picked":["Steam Power","Hologram"],"picked":"Coolheaded","floor":22.0},{"not_picked":["Sweeping Beam+1","Beam Cell"],"picked":"Coolheaded","floor":24.0},{"not_picked":["Turbo","Force Field"],"picked":"Self Repair+1","floor":25.0},{"not_picked":["Streamline","Sweeping Beam"],"picked":"Conserve Battery","floor":27.0},{"not_picked":["Steam","Redo"],"picked":"Ball Lightning","floor":28.0},{"not_picked":["Amplify","Steam"],"picked":"Reinforced Body","floor":29.0},{"not_picked":["Compile Driver","Glacier","Beam Cell"],"picked":"SKIP","floor":30.0},{"not_picked":["Fission","Darkness+1"],"picked":"Ball Lightning","floor":31.0},{"not_picked":["Amplify","Rainbow"],"picked":"Reboot","floor":33.0},{"not_picked":["Steam+1"],"picked":"SKIP","floor":35.0},{"not_picked":[],"picked":"Go for the Eyes+1","floor":36.0},{"not_picked":[],"picked":"Rebound+1","floor":38.0},{"not_picked":[],"picked":"Scrape","floor":41.0},{"not_picked":["Barrage"],"picked":"SKIP","floor":44.0},{"not_picked":["Electrodynamics"],"picked":"SKIP","floor":45.0},{"not_picked":["Fusion"],"picked":"SKIP","floor":47.0},{"not_picked":[],"picked":"Fusion+1","floor":52.0},{"not_picked":["Rebound"],"picked":"SKIP","floor":54}],"player_experience":196885,"relics_obtained":[{"floor":2.0,"key":"Kunai"},{"floor":9.0,"key":"Gremlin Horn"},{"floor":10.0,"key":"Smiling Mask"},{"floor":14.0,"key":"Bag of Preparation"},{"floor":24.0,"key":"Bottled Flame"},{"floor":31.0,"key":"FossilizedHelix"},{"floor":41.0,"key":"Potion Belt"},{"floor":45.0,"key":"Blue Candle"},{"floor":47.0,"key":"Anchor"},{"floor":54,"key":"Dodecahedron"}],"event_choices":[{"damage_healed":0.0,"max_hp_gain":0.0,"max_hp_loss":0.0,"gold_gain":0.0,"event_name":"Scrap Ooze","player_choice":"Success","floor":3.0,"gold_loss":0.0,"damage_taken":7.0,"relics_obtained":["Girya"]},{"damage_healed":0.0,"max_hp_gain":0.0,"max_hp_loss":0.0,"gold_gain":0.0,"event_name":"Addict","player_choice":"Obtained Relic","floor":19.0,"gold_loss":85.0,"damage_taken":0.0,"relics_obtained":["Vajra"]},{"damage_healed":0.0,"max_hp_gain":0.0,"max_hp_loss":0.0,"gold_gain":99.0,"event_name":"Nest","player_choice":"Stole From Cult","floor":20.0,"gold_loss":0.0,"damage_taken":0.0},{"cards_removed":["Strike_B"],"damage_healed":0.0,"max_hp_gain":0.0,"max_hp_loss":0.0,"gold_gain":0.0,"event_name":"Back to Basics","player_choice":"Elegance","floor":21.0,"gold_loss":0.0,"damage_taken":0.0},{"damage_healed":0.0,"max_hp_gain":0.0,"max_hp_loss":0.0,"gold_gain":0.0,"event_name":"Tomb of Lord Red Mask","player_choice":"Ignored","floor":39.0,"gold_loss":0.0,"damage_taken":0.0},{"cards_removed":["Conserve Battery"],"damage_healed":0.0,"max_hp_gain":0.0,"max_hp_loss":0.0,"gold_gain":0.0,"event_name":"Falling","player_choice":"Removed Skill","floor":46.0,"gold_loss":0.0,"damage_taken":0.0}],"is_beta":false,"boss_relics":[{"not_picked":["Fusion Hammer","Black Star"],"picked":"Cursed Key"},{"not_picked":["Sozu","Runic Pyramid"],"picked":"Busted Crown"}],"items_purged_floors":[5,37],"is_endless":false,"potions_floor_spawned":[1,10,12,14,18,27,28,35,44,45,47],"killed_by":"The Heart","ascension_level":5}