{"gold_per_floor":[116,43,118,118,133,18,18,30,30,44,44,44,79,89,89,192,192,204,222,222,222],"floor_reached":21,"playtime":955,"items_purged":["Decay"],"score":215,"play_id":"45ca20f8-eefd-4119-a96d-8c3eac88cf28","local_time":"20190422060118","is_ascension_mode":true,"campfire_choices":[{"data":"Malaise","floor":7,"key":"SMITH"},{"data":"Caltrops","floor":12,"key":"SMITH"},{"data":"Footwork","floor":15,"key":"SMITH"}],"neow_cost":"CURSE","seed_source_timestamp":694695628164803,"circlet_count":0,"master_deck":["Defend_G","Defend_G","Defend_G","Defend_G+1","Defend_G","Strike_G","Strike_G","Strike_G","Strike_G","Strike_G","Survivor","Neutralize","Malaise+1","Flying Knee+1","Footwork+1","Caltrops+1","Footwork","Deflect","Skewer","Burst","PiercingWail+1","Noxious Fumes"],"special_seed":0,"relics":["Ring of the Snake","Ornamental Fan","Snake Skull","HoveringKite"],"potions_floor_usage":[13,16,21],"damage_taken":[{"damage":0.0,"enemies":"Cultist","floor":1.0,"turns":4.0},{"damage":2,"enemies":"2 Louse","floor":5,"turns":3},{"damage":0,"enemies":"Jaw Worm","floor":8,"turns":5},{"damage":0,"enemies":"Blue Slaver","floor":10,"turns":6},{"damage":2,"enemies":"Gremlin Nob","floor":13,"turns":5},{"damage":5,"enemies":"2 Fungi Beasts","floor":14,"turns":4},{"damage":1,"enemies":"Hexaghost","floor":16,"turns":10},{"damage":7,"enemies":"Chosen","floor":18,"turns":6},{"damage":36,"enemies":"Spheric Guardian","floor":19,"turns":13},{"damage":34,"enemies":"Masked Bandits","floor":21,"turns":3}],"seed_played":"4264762182662548595","potions_obtained":[{"floor":8,"key":"SteroidPotion"},{"floor":10,"key":"Poison Potion"},{"floor":13,"key":"PowerPotion"}],"is_trial":false,"path_per_floor":["?","?","$","?"],"character_chosen":"THE_SILENT","items_purchased":["Footwork","Caltrops"],"campfire_rested":0,"item_purchase_floors":[2,6],"current_hp_per_floor":[70,70,59,45,43,43,43,43,43,43,43,43,41,36,36,35,70,63,27,27,0],"gold":222,"neow_bonus":"THREE_RARE_CARDS","is_prod":false,"is_daily":false,"chose_seed":false,"campfire_upgraded":3,"win_rate":0,"timestamp":1555905678,"path_taken":["M","$","?","?","M","$","R","M","T","M","?","R","E","M","R","BOSS","M","M","$","?"],"build_version":"2019-01-23","purchased_purges":1,"victory":false,"max_hp_per_floor":[70,70,70,70,70,70,70,70,70,70,70,70,70,70,70,70,70,70,70,70,70],"card_choices":[{"not_picked":["Adrenaline","Doppelganger"],"picked":"Malaise","floor":0.0},{"not_picked":["Escape Plan","Sucker Punch"],"picked":"Flying Knee","floor":1.0},{"not_picked":["Reflex","Blade Dance","All Out Attack"],"picked":"SKIP","floor":5},{"not_picked":["Predator","Calculated Gamble"],"picked":"Footwork","floor":8},{"not_picked":["Quick Slash","Bane"],"picked":"Deflect","floor":10},{"not_picked":["Concentrate","Acrobatics","Finisher"],"picked":"SKIP","floor":13},{"not_picked":["Deadly Poison","Bouncing Flask"],"picked":"Skewer","floor":14},{"not_picked":["Envenom","Venomology"],"picked":"Burst","floor":16},{"not_picked":["Prepared","Flying Knee"],"picked":"PiercingWail+1","floor":18},{"not_picked":["Prepared+1","Outmaneuver+1"],"picked":"Noxious Fumes","floor":19}],"player_experience":135662,"relics_obtained":[{"floor":9,"key":"Ornamental Fan"},{"floor":13,"key":"Snake Skull"}],"event_choices":[{"damage_healed":0,"gold_gain":75,"player_choice":"Gather Gold","damage_taken":11,"max_hp_gain":0,"max_hp_loss":0,"event_name":"World of Goop","floor":3,"gold_loss":0},{"damage_healed":0,"gold_gain":0,"player_choice":"Entered Light","damage_taken":14,"max_hp_gain":0,"max_hp_loss":0,"event_name":"Shining Light","floor":4,"gold_loss":0,"cards_upgraded":["Defend_G","Flying Knee"]},{"damage_healed":0,"gold_gain":0,"player_choice":"Fought Bandits","damage_taken":0,"max_hp_gain":0,"max_hp_loss":0,"event_name":"Masked Bandits","floor":21,"gold_loss":0}],"is_beta":false,"boss_relics":[{"not_picked":["Snecko Eye","Calling Bell"],"picked":"HoveringKite"}],"items_purged_floors":[6],"is_endless":false,"potions_floor_spawned":[8,10,13],"killed_by":"Masked Bandits","ascension_level":4}