{"gold_per_floor":[117,117,128,128,128,128,168,168,216,241,255,255,86,127,127,127],"floor_reached":16,"playtime":1302,"items_purged":["Regret"],"score":266,"play_id":"9c74b4d1-d7b9-42d9-8a08-218992aad316","local_time":"20190315054528","is_ascension_mode":true,"campfire_choices":[{"data":"Neutralize","floor":6,"key":"SMITH"},{"data":"Neutralize","floor":8,"key":"SMITH"},{"data":"Dagger Spray","floor":12,"key":"SMITH"},{"data":"Footwork","floor":15,"key":"SMITH"}],"neow_cost":"NONE","seed_source_timestamp":105552634667251,"circlet_count":0,"master_deck":["AscendersBane","Defend_G","Defend_G","Defend_G","Defend_G","Defend_G","Strike_G","Strike_G","Strike_G","Strike_G","Strike_G","Survivor","Neutralize+1","All Out Attack","Distraction","Backflip","Neutralize+1","Backflip","Dagger Spray+1","Footwork+1","Flying Knee"],"relics":["Ring of the Snake","NeowsBlessing","Strawberry","Golden Idol","Singing Bowl","Omamori","Du-Vu Doll"],"potions_floor_usage":[14,16,16],"damage_taken":[{"damage":0,"enemies":"Jaw Worm","floor":1,"turns":1},{"damage":0,"enemies":"2 Louse","floor":3,"turns":1},{"damage":0,"enemies":"Lagavulin","floor":7,"turns":1},{"damage":0,"enemies":"Cultist","floor":10,"turns":4},{"damage":6,"enemies":"Looter","floor":11,"turns":5},{"damage":2,"enemies":"3 Sentries","floor":14,"turns":5},{"damage":63,"enemies":"Hexaghost","floor":16,"turns":16}],"seed_played":"-3408981193918914448","potions_obtained":[{"floor":1,"key":"GhostInAJar"},{"floor":3,"key":"Strength Potion"},{"floor":11,"key":"Energy Potion"},{"floor":14,"key":"SneckoOil"}],"is_trial":false,"path_per_floor":["M","?","M","?","?","R","E","R","T","M","M","R","$","E","R","B"],"character_chosen":"THE_SILENT","items_purchased":["Footwork","Flying Knee"],"campfire_rested":0,"item_purchase_floors":[13,13],"current_hp_per_floor":[59,66,66,66,66,66,68,68,68,68,62,62,62,62,62,0],"gold":127,"neow_bonus":"THREE_ENEMY_KILL","is_prod":false,"is_daily":false,"chose_seed":false,"campfire_upgraded":4,"win_rate":0,"timestamp":1552625128,"path_taken":["M","?","M","?","?","R","E","R","T","M","?","R","$","E","R","BOSS"],"build_version":"2019-01-23","purchased_purges":1,"victory":false,"max_hp_per_floor":[66,73,73,66,66,66,68,68,68,68,68,68,68,70,70,70],"card_choices":[{"not_picked":["Backflip","Distraction"],"picked":"All Out Attack","floor":1},{"not_picked":["Acrobatics","All Out Attack"],"picked":"Distraction","floor":3},{"not_picked":["Slice","Phantasmal Killer","Endless Agony"],"picked":"Singing Bowl","floor":7},{"not_picked":["Predator","Dagger Throw"],"picked":"Backflip","floor":10},{"not_picked":["Underhanded Strike","Blade Dance"],"picked":"Dagger Spray","floor":11},{"not_picked":["Flechettes","Concentrate","Bane"],"picked":"Singing Bowl","floor":14}],"player_experience":2917454,"relics_obtained":[{"floor":7,"key":"Singing Bowl"},{"floor":9,"key":"Omamori"},{"floor":14,"key":"Du-Vu Doll"}],"event_choices":[{"damage_healed":0,"gold_gain":0,"player_choice":"Box","damage_taken":0,"relics_obtained":["Strawberry"],"max_hp_gain":0,"max_hp_loss":0,"event_name":"Big Fish","floor":2,"gold_loss":0,"cards_obtained":["Regret"]},{"damage_healed":0,"gold_gain":0,"player_choice":"Lose Max HP","damage_taken":0,"relics_obtained":["Golden Idol"],"max_hp_gain":0,"max_hp_loss":7,"event_name":"Golden Idol","floor":4,"gold_loss":0},{"damage_healed":0,"gold_gain":0,"player_choice":"2 cards matched","damage_taken":0,"max_hp_gain":0,"max_hp_loss":0,"event_name":"Match and Keep!","floor":5,"gold_loss":0,"cards_obtained":["Backflip","Neutralize"]}],"is_beta":false,"boss_relics":[],"items_purged_floors":[13],"is_endless":false,"potions_floor_spawned":[1,3,11,14],"killed_by":"Hexaghost","ascension_level":20}