{"gold_per_floor":[116,116,0,0,23,56,72,72,118,118,152,94,107,122,122,215,215,234,184,204,204,104,118,118,142,142,142,56,89,103,121,121,217,217,233,249,199,14,37,37,53,53,99,99,112,135,149,184,184,184],"floor_reached":50,"playtime":6152,"items_purged":["Injury","Strike_G"],"score":1137,"play_id":"2004edf0-49c3-4782-996d-eea333d1e383","local_time":"20190213133129","is_ascension_mode":true,"campfire_choices":[{"data":"Neutralize","floor":8,"key":"SMITH"},{"data":"Burst","floor":15,"key":"SMITH"},{"data":"Catalyst","floor":24,"key":"SMITH"},{"data":"A Thousand Cuts","floor":27,"key":"SMITH"},{"data":"Backflip","floor":32,"key":"SMITH"},{"floor":40,"key":"REST"},{"floor":42,"key":"REST"},{"floor":44,"key":"RECALL"},{"floor":49,"key":"REST"}],"neow_cost":"NONE","seed_source_timestamp":7335988049155,"circlet_count":0,"master_deck":["AscendersBane","Defend_G","Defend_G","Defend_G","Defend_G","Defend_G+1","Strike_G","Strike_G","Strike_G","Strike_G","Survivor","Neutralize+1","Cloak And Dagger","Noxious Fumes+1","Calculated Gamble","Sucker Punch","Burst+1","Dagger Spray","Blur","Dash+1","Backflip+1","After Image","Catalyst+1","Bane+1","Sucker Punch+1","Skewer+1","A Thousand Cuts+1","Deadly Poison+1","PiercingWail","Predator+1","Backflip","After Image","Dash+1","Riddle With Holes+1","Caltrops","Caltrops","Deadly Poison+1","Predator+1","Blur"],"relics":["Ring of the Snake","NeowsBlessing","Golden Idol","Orichalcum","Dream Catcher","Mummified Hand","Molten Egg 2","Velvet Choker","Paper Crane","Bag of Marbles","Fusion Hammer","Regal Pillow","Dodecahedron"],"potions_floor_usage":[7,11,16,16,20,31,33,41],"damage_taken":[{"damage":0,"enemies":"Cultist","floor":1,"turns":1},{"damage":0,"enemies":"Small Slimes","floor":5,"turns":1},{"damage":0,"enemies":"Lagavulin","floor":6,"turns":1},{"damage":2,"enemies":"Jaw Worm","floor":7,"turns":5},{"damage":18,"enemies":"3 Sentries","floor":11,"turns":8},{"damage":0,"enemies":"2 Fungi Beasts","floor":13,"turns":3},{"damage":0,"enemies":"Red Slaver","floor":14,"turns":4},{"damage":3,"enemies":"The Guardian","floor":16,"turns":11},{"damage":16,"enemies":"Spheric Guardian","floor":18,"turns":7},{"damage":1,"enemies":"Chosen","floor":20,"turns":6},{"damage":19,"enemies":"Snake Plant","floor":23,"turns":6},{"damage":1,"enemies":"Centurion and Healer","floor":25,"turns":7},{"damage":2,"enemies":"Book of Stabbing","floor":29,"turns":4},{"damage":0,"enemies":"Snecko","floor":30,"turns":4},{"damage":1,"enemies":"Sentry and Sphere","floor":31,"turns":4},{"damage":17,"enemies":"Automaton","floor":33,"turns":10},{"damage":9,"enemies":"3 Shapes","floor":35,"turns":4},{"damage":14,"enemies":"3 Darklings","floor":36,"turns":8},{"damage":13,"enemies":"Maw","floor":39,"turns":8},{"damage":6,"enemies":"Jaw Worm Horde","floor":41,"turns":3},{"damage":1,"enemies":"4 Shapes","floor":45,"turns":8},{"damage":0,"enemies":"Maw","floor":46,"turns":7},{"damage":12,"enemies":"Transient","floor":47,"turns":6},{"damage":34,"enemies":"Reptomancer","floor":48,"turns":6},{"damage":46,"enemies":"Time Eater","floor":50,"turns":5}],"seed_played":"4134099317977610567","potions_obtained":[{"floor":1,"key":"Weak Potion"},{"floor":6,"key":"PowerPotion"},{"floor":7,"key":"Swift Potion"},{"floor":13,"key":"GhostInAJar"},{"floor":16,"key":"SpeedPotion"},{"floor":25,"key":"Block Potion"},{"floor":29,"key":"SkillPotion"},{"floor":30,"key":"Regen Potion"},{"floor":39,"key":"SteroidPotion"},{"floor":45,"key":"Strength Potion"},{"floor":46,"key":"Ancient Potion"}],"is_trial":false,"path_per_floor":["M","?","$","?","M","E","M","R","T","T","E","?","M","M","R","B",null,"M","?","M","?","$","M","R","M","T","R","$","E","M","M","R","B",null,"M","M","?","$","M","R","M","R","T","R","M","M","M","E","R","B"],"character_chosen":"THE_SILENT","items_purchased":["Noxious Fumes","Calculated Gamble","Sucker Punch+1","Deadly Poison","PiercingWail","Caltrops"],"campfire_rested":3,"item_purchase_floors":[3,3,22,28,28,38],"current_hp_per_floor":[59,59,59,59,59,59,57,57,57,57,39,39,39,39,39,36,59,43,43,42,55,55,36,36,35,35,35,35,33,33,46,46,29,57,48,34,34,34,21,40,34,53,53,53,52,52,40,6,40,0],"gold":184,"neow_bonus":"THREE_ENEMY_KILL","is_prod":false,"is_daily":false,"chose_seed":false,"campfire_upgraded":5,"win_rate":0,"timestamp":1550061089,"path_taken":["M","?","$","?","M","E","M","R","T","?","E","?","M","?","R","BOSS","M","?","?","?","?","?","R","M","T","R","$","E","M","?","R","BOSS","M","M","?","$","M","R","?","R","T","R","M","M","M","E","R","BOSS"],"build_version":"2019-01-23","purchased_purges":2,"victory":false,"max_hp_per_floor":[66,66,66,66,66,66,66,66,66,66,66,66,66,66,66,66,66,66,66,66,66,66,66,66,66,66,66,66,66,66,66,66,66,66,66,66,66,66,66,66,66,66,66,66,66,66,66,66,66,66],"card_choices":[{"not_picked":["Infinite Blades","Tactician"],"picked":"Cloak And Dagger","floor":1},{"not_picked":["Tactician","Underhanded Strike"],"picked":"Sucker Punch","floor":5},{"not_picked":["Cloak And Dagger","Poisoned Stab"],"picked":"Burst","floor":6},{"not_picked":["Flying Knee","Deadly Poison"],"picked":"Dagger Spray","floor":7},{"not_picked":["Grand Finale","A Thousand Cuts"],"picked":"Blur","floor":11},{"not_picked":["Riddle With Holes+1","Concentrate"],"picked":"Dash+1","floor":13},{"not_picked":["Cloak And Dagger","Outmaneuver"],"picked":"Backflip","floor":14},{"not_picked":["Tools of the Trade","Envenom"],"picked":"After Image","floor":16},{"not_picked":["Underhanded Strike+1","Dagger Throw+1"],"picked":"Catalyst","floor":18},{"not_picked":["Flying Knee+1","Blade Dance"],"picked":"Bane+1","floor":20},{"not_picked":["Poisoned Stab+1","Backflip"],"picked":"Skewer+1","floor":23},{"not_picked":["Sucker Punch+1","Deflect"],"picked":"A Thousand Cuts","floor":25},{"not_picked":["Blade Dance","Slice+1"],"picked":"Predator+1","floor":29},{"not_picked":["Calculated Gamble","Choke+1","Deflect"],"picked":"SKIP","floor":30},{"not_picked":["Bane+1","Quick Slash+1"],"picked":"Backflip","floor":31},{"not_picked":["Venomology","Doppelganger"],"picked":"After Image","floor":33},{"not_picked":["Calculated Gamble+1","Flying Knee+1"],"picked":"Dash+1","floor":35},{"not_picked":["Slice+1","Deflect"],"picked":"Riddle With Holes+1","floor":36},{"not_picked":["Blade Dance","Calculated Gamble"],"picked":"Caltrops","floor":39},{"not_picked":["Quick Slash+1","Backflip"],"picked":"Deadly Poison+1","floor":41},{"not_picked":["Backstab+1","Slice+1","Tactician"],"picked":"SKIP","floor":45},{"not_picked":["Concentrate","Dagger Spray+1"],"picked":"Predator+1","floor":46},{"not_picked":["Slice+1","Blade Dance"],"picked":"Blur","floor":47},{"not_picked":["Bane+1","A Thousand Cuts","Quick Slash+1"],"picked":"SKIP","floor":48}],"player_experience":2768665,"relics_obtained":[{"floor":6,"key":"Orichalcum"},{"floor":9,"key":"Dream Catcher"},{"floor":11,"key":"Mummified Hand"},{"floor":26,"key":"Paper Crane"},{"floor":29,"key":"Bag of Marbles"},{"floor":43,"key":"Regal Pillow"},{"floor":48,"key":"Dodecahedron"}],"event_choices":[{"damage_healed":0,"gold_gain":0,"player_choice":"Take Wound","damage_taken":0,"relics_obtained":["Golden Idol"],"max_hp_gain":0,"max_hp_loss":0,"event_name":"Golden Idol","floor":2,"gold_loss":0,"cards_obtained":["Injury"]},{"damage_healed":0,"gold_gain":0,"player_choice":"Grow","damage_taken":0,"max_hp_gain":0,"max_hp_loss":0,"event_name":"Living Wall","floor":4,"gold_loss":0,"cards_upgraded":["Noxious Fumes"]},{"damage_healed":0,"gold_gain":0,"player_choice":"Paid Gold","damage_taken":0,"relics_obtained":["Molten Egg 2"],"max_hp_gain":0,"max_hp_loss":0,"event_name":"WeMeetAgain","floor":12,"gold_loss":58},{"damage_healed":0,"gold_gain":0,"player_choice":"Bet on Murderer","damage_taken":0,"max_hp_gain":0,"max_hp_loss":0,"event_name":"The Joust","floor":19,"gold_loss":50},{"damage_healed":13,"gold_gain":0,"player_choice":"Heal","damage_taken":0,"max_hp_gain":0,"max_hp_loss":0,"event_name":"The Library","floor":21,"gold_loss":0},{"damage_healed":0,"gold_gain":0,"player_choice":"Upgraded Two","damage_taken":0,"max_hp_gain":0,"max_hp_loss":0,"event_name":"Designer","floor":37,"gold_loss":50,"cards_upgraded":["Deadly Poison","Defend_G"]}],"is_beta":false,"boss_relics":[{"not_picked":["White Beast Statue","Ring of the Serpent"],"picked":"Velvet Choker"},{"not_picked":["Snecko Eye","Philosopher\u0027s Stone"],"picked":"Fusion Hammer"}],"items_purged_floors":[22,38],"is_endless":false,"potions_floor_spawned":[1,6,7,13,14,16,25,29,30,39,45,46],"killed_by":"Time Eater","ascension_level":20}