{"gold_per_floor":[115,115,135,60,79,79,79],"floor_reached":7,"playtime":825,"items_purged":[],"score":82,"play_id":"92e9c1c9-5187-4ba1-b7aa-3c8c9f81f420","local_time":"20190209100158","is_ascension_mode":true,"campfire_choices":[{"data":"Malaise","floor":6,"key":"SMITH"}],"neow_cost":"CURSE","seed_source_timestamp":922283715457944,"circlet_count":0,"master_deck":["AscendersBane","Defend_G","Defend_G","Defend_G","Defend_G","Defend_G","Strike_G","Strike_G","Strike_G","Strike_G","Strike_G","Survivor","Neutralize","Malaise+1","Catalyst","After Image","Cloak And Dagger","Dagger Throw","Dagger Spray"],"relics":["Ring of the Snake"],"potions_floor_usage":[7,7],"damage_taken":[{"damage":5,"enemies":"Jaw Worm","floor":1,"turns":7},{"damage":2,"enemies":"Cultist","floor":3,"turns":6},{"damage":5,"enemies":"Small Slimes","floor":5,"turns":5},{"damage":48,"enemies":"Lagavulin","floor":7,"turns":13}],"seed_played":"-4130591709959596915","potions_obtained":[{"floor":1,"key":"Fire Potion"},{"floor":5,"key":"EssenceOfSteel"}],"is_trial":false,"path_per_floor":["M","?","M","?","M","R","E"],"character_chosen":"THE_SILENT","items_purchased":[],"campfire_rested":0,"item_purchase_floors":[],"current_hp_per_floor":[54,54,52,52,47,47,0],"gold":79,"neow_bonus":"THREE_RARE_CARDS","is_prod":false,"is_daily":false,"chose_seed":false,"campfire_upgraded":1,"win_rate":0,"timestamp":1549702918,"path_taken":["M","?","?","?","M","R","E"],"build_version":"2019-01-23","purchased_purges":0,"victory":false,"max_hp_per_floor":[66,66,66,66,66,66,66],"card_choices":[{"not_picked":["Die Die Die","After Image"],"picked":"Malaise","floor":0},{"not_picked":["Quick Slash","Flying Knee"],"picked":"Catalyst","floor":1},{"not_picked":["All Out Attack","Finisher"],"picked":"Dagger Throw","floor":3},{"not_picked":["Outmaneuver","Dodge and Roll"],"picked":"Dagger Spray","floor":5}],"player_experience":2747692,"relics_obtained":[],"event_choices":[{"damage_healed":0,"gold_gain":0,"player_choice":"2 cards matched","damage_taken":0,"max_hp_gain":0,"max_hp_loss":0,"event_name":"Match and Keep!","floor":2,"gold_loss":0,"cards_obtained":["After Image","Cloak And Dagger"]},{"cards_removed":["Regret"],"damage_healed":0,"gold_gain":0,"player_choice":"Card Removal","damage_taken":0,"max_hp_gain":0,"max_hp_loss":0,"event_name":"The Cleric","floor":4,"gold_loss":75}],"is_beta":false,"boss_relics":[],"items_purged_floors":[],"is_endless":false,"potions_floor_spawned":[1,5],"killed_by":"Lagavulin","ascension_level":20}