{"gold_per_floor":[116,129,404,420,439,439,469,544,544,544,544,544,112,128,128,199,199,213,233,244,244,29,29,55,55],"floor_reached":25,"playtime":1722,"items_purged":["Regret"],"score":398,"play_id":"880fb72d-4e3f-4dce-a7e6-ef2d7f4ca0ae","local_time":"20190504171754","is_ascension_mode":true,"campfire_choices":[{"data":"Neutralize","floor":6.0,"key":"SMITH"},{"floor":10.0,"key":"REST"},{"floor":15.0,"key":"REST"},{"data":"Burst","floor":23,"key":"SMITH"}],"neow_cost":"NONE","seed_source_timestamp":160110036170356,"circlet_count":0,"master_deck":["AscendersBane","Defend_G","Defend_G","Defend_G+1","Defend_G+1","Defend_G+1","Strike_G","Strike_G","Strike_G","Strike_G","Survivor","Neutralize+1","Endless Agony","Cloak And Dagger","Flying Knee","Acrobatics","Underhanded Strike+1","Adrenaline","Backflip","Dagger Throw","Tactician","Burst+1","Cloak And Dagger","Ghostly","Ghostly","Ghostly","Cloak And Dagger","Tools of the Trade"],"special_seed":0,"relics":["Ring of the Serpent","War Paint","Bag of Marbles","Singing Bowl","PreservedInsect","Ninja Scroll"],"potions_floor_usage":[20],"damage_taken":[{"damage":7.0,"enemies":"Small Slimes","floor":1.0,"turns":7.0},{"damage":0.0,"enemies":"Cultist","floor":2.0,"turns":4.0},{"damage":1.0,"enemies":"2 Louse","floor":4.0,"turns":3.0},{"damage":6.0,"enemies":"Looter","floor":5.0,"turns":4.0},{"damage":6.0,"enemies":"Gremlin Nob","floor":7.0,"turns":3.0},{"damage":0.0,"enemies":"Exordium Wildlife","floor":14.0,"turns":3.0},{"damage":28.0,"enemies":"Hexaghost","floor":16.0,"turns":13.0},{"damage":4.0,"enemies":"3 Byrds","floor":18.0,"turns":7.0},{"damage":0.0,"enemies":"Spheric Guardian","floor":19.0,"turns":3.0},{"damage":23,"enemies":"Centurion and Healer","floor":20,"turns":8},{"damage":5,"enemies":"Book of Stabbing","floor":24,"turns":5},{"damage":0,"enemies":"Snake Plant","floor":25,"turns":1}],"seed_played":"-5641157973593485256","potions_obtained":[{"floor":1.0,"key":"SpeedPotion"},{"floor":2.0,"key":"SpeedPotion"},{"floor":5.0,"key":"FearPotion"},{"floor":18.0,"key":"Block Potion"},{"floor":20,"key":"SpeedPotion"}],"is_trial":false,"path_per_floor":["M","M","?","M","M","R","E","?","T","R","?","?","$","M","R","B",null,"M","M","M","?","$","R","E","M"],"character_chosen":"THE_SILENT","items_purchased":["Singing Bowl","Backflip","Dagger Throw","PreservedInsect","Cloak And Dagger"],"campfire_rested":2,"item_purchase_floors":[13,13,13,22,22],"current_hp_per_floor":[58,58,58,57,51,51,45,34,34,55,33,33,33,33,54,26,61,59,61,38,38,38,38,33,33],"gold":55,"neow_bonus":"TEN_PERCENT_HP_BONUS","is_prod":false,"is_daily":false,"chose_seed":false,"campfire_upgraded":2,"win_rate":0,"timestamp":1557015474,"path_taken":["M","M","?","?","M","R","E","?","T","R","?","?","$","M","R","BOSS","M","M","M","?","$","R","E","M"],"build_version":"2019-01-23","purchased_purges":1,"victory":false,"max_hp_per_floor":[72,72,72,72,72,72,72,72,72,72,72,72,72,72,72,72,72,74,76,76,38,38,38,38,38],"card_choices":[{"not_picked":["Finisher","Concentrate"],"picked":"Endless Agony","floor":1.0},{"not_picked":["Escape Plan","Prepared"],"picked":"Cloak And Dagger","floor":2.0},{"not_picked":["Backflip","PiercingWail"],"picked":"Flying Knee","floor":4.0},{"not_picked":["Outmaneuver","Calculated Gamble"],"picked":"Acrobatics","floor":5.0},{"not_picked":["Poisoned Stab","Wraith Form v2"],"picked":"Underhanded Strike","floor":7.0},{"not_picked":["Dagger Throw","Dodge and Roll"],"picked":"Tactician","floor":14.0},{"not_picked":["Envenom","Storm of Steel"],"picked":"Burst","floor":16.0},{"not_picked":["Slice","Predator","Quick Slash"],"picked":"Singing Bowl","floor":18.0},{"not_picked":["Distraction","Finisher","Quick Slash"],"picked":"Singing Bowl","floor":19.0},{"not_picked":["Setup","Deflect"],"picked":"Cloak And Dagger","floor":20},{"not_picked":["Slice","Deflect"],"picked":"Tools of the Trade","floor":24}],"player_experience":640690,"relics_obtained":[{"floor":7.0,"key":"War Paint"},{"floor":9.0,"key":"Bag of Marbles"},{"floor":24,"key":"Ninja Scroll"}],"event_choices":[{"damage_healed":0.0,"max_hp_gain":0.0,"max_hp_loss":0.0,"gold_gain":275.0,"event_name":"Golden Shrine","player_choice":"Desecrate","floor":3.0,"gold_loss":0.0,"damage_taken":0.0,"cards_obtained":["Regret"]},{"damage_healed":0.0,"max_hp_gain":0.0,"max_hp_loss":0.0,"gold_gain":75.0,"event_name":"World of Goop","player_choice":"Gather Gold","floor":8.0,"gold_loss":0.0,"damage_taken":11.0},{"damage_healed":0.0,"max_hp_gain":0.0,"max_hp_loss":0.0,"gold_gain":0.0,"event_name":"Shining Light","player_choice":"Entered Light","floor":11.0,"gold_loss":0.0,"damage_taken":22.0,"cards_upgraded":["Underhanded Strike","Defend_G"]},{"damage_healed":0.0,"max_hp_gain":0.0,"max_hp_loss":0.0,"gold_gain":0.0,"cards_transformed":["Strike_G"],"event_name":"Living Wall","player_choice":"Change","floor":12.0,"gold_loss":0.0,"damage_taken":0.0,"cards_obtained":["Adrenaline"]},{"damage_healed":0,"gold_gain":0,"player_choice":"Became a Ghost","damage_taken":0,"max_hp_gain":0,"max_hp_loss":38,"event_name":"Ghosts","floor":21,"gold_loss":0,"cards_obtained":["Ghostly","Ghostly","Ghostly"]}],"is_beta":false,"boss_relics":[{"not_picked":["Empty Cage","Runic Dome"],"picked":"Ring of the Serpent"}],"items_purged_floors":[13],"is_endless":false,"potions_floor_spawned":[1,2,5,18,20],"killed_by":"Snake Plant","ascension_level":16}