{"gold_per_floor":[109,122,139,64,79,79,154,154,154,179,179,206,206,238,238,335,335,351,35,48,48,48,48,48,59,84,84,98,98,113,124,124,229,229,240,115,115,115,67,67,81,81,81,81,91,91,104,104,104,104],"floor_reached":51,"playtime":11059,"items_purged":["Defend_G","Phantasmal Killer","Flechettes"],"score":816,"play_id":"e0874be1-d823-43b4-a5b3-b1cdfa3d4c3a","local_time":"20190504153137","is_ascension_mode":true,"campfire_choices":[{"data":"Neutralize","floor":6.0,"key":"SMITH"},{"floor":8.0,"key":"REST"},{"floor":13.0,"key":"REST"},{"data":"1","floor":15.0,"key":"LIFT"},{"data":"Footwork","floor":23.0,"key":"SMITH"},{"data":"Tactician","floor":29.0,"key":"SMITH"},{"floor":32.0,"key":"REST"},{"data":"Calculated Gamble","floor":40.0,"key":"SMITH"},{"data":"Calculated Gamble","floor":42.0,"key":"SMITH"},{"data":"Acrobatics","floor":46.0,"key":"SMITH"},{"data":"Setup","floor":49.0,"key":"SMITH"}],"neow_cost":"NONE","seed_source_timestamp":698955792279428,"circlet_count":0,"master_deck":["Survivor","Neutralize+1","Terror","Heel Hook","Calculated Gamble+1","Tools of the Trade","Malaise","Deadly Poison","Setup+1","Calculated Gamble+1","Dash","Endless Agony","Footwork+1","Tactician+1","Backflip+1","Acrobatics+1","Backflip"],"special_seed":0,"relics":["Ring of the Snake","Ninja Scroll","Omamori","Girya","Blood Vial","Pandora\u0027s Box","Oddly Smooth Stone","Runic Pyramid","Shuriken"],"potions_floor_usage":[50,50],"damage_taken":[{"damage":1.0,"enemies":"Cultist","floor":1.0,"turns":5.0},{"damage":2.0,"enemies":"Jaw Worm","floor":2.0,"turns":4.0},{"damage":0.0,"enemies":"Small Slimes","floor":3.0,"turns":3.0},{"damage":10.0,"enemies":"Exordium Wildlife","floor":5.0,"turns":6.0},{"damage":21.0,"enemies":"Lagavulin","floor":12.0,"turns":8.0},{"damage":6.0,"enemies":"Gremlin Nob","floor":14.0,"turns":3.0},{"damage":21.0,"enemies":"The Guardian","floor":16.0,"turns":15.0},{"damage":0.0,"enemies":"2 Thieves","floor":18.0,"turns":2.0},{"damage":12.0,"enemies":"Spheric Guardian","floor":20.0,"turns":4.0},{"damage":12.0,"enemies":"Snake Plant","floor":25.0,"turns":5.0},{"damage":5.0,"enemies":"Snecko","floor":28.0,"turns":4.0},{"damage":2.0,"enemies":"3 Cultists","floor":30.0,"turns":7.0},{"damage":3.0,"enemies":"Shelled Parasite and Fungi","floor":31.0,"turns":4.0},{"damage":48.0,"enemies":"Automaton","floor":33.0,"turns":13.0},{"damage":5.0,"enemies":"3 Shapes","floor":35.0,"turns":4.0},{"damage":0.0,"enemies":"Orb Walker","floor":41.0,"turns":3.0},{"damage":2.0,"enemies":"Maw","floor":45.0,"turns":4.0},{"damage":14.0,"enemies":"Sphere and 2 Shapes","floor":47.0,"turns":3.0},{"damage":20,"enemies":"Awakened One","floor":50,"turns":5}],"seed_played":"4054479616702720475","potions_obtained":[{"floor":2.0,"key":"Block Potion"},{"floor":14.0,"key":"Weak Potion"},{"floor":16.0,"key":"Poison Potion"},{"floor":18.0,"key":"EssenceOfSteel"},{"floor":20.0,"key":"SpeedPotion"},{"floor":31.0,"key":"FearPotion"},{"floor":33.0,"key":"PowerPotion"},{"floor":35.0,"key":"GhostInAJar"}],"is_trial":false,"path_per_floor":["M","?","T","?","?","$","$","?","M","?","$","?","M","?"],"character_chosen":"THE_SILENT","items_purchased":["Footwork","Oddly Smooth Stone","Backflip"],"campfire_rested":3,"item_purchase_floors":[19,19,39],"current_hp_per_floor":[62,60,60,60,50,50,39,60,60,60,60,39,60,54,54,35,61,63,63,53,53,53,53,53,43,43,43,40,40,40,39,60,14,56,53,53,53,53,53,53,55,55,55,55,55,55,43,43,43,25],"gold":104,"neow_bonus":"REMOVE_CARD","is_prod":false,"is_daily":false,"chose_seed":false,"campfire_upgraded":7,"win_rate":0,"timestamp":1556976697,"path_taken":["M","?","M","$","M","R","?","R","T","?","?","E","R","E","R","BOSS","M","$","M","?","?","R","?","M","T","?","M","R","?","M","R","BOSS","M","$","?","?","$","R","M","R","T","?","?","R","M","?","R","BOSS"],"build_version":"2019-01-23","purchased_purges":3,"victory":true,"max_hp_per_floor":[70,70,70,70,70,70,70,70,70,70,70,70,70,70,70,70,70,70,70,70,70,70,70,70,70,70,70,70,70,70,70,70,70,70,70,70,70,70,70,70,70,70,70,70,70,70,70,70,70,70],"card_choices":[{"not_picked":["Dodge and Roll","Well Laid Plans"],"picked":"Terror","floor":1.0},{"not_picked":["Flying Knee","Deadly Poison"],"picked":"Heel Hook","floor":2.0},{"not_picked":["Deadly Poison","Dagger Spray"],"picked":"Calculated Gamble","floor":3.0},{"not_picked":["Prepared","Flechettes"],"picked":"Tools of the Trade","floor":5.0},{"not_picked":["Dagger Throw","Bane","Deadly Poison"],"picked":"SKIP","floor":12.0},{"not_picked":["Caltrops","Well Laid Plans","Poisoned Stab"],"picked":"SKIP","floor":14.0},{"not_picked":["Caltrops","Well Laid Plans","Poisoned Stab"],"picked":"SKIP","floor":14.0},{"not_picked":["Grand Finale","Glass Knife"],"picked":"Malaise","floor":16.0},{"not_picked":["Prepared+1","Flying Knee+1","Eviscerate"],"picked":"SKIP","floor":18.0},{"not_picked":["PiercingWail+1","Bane"],"picked":"Tactician","floor":20.0},{"not_picked":["PiercingWail+1","Dagger Throw"],"picked":"Backflip+1","floor":25.0},{"not_picked":["Dash+1","Deadly Poison+1","Dodge and Roll"],"picked":"SKIP","floor":28.0},{"not_picked":["Burst","Dagger Throw","Underhanded Strike"],"picked":"SKIP","floor":30.0},{"not_picked":["Blade Dance","Noxious Fumes+1","Dodge and Roll"],"picked":"SKIP","floor":31.0},{"not_picked":["Cloak And Dagger","Slice+1","Infinite Blades"],"picked":"SKIP","floor":35.0},{"not_picked":["Poisoned Stab+1","Backflip+1","Masterful Stab"],"picked":"SKIP","floor":41.0},{"not_picked":["Bane","Envenom","Quick Slash"],"picked":"SKIP","floor":45.0},{"not_picked":["Masterful Stab","Flying Knee+1","Outmaneuver+1"],"picked":"SKIP","floor":47.0}],"player_experience":216128,"relics_obtained":[{"floor":9.0,"key":"Ninja Scroll"},{"floor":10.0,"key":"Omamori"},{"floor":12.0,"key":"Girya"},{"floor":14.0,"key":"Blood Vial"},{"floor":43.0,"key":"Shuriken"}],"event_choices":[{"damage_healed":0.0,"max_hp_gain":0.0,"max_hp_loss":0.0,"gold_gain":75.0,"event_name":"World of Goop","player_choice":"Gather Gold","floor":7.0,"gold_loss":0.0,"damage_taken":11.0},{"cards_removed":["Strike_G"],"damage_healed":0.0,"max_hp_gain":0.0,"max_hp_loss":0.0,"gold_gain":0.0,"event_name":"Living Wall","player_choice":"Forget","floor":11.0,"gold_loss":0.0,"damage_taken":0.0},{"damage_healed":0.0,"max_hp_gain":0.0,"max_hp_loss":0.0,"gold_gain":0.0,"event_name":"N\u0027loth","player_choice":"Ignored","floor":21.0,"gold_loss":0.0,"damage_taken":0.0},{"damage_healed":0.0,"max_hp_gain":0.0,"max_hp_loss":0.0,"gold_gain":0.0,"event_name":"Cursed Tome","player_choice":"Ignored","floor":27.0,"gold_loss":0.0,"damage_taken":0.0},{"damage_healed":0.0,"max_hp_gain":0.0,"max_hp_loss":0.0,"gold_gain":0.0,"event_name":"Match and Keep!","player_choice":"1 cards matched","floor":37.0,"gold_loss":0.0,"damage_taken":0.0,"cards_obtained":["Acrobatics"]},{"damage_healed":0.0,"max_hp_gain":0.0,"max_hp_loss":0.0,"gold_gain":0.0,"event_name":"The Woman in Blue","player_choice":"Bought 0 Potions","floor":44.0,"gold_loss":0.0,"damage_taken":0.0},{"damage_healed":0.0,"max_hp_gain":0.0,"max_hp_loss":0.0,"gold_gain":0.0,"event_name":"Mysterious Sphere","player_choice":"Ignored","floor":48.0,"gold_loss":0.0,"damage_taken":0.0}],"is_beta":false,"boss_relics":[{"not_picked":["Ectoplasm","Snecko Eye"],"picked":"Pandora\u0027s Box"},{"not_picked":["Fusion Hammer","Astrolabe"],"picked":"Runic Pyramid"}],"items_purged_floors":[4,19,36],"is_endless":false,"potions_floor_spawned":[2,14,16,18,20,31,33,35],"ascension_level":6}