{"gold_per_floor":[109,128,128,141,91,91,119,139,163,188,188,188,205,225,225,299,299,311,410,180,180,280,280,300,68,92,92,111,146,159,179,179,256,256,268,268,278,292,392,392,425,425,425,436,436,462,462,482,482,482],"floor_reached":51,"playtime":3908,"items_purged":["Strike_B"],"score":1193,"play_id":"b5555ba2-b6bb-4106-a395-5dbf42780c6d","local_time":"20190401232449","is_ascension_mode":true,"campfire_choices":[{"data":"Chaos","floor":6.0,"key":"SMITH"},{"floor":12.0,"key":"REST"},{"floor":15.0,"key":"REST"},{"data":"Defragment","floor":23.0,"key":"SMITH"},{"data":"Zap","floor":27.0,"key":"SMITH"},{"floor":32.0,"key":"REST"},{"data":"1","floor":40.0,"key":"LIFT"},{"data":"2","floor":42.0,"key":"LIFT"},{"floor":47,"key":"REST"},{"floor":49,"key":"REST"}],"neow_cost":"PERCENT_DAMAGE","seed_source_timestamp":65681508119506,"circlet_count":0,"master_deck":["AscendersBane","Strike_B","Strike_B+1","Defend_B","Defend_B+1","Defend_B","Defend_B","Zap+1","Dualcast","Chaos+1","Darkness","Conserve Battery","Doom and Gloom","Leap","Steam","BootSequence","Hologram","Core Surge","Defragment+1","Ball Lightning","Leap","Sweeping Beam+1","Conserve Battery","Reboot","Skim","FTL","Conserve Battery","Static Discharge+1","Echo Form","Chrysalis","Capacitor","Leap+1"],"special_seed":0,"relics":["Cracked Core","Bronze Scales","Omamori","Boot","Sozu","ClockworkSouvenir","Incense Burner","Pocketwatch","Bottled Flame","Regal Pillow","Blood Vial","Ancient Tea Set","Cursed Key","Girya","Strawberry","Symbiotic Virus","Kunai"],"potions_floor_usage":[],"damage_taken":[{"damage":2.0,"enemies":"Jaw Worm","floor":1.0,"turns":3.0},{"damage":4.0,"enemies":"Small Slimes","floor":2.0,"turns":3.0},{"damage":5.0,"enemies":"2 Louse","floor":4.0,"turns":3.0},{"damage":25.0,"enemies":"Gremlin Nob","floor":7.0,"turns":5.0},{"damage":4.0,"enemies":"Blue Slaver","floor":8.0,"turns":4.0},{"damage":1.0,"enemies":"Lagavulin","floor":10.0,"turns":5.0},{"damage":2.0,"enemies":"Exordium Wildlife","floor":13.0,"turns":4.0},{"damage":0.0,"enemies":"3 Louse","floor":14.0,"turns":2.0},{"damage":22.0,"enemies":"Hexaghost","floor":16.0,"turns":9.0},{"damage":0.0,"enemies":"Spheric Guardian","floor":18.0,"turns":4.0},{"damage":22.0,"enemies":"Colosseum Slavers","floor":22.0,"turns":4.0},{"damage":28.0,"enemies":"Colosseum Nobs","floor":22.0,"turns":6.0},{"damage":0.0,"enemies":"3 Byrds","floor":24.0,"turns":3.0},{"damage":0.0,"enemies":"Sentry and Sphere","floor":28.0,"turns":6.0},{"damage":27.0,"enemies":"Slavers","floor":29.0,"turns":4.0},{"damage":0.0,"enemies":"Cultist and Chosen","floor":30.0,"turns":5.0},{"damage":0.0,"enemies":"Snecko","floor":31.0,"turns":4.0},{"damage":47.0,"enemies":"Automaton","floor":33.0,"turns":10.0},{"damage":3.0,"enemies":"Orb Walker","floor":35.0,"turns":3.0},{"damage":4.0,"enemies":"3 Shapes","floor":37.0,"turns":4.0},{"damage":7.0,"enemies":"Spire Growth","floor":38.0,"turns":6.0},{"damage":10.0,"enemies":"Mind Bloom Boss Battle","floor":39.0,"turns":7.0},{"damage":30.0,"enemies":"Reptomancer","floor":41.0,"turns":6.0},{"damage":6.0,"enemies":"Maw","floor":44.0,"turns":6.0},{"damage":20,"enemies":"Giant Head","floor":46,"turns":8},{"damage":21,"enemies":"Transient","floor":48,"turns":5},{"damage":35,"enemies":"Donu and Deca","floor":50,"turns":10}],"seed_played":"4877343918681183040","potions_obtained":[{"floor":1.0,"key":"PowerPotion"},{"floor":7.0,"key":"FocusPotion"},{"floor":14.0,"key":"LiquidBronze"}],"is_trial":false,"path_per_floor":["M","M","?","M","?","R","E","M","T","E","?","R","M","M","R","B",null,"M","?","$","?","?","R","M","$","T","R","M","E","M","M","R","B",null,"M","?","M","M","?","R","E","R","T","M","?","E","R","M","R","B",null],"character_chosen":"DEFECT","items_purchased":["Ball Lightning","ClockworkSouvenir","Regal Pillow"],"campfire_rested":5,"item_purchase_floors":[20,20,25],"current_hp_per_floor":[58,54,37,32,32,32,7,3,3,2,2,27,25,25,50,28,71,71,71,71,71,21,21,28,28,28,28,37,19,28,37,77,39,74,73,73,71,66,58,58,37,37,37,33,33,15,57,38,80,47],"gold":482,"neow_bonus":"TWENTY_PERCENT_HP_BONUS","is_prod":false,"is_daily":false,"chose_seed":false,"campfire_upgraded":3,"win_rate":0,"timestamp":1554186289,"path_taken":["M","M","?","M","?","R","E","M","T","E","?","R","M","M","R","BOSS","M","?","$","?","?","R","M","?","T","R","M","E","M","M","R","BOSS","M","?","M","M","?","R","E","R","T","M","?","E","R","M","R","BOSS"],"build_version":"2019-01-23","purchased_purges":1,"victory":true,"max_hp_per_floor":[85,85,85,85,85,85,85,85,85,85,85,85,85,85,85,85,85,85,85,85,85,85,85,85,85,85,85,85,85,85,85,85,85,85,85,85,85,85,85,85,92,92,92,92,92,92,92,92,92,92],"card_choices":[{"not_picked":["Heatsinks","Redo"],"picked":"Chaos","floor":1.0},{"not_picked":["Stack","Beam Cell"],"picked":"Darkness","floor":2.0},{"not_picked":["Coolheaded","Compile Driver"],"picked":"Conserve Battery","floor":4.0},{"not_picked":["Compile Driver","Force Field"],"picked":"Doom and Gloom","floor":7.0},{"not_picked":["Hologram","Streamline"],"picked":"Leap","floor":8.0},{"not_picked":["Gash","Beam Cell"],"picked":"Steam","floor":10.0},{"not_picked":["Hologram","Thunder Strike"],"picked":"BootSequence","floor":13.0},{"not_picked":["Storm","Skim"],"picked":"Hologram","floor":14.0},{"not_picked":["Fission","Amplify"],"picked":"Core Surge","floor":16.0},{"not_picked":["Redo","Heatsinks"],"picked":"Defragment","floor":18.0},{"not_picked":["Double Energy","Rebound"],"picked":"Self Repair","floor":22.0},{"not_picked":["Go for the Eyes","Redo"],"picked":"Leap","floor":24.0},{"not_picked":["Turbo","Hello World"],"picked":"Sweeping Beam+1","floor":28.0},{"not_picked":["Go for the Eyes+1","Turbo+1","Steam Power+1"],"picked":"SKIP","floor":29.0},{"not_picked":["Reinforced Body+1","Steam","Tempest"],"picked":"SKIP","floor":30.0},{"not_picked":["Coolheaded","Steam"],"picked":"Conserve Battery","floor":31.0},{"not_picked":["Multi-Cast","Buffer"],"picked":"Reboot","floor":33.0},{"not_picked":["Reinforced Body+1","Redo"],"picked":"Skim","floor":35.0},{"not_picked":["Redo","Steam"],"picked":"FTL","floor":37.0},{"not_picked":["Gash","Turbo","Beam Cell"],"picked":"SKIP","floor":38.0},{"not_picked":["Blizzard+1","Steam"],"picked":"Conserve Battery","floor":39.0},{"not_picked":["Storm","Darkness"],"picked":"Static Discharge+1","floor":41.0},{"not_picked":["Ball Lightning+1","Redo+1"],"picked":"Echo Form","floor":44.0},{"not_picked":["Impatience","PanicButton"],"picked":"Chrysalis","floor":45.0},{"not_picked":["Genetic Algorithm+1","Coolheaded+1"],"picked":"Capacitor","floor":46},{"not_picked":["Chaos","Heatsinks"],"picked":"Leap+1","floor":48}],"player_experience":593865,"relics_obtained":[{"floor":7.0,"key":"Bronze Scales"},{"floor":9.0,"key":"Omamori"},{"floor":10.0,"key":"Boot"},{"floor":22.0,"key":"Pocketwatch"},{"floor":22.0,"key":"Bottled Flame"},{"floor":26.0,"key":"Blood Vial"},{"floor":29.0,"key":"Ancient Tea Set"},{"floor":39.0,"key":"Girya"},{"floor":41.0,"key":"Strawberry"},{"floor":43.0,"key":"Symbiotic Virus"},{"floor":46,"key":"Kunai"}],"event_choices":[{"damage_healed":0.0,"max_hp_gain":0.0,"max_hp_loss":0.0,"gold_gain":0.0,"event_name":"Shining Light","player_choice":"Entered Light","floor":3.0,"gold_loss":0.0,"damage_taken":17.0,"cards_upgraded":["Defend_B","Strike_B"]},{"cards_removed":["Strike_B"],"damage_healed":0.0,"max_hp_gain":0.0,"max_hp_loss":0.0,"gold_gain":0.0,"event_name":"The Cleric","player_choice":"Card Removal","floor":5.0,"gold_loss":50.0,"damage_taken":0.0},{"damage_healed":0.0,"max_hp_gain":0.0,"max_hp_loss":0.0,"gold_gain":0.0,"event_name":"Dead Adventurer","player_choice":"Searched \u00270\u0027 times","floor":11.0,"gold_loss":0.0,"damage_taken":0.0},{"damage_healed":0.0,"max_hp_gain":0.0,"max_hp_loss":0.0,"gold_gain":99.0,"event_name":"Nest","player_choice":"Stole From Cult","floor":19.0,"gold_loss":0.0,"damage_taken":0.0},{"damage_healed":0.0,"max_hp_gain":0.0,"max_hp_loss":0.0,"gold_gain":0.0,"event_name":"The Mausoleum","player_choice":"Opened","floor":21.0,"gold_loss":0.0,"damage_taken":0.0,"relics_obtained":["Incense Burner"]},{"damage_healed":0.0,"max_hp_gain":0.0,"max_hp_loss":0.0,"gold_gain":0.0,"event_name":"Colosseum","player_choice":"Fight","floor":22.0,"gold_loss":0.0,"damage_taken":0.0},{"damage_healed":0.0,"max_hp_gain":0.0,"max_hp_loss":0.0,"gold_gain":0.0,"event_name":"Colosseum","player_choice":"Fought Nobs","floor":22.0,"gold_loss":0.0,"damage_taken":0.0},{"cards_removed":["Self Repair"],"damage_healed":0.0,"max_hp_gain":0.0,"max_hp_loss":0.0,"gold_gain":0.0,"event_name":"Falling","player_choice":"Removed Power","floor":36.0,"gold_loss":0.0,"damage_taken":0.0},{"damage_healed":0.0,"max_hp_gain":0.0,"max_hp_loss":0.0,"gold_gain":0.0,"event_name":"MindBloom","player_choice":"Fight","floor":39.0,"gold_loss":0.0,"damage_taken":0.0},{"damage_healed":0.0,"max_hp_gain":0.0,"max_hp_loss":0.0,"gold_gain":0.0,"event_name":"SensoryStone","player_choice":"Memory 1","floor":45.0,"gold_loss":0.0,"damage_taken":0.0}],"is_beta":false,"boss_relics":[{"not_picked":["Empty Cage","Snecko Eye"],"picked":"Sozu"},{"not_picked":["Orrery","Lizard Tail"],"picked":"Cursed Key"}],"items_purged_floors":[25],"is_endless":false,"potions_floor_spawned":[1,7,8,14,18,28,29,30,33,38,41,48],"ascension_level":14}