{"gold_per_floor":[362,362,382,457,193,225,244,244,244,259,259,1,35,46,46,146,146,162,162,174,17,17,17,17],"floor_reached":24,"playtime":893,"items_purged":["Body Slam"],"score":296,"play_id":"75e36e1b-2715-4b0a-9968-03a349d62914","local_time":"20190510124822","is_ascension_mode":true,"campfire_choices":[{"floor":8,"key":"REST"},{"floor":15,"key":"REST"},{"floor":23,"key":"REST"}],"neow_cost":"TEN_PERCENT_HP_LOSS","seed_source_timestamp":521786799152462,"circlet_count":0,"master_deck":["Strike_R","Strike_R+1","Strike_R","Strike_R","Strike_R+1","Defend_R","Defend_R","Defend_R","Defend_R","Bash","Demon Form","Pummel","Pommel Strike","Heavy Blade","Offering+1","Limit Break"],"relics":["Black Blood","Whetstone","Ginger","Peace Pipe","GremlinMask","Bottled Lightning","Orichalcum","Blood Vial"],"potions_floor_usage":[10,13,16,20],"damage_taken":[{"damage":0,"enemies":"Small Slimes","floor":1,"turns":3},{"damage":6,"enemies":"Cultist","floor":3,"turns":4},{"damage":32,"enemies":"Gremlin Nob","floor":6,"turns":4},{"damage":7,"enemies":"2 Louse","floor":7,"turns":2},{"damage":7,"enemies":"Looter","floor":10,"turns":3},{"damage":36,"enemies":"Lagavulin","floor":13,"turns":6},{"damage":10,"enemies":"Lots of Slimes","floor":14,"turns":3},{"damage":39,"enemies":"The Guardian","floor":16,"turns":8},{"damage":18,"enemies":"Chosen","floor":18,"turns":5},{"damage":25,"enemies":"3 Byrds","floor":20,"turns":5},{"damage":57,"enemies":"Slavers","floor":24,"turns":2}],"seed_played":"-4495280158474556811","potions_obtained":[{"floor":7,"key":"FearPotion"},{"floor":10,"key":"Explosive Potion"},{"floor":14,"key":"Strength Potion"},{"floor":18,"key":"PowerPotion"}],"is_trial":false,"path_per_floor":["M","?","M","?","$","E","M","R","T","M","?","$","E","M","R","B",null,"M","$","M","$","?","R","E"],"character_chosen":"IRONCLAD","items_purchased":["Pommel Strike","Whetstone","Bottled Lightning","Blood Vial"],"campfire_rested":3,"item_purchase_floors":[5,5,12,21],"current_hp_per_floor":[72,72,72,61,61,35,34,55,55,54,54,54,24,20,41,8,56,48,48,33,33,33,54,0],"gold":17,"neow_bonus":"TWO_FIFTY_GOLD","is_prod":false,"is_daily":false,"chose_seed":false,"campfire_upgraded":0,"win_rate":0,"timestamp":1557485302,"path_taken":["M","?","?","?","$","E","M","R","T","M","?","$","E","M","R","BOSS","M","$","?","$","?","R","E"],"build_version":"2019-01-23","purchased_purges":1,"victory":false,"max_hp_per_floor":[72,72,72,72,72,72,72,72,72,72,72,72,72,72,72,72,72,72,72,72,72,72,72,72],"card_choices":[{"not_picked":["Sword Boomerang","True Grit"],"picked":"Body Slam","floor":1},{"not_picked":["Rampage","Pommel Strike"],"picked":"Pummel","floor":3},{"not_picked":["Warcry","Sword Boomerang","Flex"],"picked":"SKIP","floor":6},{"not_picked":["True Grit","Warcry"],"picked":"Heavy Blade","floor":7},{"not_picked":["Clothesline","Dropkick"],"picked":"Offering","floor":10},{"not_picked":["Reckless Charge","True Grit","Fire Breathing"],"picked":"SKIP","floor":13},{"not_picked":["Ghostly Armor","Iron Wave","Entrench"],"picked":"SKIP","floor":14},{"not_picked":["Offering","Bludgeon"],"picked":"Limit Break","floor":16},{"not_picked":["Rage+1","Thunderclap+1","Sword Boomerang"],"picked":"SKIP","floor":18},{"not_picked":["Rage","Evolve+1","Armaments+1"],"picked":"SKIP","floor":20}],"player_experience":443988,"relics_obtained":[{"floor":6,"key":"Ginger"},{"floor":9,"key":"Peace Pipe"},{"floor":13,"key":"Orichalcum"}],"event_choices":[{"damage_healed":0,"gold_gain":0,"player_choice":"1 cards matched","damage_taken":0,"max_hp_gain":0,"max_hp_loss":0,"event_name":"Match and Keep!","floor":2,"gold_loss":0,"cards_obtained":["Demon Form"]},{"damage_healed":0,"gold_gain":75,"player_choice":"Gather Gold","damage_taken":11,"max_hp_gain":0,"max_hp_loss":0,"event_name":"World of Goop","floor":4,"gold_loss":0},{"damage_healed":0,"gold_gain":0,"player_choice":"Trade","damage_taken":0,"relics_obtained":["GremlinMask"],"max_hp_gain":0,"max_hp_loss":0,"event_name":"FaceTrader","floor":11,"gold_loss":0},{"damage_healed":0,"gold_gain":0,"player_choice":"Forge","damage_taken":0,"max_hp_gain":0,"max_hp_loss":0,"event_name":"Accursed Blacksmith","floor":22,"gold_loss":0,"cards_upgraded":["Offering"]}],"is_beta":false,"boss_relics":[{"not_picked":["Busted Crown","Philosopher\u0027s Stone"],"picked":"Black Blood"}],"items_purged_floors":[5],"is_endless":false,"potions_floor_spawned":[7,10,14,18],"killed_by":"Slavers","ascension_level":9}