{"gold_per_floor":[109,129,54,54,72,72,106,106,133,133,147,147,147,160,160,237,237,256,256,122,122,139,139,154,173,173,173],"floor_reached":27,"playtime":1998,"items_purged":["Bite"],"score":551,"play_id":"461cc1ee-087b-4b87-8769-19f8da2edf23","local_time":"20190329020639","is_ascension_mode":true,"campfire_choices":[{"data":"Catalyst","floor":6,"key":"SMITH"},{"data":"Footwork","floor":8,"key":"SMITH"},{"floor":13,"key":"REST"},{"data":"Skewer","floor":15,"key":"SMITH"},{"floor":23,"key":"REST"}],"neow_cost":"NONE","seed_source_timestamp":104474815395139,"circlet_count":0,"master_deck":["AscendersBane","Defend_G","Defend_G","Defend_G","Defend_G","Defend_G","Survivor","Neutralize+1","Dagger Spray+1","Deadly Poison","Footwork+1","Catalyst+1","Skewer+1","Slice","Cloak And Dagger","Well Laid Plans","Grand Finale","Deadly Poison","Bite","Bite","Bite","Bite","Flying Knee","RitualDagger","Prepared","Dodge and Roll","Calculated Gamble","Footwork"],"relics":["Ring of the Snake","NeowsBlessing","Lantern","Dream Catcher","Runic Pyramid"],"potions_floor_usage":[7,18],"damage_taken":[{"damage":0,"enemies":"Cultist","floor":1,"turns":1},{"damage":0,"enemies":"Small Slimes","floor":2,"turns":1},{"damage":0,"enemies":"2 Louse","floor":5,"turns":1},{"damage":32,"enemies":"3 Sentries","floor":7,"turns":9},{"damage":0,"enemies":"2 Fungi Beasts","floor":11,"turns":2},{"damage":6,"enemies":"Large Slime","floor":14,"turns":6},{"damage":0,"enemies":"The Guardian","floor":16,"turns":10},{"damage":0,"enemies":"Chosen","floor":18,"turns":3},{"damage":31,"enemies":"3 Byrds","floor":22,"turns":6},{"damage":14,"enemies":"Cultist and Chosen","floor":24,"turns":7},{"damage":21,"enemies":"Snake Plant","floor":25,"turns":5},{"damage":15,"enemies":"Sentry and Sphere","floor":27,"turns":4}],"seed_played":"4506359903829148443","potions_obtained":[{"floor":2,"key":"SteroidPotion"},{"floor":16,"key":"GamblersBrew"},{"floor":18,"key":"FearPotion"}],"is_trial":false,"path_per_floor":["M","M","$","?","M","R","E","R","T","?","M","?","R","M","R","B",null,"M","?","$","?","M","R","M","M","T","M"],"character_chosen":"THE_SILENT","items_purchased":["Footwork","Flying Knee"],"campfire_rested":2,"item_purchase_floors":[3,20],"current_hp_per_floor":[59,59,59,59,59,59,27,27,27,27,27,20,39,33,33,33,58,58,46,46,40,17,30,24,7,7,0],"gold":173,"neow_bonus":"THREE_ENEMY_KILL","is_prod":false,"is_daily":false,"chose_seed":false,"campfire_upgraded":3,"win_rate":0,"timestamp":1553821599,"path_taken":["M","?","$","?","?","R","E","R","T","?","?","?","R","M","R","BOSS","M","?","$","?","M","R","M","M","T","M"],"build_version":"2019-01-23","purchased_purges":1,"victory":false,"max_hp_per_floor":[66,66,66,66,66,66,66,66,66,66,66,66,66,66,66,66,66,66,46,46,46,46,46,46,46,46,46],"card_choices":[{"not_picked":["Underhanded Strike","Dagger Throw"],"picked":"Dagger Spray","floor":1},{"not_picked":["Doppelganger","Riddle With Holes"],"picked":"Deadly Poison","floor":2},{"not_picked":["Poisoned Stab","Blade Dance"],"picked":"Catalyst","floor":5},{"not_picked":["Terror","Distraction"],"picked":"Skewer","floor":7},{"not_picked":["Quick Slash","Eviscerate"],"picked":"Slice","floor":11},{"not_picked":["Prepared","Skewer"],"picked":"Cloak And Dagger","floor":13},{"not_picked":["Quick Slash","Backflip"],"picked":"Well Laid Plans","floor":14},{"not_picked":["Phantasmal Killer","Glass Knife"],"picked":"Grand Finale","floor":16},{"not_picked":["Deflect","Dodge and Roll"],"picked":"Deadly Poison","floor":18},{"not_picked":["Backflip","Infinite Blades"],"picked":"Prepared","floor":22},{"not_picked":["Acrobatics","Bane"],"picked":"Dodge and Roll","floor":23},{"not_picked":["Tactician","Underhanded Strike"],"picked":"Calculated Gamble","floor":24},{"not_picked":["Dash","Outmaneuver"],"picked":"Footwork","floor":25}],"player_experience":2982968,"relics_obtained":[{"floor":7,"key":"Lantern"},{"floor":9,"key":"Dream Catcher"}],"event_choices":[{"damage_healed":0,"gold_gain":0,"player_choice":"Forge","damage_taken":0,"max_hp_gain":0,"max_hp_loss":0,"event_name":"Accursed Blacksmith","floor":4,"gold_loss":0,"cards_upgraded":["Neutralize"]},{"damage_healed":0,"gold_gain":0,"player_choice":"Upgraded","damage_taken":0,"max_hp_gain":0,"max_hp_loss":0,"event_name":"Upgrade Shrine","floor":10,"gold_loss":0,"cards_upgraded":["Dagger Spray"]},{"cards_removed":["Strike_G"],"damage_healed":0,"gold_gain":0,"player_choice":"Card Removal","damage_taken":7,"max_hp_gain":0,"max_hp_loss":0,"event_name":"Golden Wing","floor":12,"gold_loss":0},{"damage_healed":0,"gold_gain":0,"player_choice":"Became a vampire","damage_taken":0,"max_hp_gain":0,"max_hp_loss":20,"event_name":"Vampires","floor":19,"gold_loss":0,"cards_obtained":["Bite","Bite","Bite","Bite","Bite"]},{"damage_healed":0,"gold_gain":0,"player_choice":"Joined the Cult","damage_taken":6,"max_hp_gain":0,"max_hp_loss":0,"event_name":"Nest","floor":21,"gold_loss":0,"cards_obtained":["RitualDagger"]}],"is_beta":false,"boss_relics":[{"not_picked":["WristBlade","Coffee Dripper"],"picked":"Runic Pyramid"}],"items_purged_floors":[20],"is_endless":false,"potions_floor_spawned":[2,16,18],"killed_by":"Sentry and Sphere","ascension_level":20}