{"gold_per_floor":[113,131,131,141,158,158,192,212,266,266],"floor_reached":10,"playtime":443,"items_purged":[],"score":102,"play_id":"bed181a4-aee3-4d0e-94ea-11a71c6ac99d","local_time":"20190510154656","is_ascension_mode":true,"campfire_choices":[{"floor":6,"key":"REST"}],"neow_cost":"NONE","seed_source_timestamp":532898741690763,"circlet_count":0,"master_deck":["Strike_R","Strike_R","Strike_R","Strike_R","Strike_R","Defend_R","Defend_R","Defend_R","Defend_R","Bash","Brutality","Flame Barrier","Body Slam"],"special_seed":0,"relics":["Burning Blood","Bag of Preparation","Orichalcum"],"potions_floor_usage":[7,8],"damage_taken":[{"damage":17,"enemies":"Jaw Worm","floor":1,"turns":5},{"damage":6,"enemies":"Cultist","floor":2,"turns":3},{"damage":6,"enemies":"2 Louse","floor":4,"turns":3},{"damage":26,"enemies":"Blue Slaver","floor":5,"turns":5},{"damage":44,"enemies":"Gremlin Nob","floor":7,"turns":5},{"damage":1,"enemies":"Looter","floor":8,"turns":3},{"damage":35,"enemies":"3 Sentries","floor":10,"turns":4}],"seed_played":"-4686621820353505635","potions_obtained":[{"floor":1,"key":"PowerPotion"},{"floor":7,"key":"SkillPotion"}],"is_trial":false,"path_per_floor":["M","M","?","M","M","R","E","M","T","E"],"character_chosen":"IRONCLAD","items_purchased":[],"campfire_rested":1,"item_purchase_floors":[],"current_hp_per_floor":[61,61,61,61,41,65,27,32,32,0],"gold":266,"neow_bonus":"ONE_RANDOM_RARE_CARD","is_prod":false,"is_daily":false,"chose_seed":false,"campfire_upgraded":0,"win_rate":0,"timestamp":1557496016,"path_taken":["M","M","?","M","M","R","E","M","T","E"],"build_version":"2019-01-23","purchased_purges":0,"victory":false,"max_hp_per_floor":[80,80,80,80,80,80,80,80,80,80],"card_choices":[{"not_picked":["Uppercut","Headbutt","Clash"],"picked":"SKIP","floor":1},{"not_picked":["Clothesline","Twin Strike","Perfected Strike"],"picked":"SKIP","floor":2},{"not_picked":["Carnage","Body Slam"],"picked":"Flame Barrier","floor":4},{"not_picked":["Bloodletting","Sentinel","Second Wind"],"picked":"SKIP","floor":5},{"not_picked":["Anger","Second Wind"],"picked":"Body Slam","floor":7},{"not_picked":["Wild Strike","Pummel","Hemokinesis"],"picked":"SKIP","floor":8}],"player_experience":445309,"relics_obtained":[{"floor":7,"key":"Bag of Preparation"},{"floor":9,"key":"Orichalcum"}],"event_choices":[{"damage_healed":0,"gold_gain":0,"player_choice":"0 cards matched","damage_taken":0,"max_hp_gain":0,"max_hp_loss":0,"event_name":"Match and Keep!","floor":3,"gold_loss":0,"cards_obtained":[]}],"is_beta":false,"boss_relics":[],"items_purged_floors":[],"is_endless":false,"potions_floor_spawned":[1,7],"killed_by":"3 Sentries","ascension_level":9}