{"gold_per_floor":[17,34,54,71,82,82,82,82,82,6,17,34,48,64,64,169,169,188,188,66,165,165,165,65,83,83,83,96,96,109,24,24,24],"floor_reached":33,"playtime":2192,"items_purged":["Defend_B","Strike_B"],"score":266,"play_id":"20e946d7-3556-4090-9f41-bad116407df0","local_time":"20190107194651","is_ascension_mode":false,"campfire_choices":[{"data":"Chaos","floor":6,"key":"SMITH"},{"data":"Loop","floor":8,"key":"SMITH"},{"floor":15,"key":"REST"},{"floor":23,"key":"REST"},{"floor":27,"key":"REST"},{"data":"Defragment","floor":29,"key":"SMITH"},{"floor":32,"key":"REST"}],"neow_cost":"NO_GOLD","seed_source_timestamp":7679507125277,"circlet_count":0,"master_deck":["Strike_B","Strike_B","Defend_B","Defend_B","Zap","Dualcast","Steam Power","Coolheaded+1","Cold Snap","Loop+1","Compile Driver","Ball Lightning","Chaos+1","Defragment+1","Redo","Lockon","Seek","Machine Learning","Chaos","Beam Cell","Doom and Gloom","Conserve Battery+1","Capacitor"],"relics":["Cracked Core","Kunai","Nuclear Battery","Blood Vial"],"potions_floor_usage":[16,16,18,33,33],"damage_taken":[{"damage":4,"enemies":"Jaw Worm","floor":1,"turns":3},{"damage":0,"enemies":"Cultist","floor":2,"turns":3},{"damage":0,"enemies":"2 Louse","floor":3,"turns":2},{"damage":9,"enemies":"Exordium Thugs","floor":4,"turns":5},{"damage":6,"enemies":"Looter","floor":5,"turns":3},{"damage":0,"enemies":"Blue Slaver","floor":11,"turns":4},{"damage":26,"enemies":"Gremlin Gang","floor":12,"turns":4},{"damage":7,"enemies":"Looter","floor":13,"turns":2},{"damage":7,"enemies":"2 Fungi Beasts","floor":14,"turns":3},{"damage":9,"enemies":"Slime Boss","floor":16,"turns":5},{"damage":32,"enemies":"2 Thieves","floor":18,"turns":4},{"damage":28,"enemies":"Colosseum Slavers","floor":22,"turns":3},{"damage":0,"enemies":"Shell Parasite","floor":25,"turns":3},{"damage":7,"enemies":"Cultist and Chosen","floor":28,"turns":5},{"damage":24,"enemies":"Shelled Parasite and Fungi","floor":30,"turns":3},{"damage":64,"enemies":"Collector","floor":33,"turns":8}],"seed_played":"-5397445633331453171","potions_obtained":[{"floor":4,"key":"Weak Potion"},{"floor":11,"key":"Dexterity Potion"},{"floor":12,"key":"Swift Potion"},{"floor":16,"key":"Swift Potion"},{"floor":28,"key":"GamblersBrew"}],"is_trial":false,"path_per_floor":["M","M","M","M","M","R","?","R","T","$","M","M","M","M","R","B",null,"M","?","$","?","?","R","$","M","T","R","M","R","M","$","R","B"],"character_chosen":"DEFECT","items_purchased":["Defragment","Beam Cell","Capacitor","Energy Potion"],"campfire_rested":4,"item_purchase_floors":[10,20,31,31],"current_hp_per_floor":[71,71,71,62,56,56,56,56,56,56,56,30,23,16,38,29,75,43,43,43,43,15,37,37,37,37,59,54,54,32,32,54,0],"gold":24,"neow_bonus":"TRANSFORM_TWO_CARDS","is_prod":false,"is_daily":false,"chose_seed":false,"campfire_upgraded":3,"win_rate":0,"timestamp":1546850811,"path_taken":["M","M","M","M","M","R","?","R","T","$","?","M","M","M","R","BOSS","M","?","$","?","?","R","?","M","T","R","?","R","M","$","R","BOSS"],"build_version":"2019-01-03v4","purchased_purges":2,"victory":false,"max_hp_per_floor":[75,75,75,75,75,75,75,75,75,75,75,75,75,75,75,75,75,75,75,75,75,75,75,75,75,75,75,75,75,75,75,75,75],"card_choices":[{"not_picked":["Leap","Compile Driver"],"picked":"Cold Snap","floor":1},{"not_picked":["Coolheaded","Capacitor"],"picked":"Loop","floor":2},{"not_picked":["Fusion","Steam"],"picked":"Compile Driver","floor":3},{"not_picked":["Double Energy","Leap"],"picked":"Ball Lightning","floor":4},{"not_picked":["Rip and Tear","Hello World"],"picked":"Chaos","floor":5},{"not_picked":["Gash","Static Discharge"],"picked":"Redo","floor":11},{"not_picked":["Streamline","Chill"],"picked":"Lockon","floor":12},{"not_picked":["Compile Driver","Redo"],"picked":"Seek","floor":13},{"not_picked":["Steam Power","Aggregate","Steam"],"picked":"SKIP","floor":14},{"not_picked":["Reboot","Seek"],"picked":"Machine Learning","floor":16},{"not_picked":["Cold Snap","Hologram+1"],"picked":"Chaos","floor":18},{"not_picked":["Reprogram","Rebound"],"picked":"Doom and Gloom","floor":25},{"not_picked":["Rebound","Leap"],"picked":"Conserve Battery+1","floor":28},{"not_picked":["Blizzard","Leap","Redo"],"picked":"SKIP","floor":30}],"player_experience":42766,"relics_obtained":[{"floor":9,"key":"Kunai"},{"floor":26,"key":"Blood Vial"}],"event_choices":[{"damage_healed":0,"gold_gain":0,"player_choice":"Forge","damage_taken":0,"max_hp_gain":0,"max_hp_loss":0,"event_name":"Accursed Blacksmith","floor":7,"gold_loss":0,"cards_upgraded":["Coolheaded"]},{"damage_healed":0,"gold_gain":0,"player_choice":"Ignored","damage_taken":0,"max_hp_gain":0,"max_hp_loss":0,"event_name":"Vampires","floor":19,"gold_loss":0},{"damage_healed":0,"gold_gain":99,"player_choice":"Stole From Cult","damage_taken":0,"max_hp_gain":0,"max_hp_loss":0,"event_name":"Nest","floor":21,"gold_loss":0},{"damage_healed":0,"gold_gain":0,"player_choice":"Fight","damage_taken":0,"max_hp_gain":0,"max_hp_loss":0,"event_name":"Colosseum","floor":22,"gold_loss":0},{"damage_healed":0,"gold_gain":0,"player_choice":"Fled From Nobs","damage_taken":0,"max_hp_gain":0,"max_hp_loss":0,"event_name":"Colosseum","floor":22,"gold_loss":0}],"is_beta":false,"boss_relics":[{"not_picked":["Runic Dome","Astrolabe"],"picked":"Nuclear Battery"}],"items_purged_floors":[20,24],"is_endless":false,"potions_floor_spawned":[4,11,12,16,28],"killed_by":"Collector","ascension_level":0}