{"gold_per_floor":[117,192,192,192,27,27,51,51,51,86,86,86,110,126,126,221,221,235,235,256,256,6,6],"floor_reached":23,"playtime":2026,"items_purged":["Strike_G"],"score":424,"play_id":"417447c6-a692-45fb-a700-644677cdf0b4","local_time":"20190309111126","is_ascension_mode":true,"campfire_choices":[{"data":"Noxious Fumes","floor":6,"key":"SMITH"},{"data":"Neutralize","floor":8,"key":"SMITH"},{"data":"Backflip","floor":11,"key":"SMITH"},{"data":"Well Laid Plans","floor":15,"key":"SMITH"}],"neow_cost":"NONE","seed_source_timestamp":255523416273052,"circlet_count":0,"master_deck":["AscendersBane","Survivor","Neutralize+1","Flying Knee","Noxious Fumes+1","Outmaneuver","Backflip+1","Well Laid Plans+1","Accuracy","Envenom","Calculated Gamble","Deflect","Malaise","Bullet Time","Die Die Die","Masterful Stab","Backflip","Blur","Bouncing Flask","Backflip","Blade Dance","Panache"],"relics":["Ring of the Snake","NeowsBlessing","Bloody Idol","Kunai","Orichalcum","Pandora\u0027s Box"],"potions_floor_usage":[16,16,18],"damage_taken":[{"damage":0,"enemies":"Cultist","floor":1,"turns":1},{"damage":0,"enemies":"Jaw Worm","floor":7,"turns":1},{"damage":0,"enemies":"3 Sentries","floor":10,"turns":2},{"damage":1,"enemies":"2 Louse","floor":13,"turns":4},{"damage":0,"enemies":"2 Fungi Beasts","floor":14,"turns":4},{"damage":4,"enemies":"The Guardian","floor":16,"turns":10},{"damage":25,"enemies":"3 Byrds","floor":18,"turns":7},{"damage":2,"enemies":"Chosen","floor":20,"turns":5},{"damage":34,"enemies":"Book of Stabbing","floor":23,"turns":4}],"seed_played":"3291932564915785299","potions_obtained":[{"floor":7,"key":"Poison Potion"},{"floor":14,"key":"Explosive Potion"},{"floor":16,"key":"Energy Potion"}],"is_trial":false,"path_per_floor":["M","?","?","?","$","R","M","R","T","E","R","?","M","M","R","B",null,"M","?","M","?","$","E"],"character_chosen":"THE_SILENT","items_purchased":["Noxious Fumes","Blade Dance","Panache"],"campfire_rested":0,"item_purchase_floors":[5,22,22],"current_hp_per_floor":[59,48,48,53,53,53,53,53,53,53,53,46,45,45,45,41,59,34,34,32,32,32,0],"gold":6,"neow_bonus":"THREE_ENEMY_KILL","is_prod":false,"is_daily":false,"chose_seed":false,"campfire_upgraded":4,"win_rate":0,"timestamp":1552126286,"path_taken":["M","?","?","?","$","R","M","R","T","E","R","?","M","M","R","BOSS","M","?","M","?","$","E"],"build_version":"2019-01-23","purchased_purges":1,"victory":false,"max_hp_per_floor":[66,66,60,65,65,65,65,65,65,65,65,65,65,65,65,65,65,65,65,65,65,65,65],"card_choices":[{"not_picked":["Underhanded Strike","Acrobatics"],"picked":"Flying Knee","floor":1},{"not_picked":["Underhanded Strike","Choke"],"picked":"Outmaneuver","floor":7},{"not_picked":["Escape Plan","Choke"],"picked":"Backflip","floor":10},{"not_picked":["Underhanded Strike","Outmaneuver"],"picked":"Well Laid Plans","floor":13},{"not_picked":["Concentrate","Dodge and Roll"],"picked":"Accuracy","floor":14},{"not_picked":["Glass Knife","Venomology"],"picked":"Envenom","floor":16},{"not_picked":["Skewer+1","Escape Plan+1"],"picked":"Backflip","floor":18},{"not_picked":["Dagger Throw","Dodge and Roll"],"picked":"Backflip","floor":20}],"player_experience":2879176,"relics_obtained":[{"floor":9,"key":"Kunai"},{"floor":10,"key":"Orichalcum"}],"event_choices":[{"damage_healed":0,"gold_gain":75,"player_choice":"Gather Gold","damage_taken":11,"max_hp_gain":0,"max_hp_loss":0,"event_name":"World of Goop","floor":2,"gold_loss":0},{"damage_healed":0,"gold_gain":0,"player_choice":"Lose Max HP","damage_taken":0,"relics_obtained":["Golden Idol"],"max_hp_gain":0,"max_hp_loss":6,"event_name":"Golden Idol","floor":3,"gold_loss":0},{"damage_healed":0,"gold_gain":0,"player_choice":"Donut","damage_taken":0,"max_hp_gain":5,"max_hp_loss":0,"event_name":"Big Fish","floor":4,"gold_loss":0},{"cards_removed":["Strike_G"],"damage_healed":0,"gold_gain":0,"player_choice":"Card Removal","damage_taken":7,"max_hp_gain":0,"max_hp_loss":0,"event_name":"Golden Wing","floor":12,"gold_loss":0},{"damage_healed":0,"gold_gain":0,"cards_transformed":["Envenom","Reflex"],"player_choice":"Became Test Subject","damage_taken":0,"max_hp_gain":0,"max_hp_loss":0,"event_name":"Drug Dealer","floor":19,"gold_loss":0,"cards_obtained":["Blur","Bouncing Flask"]},{"damage_healed":0,"gold_gain":0,"player_choice":"Gave Idol","damage_taken":0,"relics_obtained":["Bloody Idol"],"max_hp_gain":0,"max_hp_loss":0,"event_name":"Forgotten Altar","floor":21,"relics_lost":["Golden Idol"],"gold_loss":0}],"is_beta":false,"boss_relics":[{"not_picked":["Coffee Dripper","Eternal Feather"],"picked":"Pandora\u0027s Box"}],"items_purged_floors":[5],"is_endless":false,"potions_floor_spawned":[7,14,16],"killed_by":"Book of Stabbing","ascension_level":20}