{"gold_per_floor":[114,289,299,299,299,299,314,340,391,52,67,83,108,8,8,82,82,94,94,107,107,126,126,160,160,160,176,176],"floor_reached":28,"playtime":2501,"items_purged":["Shame","Doubt"],"score":409,"play_id":"759b1871-c454-4c76-b9bb-fe8a17dd009b","local_time":"20190328210308","is_ascension_mode":true,"campfire_choices":[{"data":"Blade Dance","floor":6.0,"key":"SMITH"},{"floor":15.0,"key":"REST"},{"floor":23,"key":"REST"},{"floor":25,"key":"REST"}],"neow_cost":"NONE","seed_source_timestamp":257385594710004,"circlet_count":0,"master_deck":["AscendersBane","Defend_G","Defend_G","Defend_G","Defend_G","Defend_G","Strike_G","Strike_G","Strike_G","Strike_G","Strike_G","Survivor","Neutralize","Parasite","Regret","Blade Dance+1","Flying Knee","PiercingWail","Purity","Neutralize","Blade Dance","Dagger Throw","Noxious Fumes","Backflip","Footwork","Backflip+1","A Thousand Cuts","Blur+1","Backstab","Blade Dance+1","Deflect+1","Backflip+1"],"special_seed":0,"relics":["Calling Bell","Pen Nib","Nunchaku","Kunai","Pocketwatch","Bag of Marbles","Lantern","ClockworkSouvenir","Toxic Egg 2","Sozu","Smiling Mask","Mummified Hand"],"potions_floor_usage":[],"damage_taken":[{"damage":4.0,"enemies":"Small Slimes","floor":1.0,"turns":6.0},{"damage":10.0,"enemies":"Jaw Worm","floor":3.0,"turns":7.0},{"damage":0.0,"enemies":"Cultist","floor":7.0,"turns":4.0},{"damage":8.0,"enemies":"3 Sentries","floor":8.0,"turns":7.0},{"damage":8.0,"enemies":"Lots of Slimes","floor":11.0,"turns":4.0},{"damage":3.0,"enemies":"Red Slaver","floor":12.0,"turns":4.0},{"damage":25.0,"enemies":"Lagavulin","floor":13.0,"turns":7.0},{"damage":16.0,"enemies":"The Guardian","floor":16.0,"turns":14.0},{"damage":8.0,"enemies":"Spheric Guardian","floor":18.0,"turns":4.0},{"damage":29,"enemies":"Colosseum Slavers","floor":19,"turns":5},{"damage":4,"enemies":"Chosen","floor":20,"turns":7},{"damage":5,"enemies":"Snecko","floor":22,"turns":5},{"damage":28,"enemies":"Slavers","floor":24,"turns":6},{"damage":14,"enemies":"3 Cultists","floor":27,"turns":5},{"damage":18,"enemies":"Snake Plant","floor":28,"turns":2}],"seed_played":"-2974365442306396754","potions_obtained":[{"floor":1.0,"key":"AttackPotion"},{"floor":7.0,"key":"Energy Potion"},{"floor":11.0,"key":"Weak Potion"},{"floor":12.0,"key":"Regen Potion"},{"floor":16.0,"key":"EntropicBrew"}],"is_trial":false,"path_per_floor":["M","?","M","T","?","R","M","E","T","$","M","M","E","$","R","B",null,"M","?","M","$","M","R","E","R","T","M","M"],"character_chosen":"THE_SILENT","items_purchased":["Noxious Fumes","ClockworkSouvenir"],"campfire_rested":3,"item_purchase_floors":[10,10],"current_hp_per_floor":[59,59,49,49,49,49,49,41,41,41,33,30,20,20,41,25,59,51,22,18,18,13,34,6,27,27,13,0],"gold":176,"neow_bonus":"BOSS_RELIC","is_prod":false,"is_daily":false,"chose_seed":false,"campfire_upgraded":1,"win_rate":0,"timestamp":1553832188,"path_taken":["M","?","M","?","?","R","?","E","T","?","?","M","E","$","R","BOSS","M","?","M","$","M","R","E","R","T","M","M"],"build_version":"2019-01-23","purchased_purges":2,"victory":false,"max_hp_per_floor":[70,70,70,70,70,70,70,70,70,70,70,70,70,70,70,70,70,70,70,70,70,70,70,70,70,70,70,70],"card_choices":[{"not_picked":["Slice","Quick Slash"],"picked":"Blade Dance","floor":1.0},{"not_picked":["Sucker Punch","Setup"],"picked":"Flying Knee","floor":3.0},{"not_picked":["Flechettes","Skewer"],"picked":"Blade Dance","floor":7.0},{"not_picked":["Sucker Punch","Crippling Poison"],"picked":"Dagger Throw","floor":8.0},{"not_picked":["Outmaneuver","Poisoned Stab"],"picked":"Backflip","floor":11.0},{"not_picked":["PiercingWail","Terror"],"picked":"Footwork","floor":12.0},{"not_picked":["Distraction","Poisoned Stab"],"picked":"Backflip","floor":13.0},{"not_picked":["Storm of Steel+1","Wraith Form v2"],"picked":"A Thousand Cuts","floor":16.0},{"not_picked":["Skewer","Riddle With Holes"],"picked":"Blur+1","floor":18.0},{"not_picked":["Catalyst+1","Flechettes"],"picked":"Backstab","floor":20},{"not_picked":["Backflip+1","Escape Plan+1"],"picked":"Blade Dance+1","floor":22},{"not_picked":["Bouncing Flask+1","PiercingWail+1"],"picked":"Deflect+1","floor":24},{"not_picked":["Acrobatics+1","Well Laid Plans"],"picked":"Backflip+1","floor":27}],"player_experience":559357,"relics_obtained":[{"floor":0.0,"key":"Pen Nib"},{"floor":0.0,"key":"Nunchaku"},{"floor":0.0,"key":"Kunai"},{"floor":4.0,"key":"Pocketwatch"},{"floor":8.0,"key":"Bag of Marbles"},{"floor":9.0,"key":"Lantern"},{"floor":13.0,"key":"Toxic Egg 2"},{"floor":24,"key":"Smiling Mask"},{"floor":26,"key":"Mummified Hand"}],"event_choices":[{"damage_healed":0.0,"max_hp_gain":0.0,"max_hp_loss":0.0,"gold_gain":175.0,"event_name":"Liars Game","player_choice":"AGREE","floor":2.0,"gold_loss":0.0,"damage_taken":0.0,"cards_obtained":["Doubt"]},{"damage_healed":0.0,"max_hp_gain":0.0,"max_hp_loss":0.0,"gold_gain":0.0,"event_name":"Match and Keep!","player_choice":"3 cards matched","floor":5.0,"gold_loss":0.0,"damage_taken":0.0,"cards_obtained":["PiercingWail","Purity","Neutralize"]},{"damage_healed":0,"gold_gain":0,"player_choice":"Fight","damage_taken":0,"max_hp_gain":0,"max_hp_loss":0,"event_name":"Colosseum","floor":19,"gold_loss":0},{"damage_healed":0,"gold_gain":0,"player_choice":"Fled From Nobs","damage_taken":0,"max_hp_gain":0,"max_hp_loss":0,"event_name":"Colosseum","floor":19,"gold_loss":0}],"is_beta":false,"boss_relics":[{"not_picked":["Runic Dome","HoveringKite"],"picked":"Sozu"}],"items_purged_floors":[10,14],"is_endless":false,"potions_floor_spawned":[1,7,11,12,16,18,19,20],"killed_by":"Snake Plant","ascension_level":13}