{"gold_per_floor":[115,115,128,228,31,31,56,76,76,76,89,119,134,160,160,160],"floor_reached":16,"playtime":484,"items_purged":[],"score":238,"play_id":"75a7cb9a-f4c2-4370-9cc3-d9e4a1e3b6ad","local_time":"20190509174356","is_ascension_mode":true,"campfire_choices":[{"data":"Bash","floor":6,"key":"SMITH"},{"data":"Entrench","floor":10,"key":"SMITH"},{"floor":15,"key":"REST"}],"neow_cost":"NONE","seed_source_timestamp":1149524319958174,"circlet_count":0,"master_deck":["Strike_R","Strike_R","Strike_R","Strike_R","Strike_R","Defend_R","Defend_R","Defend_R","Defend_R","Bash+1","Entrench+1","Shrug It Off","Thunderclap","Shrug It Off","Cleave","Pommel Strike","Flame Barrier"],"relics":["Burning Blood","NeowsBlessing","Medical Kit","WingedGreaves","Question Card","Nunchaku","Blood Vial"],"potions_floor_usage":[11,14],"damage_taken":[{"damage":0,"enemies":"2 Louse","floor":1,"turns":1},{"damage":0,"enemies":"Cultist","floor":3,"turns":1},{"damage":0,"enemies":"Gremlin Nob","floor":7,"turns":1},{"damage":2,"enemies":"Small Slimes","floor":8,"turns":4},{"damage":46,"enemies":"Exordium Thugs","floor":11,"turns":6},{"damage":34,"enemies":"3 Sentries","floor":12,"turns":9},{"damage":15,"enemies":"2 Fungi Beasts","floor":13,"turns":3},{"damage":0,"enemies":"Lagavulin","floor":14,"turns":9},{"damage":43,"enemies":"The Guardian","floor":16,"turns":6}],"seed_played":"-417465841765371074","potions_obtained":[{"floor":3,"key":"FearPotion"},{"floor":8,"key":"Energy Potion"},{"floor":13,"key":"PowerPotion"}],"is_trial":false,"path_per_floor":["?","?"],"character_chosen":"IRONCLAD","items_purchased":["Medical Kit"],"campfire_rested":1,"item_purchase_floors":[5],"current_hp_per_floor":[78,83,85,85,85,85,85,85,85,85,45,17,8,14,39,0],"gold":160,"neow_bonus":"THREE_ENEMY_KILL","is_prod":false,"is_daily":false,"chose_seed":false,"campfire_upgraded":2,"win_rate":0,"timestamp":1557416636,"path_taken":["M","?","M","?","$","R","E","M","T","R","M","E","M","E","R","BOSS"],"build_version":"2019-01-23","purchased_purges":0,"victory":false,"max_hp_per_floor":[80,85,85,85,85,85,85,85,85,85,85,85,85,85,85,85],"card_choices":[{"not_picked":["Body Slam","Reckless Charge"],"picked":"Entrench","floor":1},{"not_picked":["Corruption","Havoc"],"picked":"Shrug It Off","floor":3},{"not_picked":["Clash","True Grit"],"picked":"Thunderclap","floor":7},{"not_picked":["Flex","Blood for Blood"],"picked":"Shrug It Off","floor":8},{"not_picked":["Sword Boomerang","Burning Pact","Clash"],"picked":"Cleave","floor":11},{"not_picked":["Evolve","Armaments","Corruption","Fire Breathing"],"picked":"SKIP","floor":12},{"not_picked":["Bloodletting","Havoc","Dual Wield"],"picked":"Pommel Strike","floor":13},{"not_picked":["Thunderclap","Pommel Strike","Twin Strike"],"picked":"Flame Barrier","floor":14}],"player_experience":259259,"relics_obtained":[{"floor":7,"key":"WingedGreaves"},{"floor":9,"key":"Question Card"},{"floor":12,"key":"Nunchaku"},{"floor":14,"key":"Blood Vial"}],"event_choices":[{"damage_healed":0,"gold_gain":0,"player_choice":"Donut","damage_taken":0,"max_hp_gain":5,"max_hp_loss":0,"event_name":"Big Fish","floor":2,"gold_loss":0},{"damage_healed":0,"gold_gain":100,"player_choice":"Gold","damage_taken":0,"max_hp_gain":0,"max_hp_loss":0,"event_name":"Wheel of Change","floor":4,"gold_loss":0}],"is_beta":false,"boss_relics":[],"items_purged_floors":[],"is_endless":false,"potions_floor_spawned":[3,8,13],"killed_by":"The Guardian","ascension_level":8}