{"gold_per_floor":[109,109,123,123,135,135,155,186,240,46,75,94,129,129,129,129],"floor_reached":16,"playtime":1701,"items_purged":[],"score":120,"play_id":"3a9bd841-15f1-4287-a582-7d17aae06e44","local_time":"20180716195804","is_ascension_mode":false,"campfire_choices":[{"data":"Fire Breathing","floor":6.0,"key":"SMITH"},{"floor":15,"key":"REST"}],"neow_cost":"TEN_PERCENT_HP_LOSS","seed_source_timestamp":0,"circlet_count":0,"master_deck":["Strike_R","Strike_R","Strike_R+1","Defend_R","Defend_R","Defend_R","Defend_R","Bash","Shrug It Off","Fire Breathing+1","Pommel Strike+1","Flex","Reaper","Berserk"],"special_seed":17728,"relics":["Burning Blood","Dodecahedron","GremlinMask","Oddly Smooth Stone","Boot","Sling","Whetstone","Magic Flower"],"potions_floor_usage":[13,16,16],"damage_taken":[{"damage":15.0,"enemies":"Jaw Worm","floor":1.0,"turns":5.0},{"damage":0.0,"enemies":"2 Louse","floor":3.0,"turns":4.0},{"damage":2.0,"enemies":"Cultist","floor":5.0,"turns":4.0},{"damage":4.0,"enemies":"Blue Slaver","floor":7.0,"turns":8.0},{"damage":29.0,"enemies":"Lagavulin","floor":8.0,"turns":8.0},{"damage":18,"enemies":"Gremlin Nob","floor":11,"turns":5},{"damage":8,"enemies":"3 Louse","floor":12,"turns":4},{"damage":17,"enemies":"Lagavulin","floor":13,"turns":7},{"damage":55,"enemies":"Hexaghost","floor":16,"turns":9}],"seed_played":"-2205032152784244808","potions_obtained":[{"floor":3.0,"key":"Block Potion"},{"floor":7.0,"key":"Poison Potion"},{"floor":8.0,"key":"FearPotion"},{"floor":13,"key":"AttackPotion"}],"is_trial":false,"path_per_floor":["M","?","M","?","M","R","M","E","T","$","E","M","E","?","R"],"character_chosen":"IRONCLAD","items_purchased":["Sling"],"campfire_rested":1,"item_purchase_floors":[10],"current_hp_per_floor":[63,60,66,66,70,70,72,49,49,49,37,44,33,33,54,0],"gold":129,"neow_bonus":"REMOVE_TWO","is_prod":false,"is_daily":false,"chose_seed":false,"campfire_upgraded":1,"win_rate":0.0,"timestamp":1531785484,"path_taken":["M","?","M","?","M","R","M","E","T","$","E","M","E","?","R","BOSS"],"build_version":"2018-07-13","purchased_purges":0,"victory":false,"max_hp_per_floor":[72,72,72,72,72,72,72,72,72,72,72,72,72,72,72,72],"card_choices":[{"not_picked":["Rage","Cleave"],"picked":"Shrug It Off","floor":1.0},{"not_picked":["Body Slam","Rampage","Dropkick"],"picked":"SKIP","floor":3.0},{"not_picked":["Intimidate","Sever Soul"],"picked":"Fire Breathing","floor":5.0},{"not_picked":["Body Slam","Combust"],"picked":"Pommel Strike","floor":7.0},{"not_picked":["Anger","Battle Trance"],"picked":"Flex","floor":8.0},{"not_picked":["Perfected Strike","Pommel Strike"],"picked":"Reaper","floor":11},{"not_picked":["Body Slam","Carnage","Clothesline"],"picked":"SKIP","floor":12},{"not_picked":["Rupture","Headbutt"],"picked":"Berserk","floor":13}],"player_experience":10039,"relics_obtained":[{"floor":8.0,"key":"Oddly Smooth Stone"},{"floor":9.0,"key":"Boot"},{"floor":11,"key":"Whetstone"},{"floor":13,"key":"Magic Flower"}],"event_choices":[{"event_name":"Scrap Ooze","player_choice":"success","floor":2.0,"damage_taken":3.0},{"event_name":"FaceTrader","player_choice":"Trade","floor":4.0,"damage_taken":0.0},{"event_name":"Liars Game","player_choice":"disagreed","floor":14,"damage_taken":0}],"boss_relics":[],"items_purged_floors":[],"is_endless":false,"potions_floor_spawned":[3,7,8,13],"killed_by":"Hexaghost","ascension_level":0}