{"gold_per_floor":[111,36,48,130,141,141,152,162,186,198,198,211,229,247,247,345,345,361,373,389,369,33,68,68,88,134,148,159,89,99,99,99,99],"floor_reached":33,"playtime":2402,"items_purged":["Strike_B"],"score":267,"play_id":"edc1b987-2548-4dd8-9230-8c7bedf196de","local_time":"20190507011947","is_ascension_mode":false,"campfire_choices":[{"floor":6.0,"key":"RECALL"},{"data":"Capacitor","floor":15.0,"key":"SMITH"},{"floor":24,"key":"REST"},{"floor":32,"key":"REST"}],"neow_cost":"NONE","seed_source_timestamp":0,"circlet_count":0,"master_deck":["Strike_B","Strike_B","Strike_B","Defend_B","Defend_B","Defend_B","Defend_B","Zap","Dualcast","Machine Learning","Ball Lightning","Glacier","Capacitor+1","BootSequence+1","Cold Snap","Ball Lightning","Redo","Barrage","Compile Driver","Rainbow","Leap+1","Go for the Eyes","Static Discharge","Discovery","Tempest","Stack","Barrage+1","Conserve Battery","Conserve Battery","Cold Snap","Coolheaded"],"special_seed":0,"relics":["Cracked Core","Lantern","Philosopher\u0027s Stone","Bottled Flame","Orichalcum","Vajra","Darkstone Periapt"],"potions_floor_usage":[19,19,20,23,28,30],"damage_taken":[{"damage":4.0,"enemies":"Cultist","floor":1.0,"turns":4.0},{"damage":4.0,"enemies":"Jaw Worm","floor":3.0,"turns":4.0},{"damage":0.0,"enemies":"Small Slimes","floor":5.0,"turns":4.0},{"damage":3.0,"enemies":"Blue Slaver","floor":7.0,"turns":3.0},{"damage":0.0,"enemies":"3 Louse","floor":8.0,"turns":5.0},{"damage":5.0,"enemies":"Large Slime","floor":10.0,"turns":7.0},{"damage":0.0,"enemies":"2 Fungi Beasts","floor":12.0,"turns":2.0},{"damage":0.0,"enemies":"Exordium Wildlife","floor":13.0,"turns":6.0},{"damage":4.0,"enemies":"Looter","floor":14.0,"turns":3.0},{"damage":36.0,"enemies":"The Guardian","floor":16.0,"turns":10.0},{"damage":7,"enemies":"Shell Parasite","floor":18,"turns":6},{"damage":0,"enemies":"2 Thieves","floor":19,"turns":4},{"damage":15,"enemies":"3 Cultists","floor":20,"turns":6},{"damage":38,"enemies":"Book of Stabbing","floor":23,"turns":5},{"damage":9,"enemies":"Snecko","floor":25,"turns":7},{"damage":25,"enemies":"Cultist and Chosen","floor":27,"turns":6},{"damage":6,"enemies":"Snake Plant","floor":28,"turns":3},{"damage":1,"enemies":"Sentry and Sphere","floor":30,"turns":6},{"damage":26,"enemies":"Collector","floor":33,"turns":5}],"seed_played":"8877964465176052726","potions_obtained":[{"floor":3.0,"key":"SteroidPotion"},{"floor":5.0,"key":"FearPotion"},{"floor":10.0,"key":"Regen Potion"},{"floor":12.0,"key":"Block Potion"},{"floor":14.0,"key":"Regen Potion"},{"floor":18,"key":"SpeedPotion"},{"floor":21,"key":"Dexterity Potion"},{"floor":23,"key":"Strength Potion"},{"floor":28,"key":"AttackPotion"}],"is_trial":false,"path_per_floor":["T","?","?","M","?"],"character_chosen":"DEFECT","items_purchased":["Bottled Flame","Discovery","Conserve Battery","Cold Snap"],"campfire_rested":2,"item_purchase_floors":[22,22,29,29],"current_hp_per_floor":[71,71,67,67,67,67,64,64,64,59,59,59,59,55,55,34,75,68,75,60,60,60,22,44,35,35,10,4,4,3,3,25,0],"gold":99,"neow_bonus":"ONE_RANDOM_RARE_CARD","is_prod":false,"is_daily":false,"chose_seed":false,"campfire_upgraded":1,"win_rate":0,"timestamp":1557217187,"path_taken":["M","$","M","?","M","R","M","M","T","M","?","M","M","M","R","BOSS","M","M","M","?","$","E","R","M","T","M","?","$","M","?","R","BOSS"],"build_version":"2019-01-23","purchased_purges":1,"victory":false,"max_hp_per_floor":[75,75,75,75,75,75,75,75,75,75,75,75,75,75,75,75,75,75,75,75,75,75,75,75,75,75,75,75,75,75,75,75,75],"card_choices":[{"not_picked":["Streamline","Beam Cell"],"picked":"Ball Lightning","floor":1.0},{"not_picked":["Recycle","Fusion"],"picked":"Glacier","floor":3.0},{"not_picked":["Beam Cell","Go for the Eyes"],"picked":"Capacitor","floor":5.0},{"not_picked":["Steam","Cold Snap"],"picked":"BootSequence","floor":7.0},{"not_picked":["Thunder Strike","Aggregate"],"picked":"Cold Snap","floor":8.0},{"not_picked":["Tempest","Auto Shields"],"picked":"Ball Lightning","floor":10.0},{"not_picked":["Sunder","Beam Cell"],"picked":"Redo","floor":12.0},{"not_picked":["Redo","Rebound"],"picked":"Barrage","floor":13.0},{"not_picked":["Rebound","Double Energy"],"picked":"Compile Driver","floor":14.0},{"not_picked":["Hyperbeam","Buffer"],"picked":"Rainbow","floor":16.0},{"not_picked":["Ball Lightning","Chaos"],"picked":"Leap+1","floor":18},{"not_picked":["Steam","Hologram"],"picked":"Go for the Eyes","floor":19},{"not_picked":["Conserve Battery","Ball Lightning"],"picked":"Static Discharge","floor":20},{"not_picked":["Loop","Doom and Gloom"],"picked":"Tempest","floor":23},{"not_picked":["Coolheaded","Go for the Eyes"],"picked":"Stack","floor":25},{"not_picked":["Coolheaded+1","Compile Driver"],"picked":"Barrage+1","floor":27},{"not_picked":["Sunder+1","Storm"],"picked":"Conserve Battery","floor":28},{"not_picked":["Hologram","Steam Power+1"],"picked":"Coolheaded","floor":30}],"player_experience":143710,"relics_obtained":[{"floor":9.0,"key":"Lantern"},{"floor":23,"key":"Orichalcum"},{"floor":26,"key":"Vajra"}],"event_choices":[{"damage_healed":0.0,"max_hp_gain":0.0,"max_hp_loss":0.0,"gold_gain":0.0,"event_name":"Living Wall","player_choice":"Grow","floor":11.0,"gold_loss":0.0,"damage_taken":0.0,"cards_upgraded":["BootSequence"]},{"damage_healed":0,"gold_gain":0,"player_choice":"Bought 1 Potion","damage_taken":0,"max_hp_gain":0,"max_hp_loss":0,"event_name":"The Woman in Blue","floor":21,"gold_loss":0},{"damage_healed":0,"gold_gain":0,"player_choice":"Opened","damage_taken":0,"relics_obtained":["Darkstone Periapt"],"max_hp_gain":0,"max_hp_loss":0,"event_name":"The Mausoleum","floor":31,"gold_loss":0}],"is_beta":false,"boss_relics":[{"not_picked":["Runic Pyramid","Tiny House"],"picked":"Philosopher\u0027s Stone"}],"items_purged_floors":[2],"is_endless":false,"potions_floor_spawned":[3,5,10,12,14,18,23,28],"killed_by":"Collector","ascension_level":0}