{"gold_per_floor":[109,74,74,93,103,103,134,134,134,144,69,100,126,153,153,250,250,250,150,150,150,150],"floor_reached":22,"playtime":710,"items_purged":["Defend_R","Strike_R"],"score":224,"play_id":"21031522-96e1-48a9-a3f5-a6c26f6edf11","local_time":"20190417184055","is_ascension_mode":true,"campfire_choices":[{"data":"Metallicize","floor":6,"key":"SMITH"},{"data":"Searing Blow","floor":8,"key":"SMITH"},{"data":"Searing Blow+1","floor":15,"key":"SMITH"}],"neow_cost":"NONE","seed_source_timestamp":308600344617620,"circlet_count":0,"master_deck":["Strike_R","Strike_R","Strike_R","Strike_R","Defend_R","Defend_R","Defend_R","Bash","Brutality","Metallicize+1","Whirlwind","Whirlwind","Searing Blow+2","Shrug It Off","Shockwave","Demon Form","Seeing Red"],"relics":["Burning Blood","CultistMask","Meat on the Bone","Bottled Flame","Shuriken","Odd Mushroom","Sundial","Ectoplasm"],"potions_floor_usage":[14,16,16],"damage_taken":[{"damage":9,"enemies":"Jaw Worm","floor":1,"turns":3},{"damage":5,"enemies":"Cultist","floor":4,"turns":4},{"damage":1,"enemies":"Small Slimes","floor":5,"turns":3},{"damage":25,"enemies":"Gremlin Nob","floor":7,"turns":5},{"damage":12,"enemies":"Blue Slaver","floor":10,"turns":4},{"damage":29,"enemies":"3 Sentries","floor":12,"turns":4},{"damage":6,"enemies":"The Mushroom Lair","floor":13,"turns":2},{"damage":20,"enemies":"Gremlin Nob","floor":14,"turns":4},{"damage":45,"enemies":"Hexaghost","floor":16,"turns":10},{"damage":11,"enemies":"Chosen","floor":18,"turns":6},{"damage":37,"enemies":"Shell Parasite","floor":20,"turns":5},{"damage":35,"enemies":"Snake Plant","floor":21,"turns":4},{"damage":51,"enemies":"Centurion and Healer","floor":22,"turns":4}],"seed_played":"8545749269879024263","potions_obtained":[{"floor":4,"key":"GamblersBrew"},{"floor":12,"key":"AttackPotion"},{"floor":13,"key":"Ancient Potion"},{"floor":14,"key":"Strength Potion"},{"floor":18,"key":"FearPotion"},{"floor":20,"key":"Block Potion"}],"is_trial":false,"path_per_floor":["?","M","?"],"character_chosen":"IRONCLAD","items_purchased":["Whirlwind"],"campfire_rested":0,"item_purchase_floors":[2],"current_hp_per_floor":[77,77,77,78,80,80,61,61,61,55,55,44,56,54,54,27,80,75,75,56,39,0],"gold":150,"neow_bonus":"ONE_RANDOM_RARE_CARD","is_prod":false,"is_daily":false,"chose_seed":false,"campfire_upgraded":3,"win_rate":0,"timestamp":1555519255,"path_taken":["M","$","?","M","?","R","E","R","T","M","$","E","?","E","R","BOSS","M","$","M","M","M"],"build_version":"2019-01-23","purchased_purges":2,"victory":false,"max_hp_per_floor":[80,80,80,80,80,80,80,80,80,80,80,80,80,80,80,80,80,80,80,80,80,80],"card_choices":[{"not_picked":["Thunderclap","Wild Strike"],"picked":"Metallicize","floor":1},{"not_picked":["Iron Wave","Carnage"],"picked":"Whirlwind","floor":4},{"not_picked":["Warcry","Havoc","Iron Wave"],"picked":"SKIP","floor":5},{"not_picked":["Shrug It Off","Brutality"],"picked":"Searing Blow","floor":7},{"not_picked":["Wild Strike","Disarm"],"picked":"Shrug It Off","floor":10},{"not_picked":["Searing Blow","Havoc","Body Slam"],"picked":"SKIP","floor":12},{"not_picked":["Entrench","Flex"],"picked":"Shockwave","floor":14},{"not_picked":["Offering","Reaper"],"picked":"Demon Form","floor":16},{"not_picked":["Shockwave","Whirlwind","Pommel Strike+1"],"picked":"SKIP","floor":18},{"not_picked":["Sword Boomerang+1","Dual Wield"],"picked":"Seeing Red","floor":20},{"not_picked":["Uppercut","Perfected Strike","Flex+1"],"picked":"SKIP","floor":21}],"player_experience":89580,"relics_obtained":[{"floor":7,"key":"Meat on the Bone"},{"floor":9,"key":"Bottled Flame"},{"floor":12,"key":"Shuriken"},{"floor":13,"key":"Odd Mushroom"},{"floor":14,"key":"Sundial"}],"event_choices":[{"damage_healed":0,"gold_gain":0,"player_choice":"Trade","damage_taken":0,"relics_obtained":["CultistMask"],"max_hp_gain":0,"max_hp_loss":0,"event_name":"FaceTrader","floor":3,"gold_loss":0},{"damage_healed":0,"gold_gain":0,"player_choice":"Fought Mushrooms","damage_taken":0,"max_hp_gain":0,"max_hp_loss":0,"event_name":"Mushrooms","floor":13,"gold_loss":0}],"is_beta":false,"boss_relics":[{"not_picked":["Black Star","Philosopher\u0027s Stone"],"picked":"Ectoplasm"}],"items_purged_floors":[11,19],"is_endless":false,"potions_floor_spawned":[4,12,13,14,18,20],"killed_by":"Centurion and Healer","ascension_level":2}