{"gold_per_floor":[111,36,51,51,201,235,235,247,247,247,267,297,11,25,25,104,104,114,39,33,68,368,368,384,404,404,404,419,419,419,0,0,77,127,140,51,51,65,76,76,103,103,103,103,103,117,117,129,129,129,129],"floor_reached":51,"playtime":27213,"items_purged":["Doubt"],"score":1420,"play_id":"633dc3d3-9d79-47fa-bcfb-82e68c9f3f2c","local_time":"20190302033346","is_ascension_mode":true,"campfire_choices":[{"data":"Bouncing Flask","floor":7,"key":"SMITH"},{"data":"Neutralize","floor":10,"key":"SMITH"},{"floor":15,"key":"REST"},{"data":"Noxious Fumes","floor":23,"key":"SMITH"},{"floor":27,"key":"REST"},{"floor":29,"key":"REST"},{"floor":32,"key":"REST"},{"floor":40,"key":"REST"},{"floor":42,"key":"REST"},{"data":"Apotheosis","floor":45,"key":"SMITH"},{"floor":49,"key":"RECALL"}],"neow_cost":"NONE","seed_source_timestamp":373733384306981,"circlet_count":0,"master_deck":["AscendersBane","Defend_G","Defend_G","Defend_G","Defend_G","Defend_G","Survivor+1","Neutralize+1","Backflip","Dagger Spray","Bouncing Flask+1","Prepared","Die Die Die","Crippling Poison","Apotheosis+1","Skewer","Tools of the Trade","Leg Sweep","Deadly Poison","Noxious Fumes+1","Deadly Poison","Predator","Cloak And Dagger","Catalyst","Bullet Time","Leg Sweep","Decay","Distraction","Writhe","Blade Dance","Burst"],"relics":["Ring of the Snake","NeowsBlessing","Bottled Lightning","Ornamental Fan","Blood Vial","Runic Dome","Red Mask","Old Coin","Centennial Puzzle","Strawberry","Sling","Tiny House","Mango"],"potions_floor_usage":[12,12,16,20,21,21,33,50],"damage_taken":[{"damage":0,"enemies":"Jaw Worm","floor":1,"turns":1},{"damage":0,"enemies":"Small Slimes","floor":3,"turns":1},{"damage":0,"enemies":"Lagavulin","floor":6,"turns":1},{"damage":0,"enemies":"2 Louse","floor":8,"turns":3},{"damage":0,"enemies":"Blue Slaver","floor":11,"turns":3},{"damage":24,"enemies":"3 Sentries","floor":12,"turns":8},{"damage":0,"enemies":"3 Louse","floor":14,"turns":1},{"damage":34,"enemies":"Slime Boss","floor":16,"turns":11},{"damage":13,"enemies":"Spheric Guardian","floor":18,"turns":4},{"damage":6,"enemies":"2 Thieves","floor":20,"turns":4},{"damage":0,"enemies":"Masked Bandits","floor":21,"turns":4},{"damage":22,"enemies":"Centurion and Healer","floor":24,"turns":6},{"damage":21,"enemies":"Cultist and Chosen","floor":25,"turns":6},{"damage":15,"enemies":"Chosen and Byrds","floor":28,"turns":4},{"damage":50,"enemies":"Collector","floor":33,"turns":6},{"damage":16,"enemies":"3 Shapes","floor":35,"turns":2},{"damage":2,"enemies":"Orb Walker","floor":38,"turns":4},{"damage":15,"enemies":"Sphere and 2 Shapes","floor":39,"turns":8},{"damage":60,"enemies":"Giant Head","floor":41,"turns":7},{"damage":5,"enemies":"Transient","floor":46,"turns":6},{"damage":9,"enemies":"Spire Growth","floor":48,"turns":5},{"damage":46,"enemies":"Donu and Deca","floor":50,"turns":10},{"damage":21,"enemies":"Time Eater","floor":51,"turns":3}],"seed_played":"-8152193198210476385","potions_obtained":[{"floor":1,"key":"GhostInAJar"},{"floor":3,"key":"Energy Potion"},{"floor":12,"key":"Ancient Potion"},{"floor":16,"key":"Swift Potion"},{"floor":18,"key":"Block Potion"},{"floor":20,"key":"Explosive Potion"},{"floor":28,"key":"Regen Potion"},{"floor":33,"key":"SteroidPotion"},{"floor":34,"key":"PowerPotion"},{"floor":39,"key":"Energy Potion"}],"is_trial":false,"path_per_floor":["M","?","M","?","?","E","R","M","T","R","M","E","$","M","R","B",null,"M","?","M","?","T","R","M","M","T","R","M","R","?","$","R","B",null,"M","$","?","M","M","R","E","R","T","?","R","M","?","M","R","B","B"],"character_chosen":"THE_SILENT","items_purchased":["Apotheosis","Catalyst","Strawberry","Sling","Leg Sweep"],"campfire_rested":6,"item_purchase_floors":[13,31,31,31,36],"current_hp_per_floor":[59,59,59,59,59,59,59,59,59,59,59,35,35,37,56,24,56,45,45,41,43,43,43,23,4,4,23,10,29,29,36,57,23,66,52,52,52,52,39,62,18,45,45,63,63,60,60,53,53,9,0],"gold":129,"neow_bonus":"THREE_ENEMY_KILL","is_prod":false,"is_daily":false,"chose_seed":false,"campfire_upgraded":4,"win_rate":0,"timestamp":1551494026,"path_taken":["M","?","M","?","?","E","R","M","T","R","M","E","$","M","R","BOSS","M","?","M","?","?","R","M","M","T","R","M","R","?","$","R","BOSS","M","$","?","?","M","R","E","R","T","?","R","M","?","?","R","BOSS","BOSS"],"build_version":"2019-01-23","purchased_purges":1,"victory":false,"max_hp_per_floor":[66,66,66,66,66,66,66,66,66,66,66,66,66,66,66,66,66,66,66,66,66,66,66,66,66,66,66,66,66,66,73,73,73,78,78,78,78,78,78,78,92,92,92,92,92,92,92,92,92,92,92],"card_choices":[{"not_picked":["Choke","Expertise"],"picked":"Backflip","floor":1},{"not_picked":["Finisher","Flying Knee"],"picked":"Dagger Spray","floor":3},{"not_picked":["PiercingWail","Sucker Punch"],"picked":"Bouncing Flask","floor":6},{"not_picked":["Quick Slash","Dodge and Roll"],"picked":"Prepared","floor":8},{"not_picked":["Prepared","Acrobatics"],"picked":"Die Die Die","floor":11},{"not_picked":["Infinite Blades","Flying Knee"],"picked":"Crippling Poison","floor":12},{"not_picked":["Dagger Spray","Acrobatics"],"picked":"Skewer","floor":14},{"not_picked":["Bullet Time","After Image"],"picked":"Tools of the Trade","floor":16},{"not_picked":["Quick Slash","Prepared"],"picked":"Leg Sweep","floor":18},{"not_picked":["Poisoned Stab","Acrobatics"],"picked":"Deadly Poison","floor":20},{"not_picked":["Distraction+1","Deflect+1"],"picked":"Noxious Fumes","floor":21},{"not_picked":["Poisoned Stab+1","Dash","Dagger Spray"],"picked":"SKIP","floor":24},{"not_picked":["Dagger Throw","Dagger Spray"],"picked":"Deadly Poison","floor":25},{"not_picked":["Underhanded Strike","Slice","Grand Finale"],"picked":"SKIP","floor":28},{"not_picked":["Storm of Steel","Night Terror"],"picked":"Bullet Time","floor":33},{"not_picked":["Slice","Flying Knee+1","Poisoned Stab"],"picked":"SKIP","floor":35},{"not_picked":["Sucker Punch+1","Eviscerate","Riddle With Holes"],"picked":"SKIP","floor":38},{"not_picked":["Dagger Throw","Finisher","Predator"],"picked":"SKIP","floor":39},{"not_picked":["Unload","Underhanded Strike"],"picked":"Distraction","floor":41},{"not_picked":["Underhanded Strike","Dagger Spray+1"],"picked":"Blade Dance","floor":46},{"not_picked":["Deflect","Predator+1"],"picked":"Burst","floor":48}],"player_experience":2809204,"relics_obtained":[{"floor":6,"key":"Bottled Lightning"},{"floor":9,"key":"Ornamental Fan"},{"floor":12,"key":"Blood Vial"},{"floor":21,"key":"Red Mask"},{"floor":22,"key":"Old Coin"},{"floor":26,"key":"Centennial Puzzle"},{"floor":41,"key":"Mango"}],"event_choices":[{"cards_removed":["Strike_G"],"damage_healed":0,"gold_gain":0,"player_choice":"Card Removal","damage_taken":0,"max_hp_gain":0,"max_hp_loss":0,"event_name":"The Cleric","floor":2,"gold_loss":75},{"cards_removed":["Strike_G"],"damage_healed":0,"gold_gain":0,"player_choice":"Forget","damage_taken":0,"max_hp_gain":0,"max_hp_loss":0,"event_name":"Living Wall","floor":4,"gold_loss":0},{"damage_healed":0,"gold_gain":150,"player_choice":"AGREE","damage_taken":0,"max_hp_gain":0,"max_hp_loss":0,"event_name":"Liars Game","floor":5,"gold_loss":0,"cards_obtained":["Doubt"]},{"cards_removed":["Strike_G"],"damage_healed":0,"gold_gain":0,"player_choice":"Gave Gold","damage_taken":0,"max_hp_gain":0,"max_hp_loss":0,"event_name":"Beggar","floor":19,"gold_loss":75},{"damage_healed":0,"gold_gain":0,"player_choice":"Fought Bandits","damage_taken":0,"max_hp_gain":0,"max_hp_loss":0,"event_name":"Masked Bandits","floor":21,"gold_loss":0},{"damage_healed":0,"gold_gain":0,"cards_transformed":["Strike_G","Strike_G"],"player_choice":"Became Test Subject","damage_taken":0,"max_hp_gain":0,"max_hp_loss":0,"event_name":"Drug Dealer","floor":30,"gold_loss":0,"cards_obtained":["Predator","Cloak And Dagger"]},{"damage_healed":0,"gold_gain":0,"player_choice":"Cursed","damage_taken":0,"max_hp_gain":0,"max_hp_loss":0,"event_name":"Wheel of Change","floor":37,"gold_loss":0,"cards_obtained":["Decay"]},{"damage_healed":18,"gold_gain":0,"player_choice":"Writhe","damage_taken":0,"max_hp_gain":0,"max_hp_loss":0,"event_name":"Winding Halls","floor":44,"gold_loss":0,"cards_obtained":["Writhe"]},{"damage_healed":0,"gold_gain":0,"player_choice":"Ignored","damage_taken":0,"max_hp_gain":0,"max_hp_loss":0,"event_name":"SecretPortal","floor":47,"gold_loss":0}],"is_beta":false,"boss_relics":[{"not_picked":["Calling Bell","Black Star"],"picked":"Runic Dome"},{"not_picked":["Lizard Tail","Orrery"],"picked":"Tiny House"}],"items_purged_floors":[13],"is_endless":false,"potions_floor_spawned":[1,3,8,12,16,18,20,28,33,39,41,46],"killed_by":"Time Eater","ascension_level":20}