{"gold_per_floor":[111,111,36,54,67,67,94,94,94,94,113,133,152,171,171,271,271,282,282,301,226,226,261,261,261,261,8,8],"floor_reached":28,"playtime":823,"items_purged":["Strike_B","Strike_B"],"score":309,"play_id":"592b97ea-215d-4089-a4e4-776577b1bd35","local_time":"20190502180804","is_ascension_mode":true,"campfire_choices":[{"data":"Zap","floor":6,"key":"SMITH"},{"data":"Static Discharge","floor":8,"key":"SMITH"},{"data":"Chill","floor":10,"key":"SMITH"},{"floor":15,"key":"REST"},{"floor":24,"key":"REST"}],"neow_cost":"TEN_PERCENT_HP_LOSS","seed_source_timestamp":545851516143827,"circlet_count":0,"master_deck":["Strike_B","Defend_B","Defend_B","Defend_B","Defend_B","Zap+1","Dualcast","Thunder Strike+1","Chill+1","Thunder Strike","Panacea","Static Discharge+1","Hologram","Leap","Leap","Conserve Battery","Electrodynamics","Leap","Stack","Writhe"],"relics":["Cracked Core","Prayer Wheel","Pear","Inserter","Vajra","Bird Faced Urn","Molten Egg 2","Strawberry"],"potions_floor_usage":[7,18,23,28],"damage_taken":[{"damage":7,"enemies":"Jaw Worm","floor":1,"turns":3},{"damage":3,"enemies":"Cultist","floor":4,"turns":4},{"damage":0,"enemies":"Small Slimes","floor":5,"turns":3},{"damage":21,"enemies":"3 Sentries","floor":7,"turns":8},{"damage":4,"enemies":"Red Slaver","floor":11,"turns":3},{"damage":9,"enemies":"Blue Slaver","floor":12,"turns":3},{"damage":0,"enemies":"3 Louse","floor":13,"turns":4},{"damage":2,"enemies":"Large Slime","floor":14,"turns":4},{"damage":30,"enemies":"Hexaghost","floor":16,"turns":6},{"damage":16,"enemies":"2 Thieves","floor":18,"turns":3},{"damage":18,"enemies":"3 Byrds","floor":20,"turns":5},{"damage":17,"enemies":"Book of Stabbing","floor":23,"turns":6},{"damage":55,"enemies":"Gremlin Leader","floor":28,"turns":7}],"seed_played":"5854658110362082521","potions_obtained":[{"floor":1,"key":"Regen Potion"},{"floor":12,"key":"Dexterity Potion"},{"floor":13,"key":"SteroidPotion"},{"floor":14,"key":"Explosive Potion"},{"floor":18,"key":"Swift Potion"}],"is_trial":false,"path_per_floor":["?","M","?","M","?","?","?"],"character_chosen":"DEFECT","items_purchased":["Strawberry"],"campfire_rested":2,"item_purchase_floors":[27],"current_hp_per_floor":[61,61,61,58,58,58,52,52,62,62,58,49,49,47,70,40,69,53,53,35,35,35,18,41,41,41,48,0],"gold":8,"neow_bonus":"THREE_RARE_CARDS","is_prod":false,"is_daily":false,"chose_seed":false,"campfire_upgraded":3,"win_rate":0,"timestamp":1556813284,"path_taken":["M","?","$","M","M","R","E","R","T","R","?","M","M","M","R","BOSS","M","?","?","?","?","E","R","?","T","$","E"],"build_version":"2019-01-23","purchased_purges":2,"victory":false,"max_hp_per_floor":[68,68,68,68,68,68,68,68,78,78,78,78,78,78,78,78,78,78,78,78,78,78,78,78,78,78,85,85],"card_choices":[{"not_picked":["Rainbow","Core Surge"],"picked":"Thunder Strike","floor":0},{"not_picked":["Rip and Tear","Go for the Eyes"],"picked":"Chill","floor":1},{"not_picked":["Lockon","Force Field","Glacier"],"picked":"SKIP","floor":4},{"not_picked":["Sweeping Beam","Barrage","Scrape"],"picked":"SKIP","floor":5},{"not_picked":["Stack","Storm"],"picked":"Static Discharge","floor":7},{"not_picked":["Barrage","Reprogram"],"picked":"Hologram","floor":11},{"not_picked":["Cold Snap","Fusion","Turbo"],"picked":"SKIP","floor":11},{"not_picked":["Hologram","Streamline"],"picked":"Leap","floor":12},{"not_picked":["Skim","Hologram","Barrage"],"picked":"SKIP","floor":12},{"not_picked":["Chill","Scrape"],"picked":"Leap","floor":13},{"not_picked":["Rebound","Cold Snap","Chaos"],"picked":"SKIP","floor":13},{"not_picked":["Amplify","Beam Cell"],"picked":"Conserve Battery","floor":14},{"not_picked":["Turbo","Rebound","Coolheaded"],"picked":"SKIP","floor":14},{"not_picked":["Multi-Cast","Amplify"],"picked":"Electrodynamics","floor":16},{"not_picked":["Glacier+1","Barrage+1"],"picked":"Leap","floor":18},{"not_picked":["Beam Cell","Gash","Melter+1"],"picked":"SKIP","floor":18},{"not_picked":["Stack","Cold Snap","Steam"],"picked":"SKIP","floor":20},{"not_picked":["Sweeping Beam+1","Compile Driver+1","Hologram"],"picked":"SKIP","floor":20},{"not_picked":["Sweeping Beam","Multi-Cast"],"picked":"Stack","floor":23}],"player_experience":208114,"relics_obtained":[{"floor":7,"key":"Prayer Wheel"},{"floor":9,"key":"Pear"},{"floor":23,"key":"Vajra"},{"floor":26,"key":"Molten Egg 2"}],"event_choices":[{"damage_healed":0,"gold_gain":0,"player_choice":"2 cards matched","damage_taken":0,"max_hp_gain":0,"max_hp_loss":0,"event_name":"Match and Keep!","floor":2,"gold_loss":0,"cards_obtained":["Thunder Strike","Panacea"]},{"damage_healed":0,"gold_gain":0,"player_choice":"Upgraded","damage_taken":0,"max_hp_gain":0,"max_hp_loss":0,"event_name":"Upgrade Shrine","floor":19,"gold_loss":0,"cards_upgraded":["Thunder Strike"]},{"cards_removed":["Strike_B"],"damage_healed":0,"gold_gain":0,"player_choice":"Gave Gold","damage_taken":0,"max_hp_gain":0,"max_hp_loss":0,"event_name":"Beggar","floor":21,"gold_loss":75},{"damage_healed":0,"gold_gain":0,"player_choice":"Ignored","damage_taken":0,"max_hp_gain":0,"max_hp_loss":0,"event_name":"Ghosts","floor":22,"gold_loss":0},{"damage_healed":0,"gold_gain":0,"player_choice":"Opened","damage_taken":0,"relics_obtained":["Bird Faced Urn"],"max_hp_gain":0,"max_hp_loss":0,"event_name":"The Mausoleum","floor":25,"gold_loss":0,"cards_obtained":["Writhe"]}],"is_beta":false,"boss_relics":[{"not_picked":["Tiny House","Velvet Choker"],"picked":"Inserter"}],"items_purged_floors":[3,27],"is_endless":false,"potions_floor_spawned":[1,12,13,14,18,20],"killed_by":"Gremlin Leader","ascension_level":6}