{"gold_per_floor":[112,127,15,15,35,35,75,75,75,75,91,56,56,92,92,185,185,210,234,159,159],"floor_reached":21,"playtime":1653,"items_purged":["Strike_B"],"score":374,"play_id":"97738d64-388d-41a7-828f-52eb9bb4172a","local_time":"20190505215005","is_ascension_mode":true,"campfire_choices":[{"data":"Zap","floor":6.0,"key":"SMITH"},{"data":"Sunder","floor":8.0,"key":"SMITH"},{"data":"Sweeping Beam","floor":13.0,"key":"SMITH"},{"floor":15.0,"key":"REST"}],"neow_cost":"NONE","seed_source_timestamp":0,"circlet_count":0,"master_deck":["AscendersBane","Strike_B","Strike_B","Defend_B","Defend_B","Defend_B","Defend_B","Zap+1","Dualcast","Cold Snap","Sweeping Beam+1","Sunder+1","Leap","Reinforced Body","Parasite","Leap","Biased Cognition","Core Surge","Coolheaded","Go for the Eyes"],"special_seed":0,"relics":["Cracked Core","NeowsBlessing","Golden Idol","Incense Burner","Question Card","FossilizedHelix","Velvet Choker"],"potions_floor_usage":[],"damage_taken":[{"damage":0.0,"enemies":"Cultist","floor":1.0,"turns":1.0},{"damage":0.0,"enemies":"Small Slimes","floor":2.0,"turns":1.0},{"damage":0.0,"enemies":"2 Louse","floor":5.0,"turns":1.0},{"damage":19.0,"enemies":"3 Sentries","floor":7.0,"turns":6.0},{"damage":0.0,"enemies":"Blue Slaver","floor":11.0,"turns":3.0},{"damage":25.0,"enemies":"Gremlin Nob","floor":14.0,"turns":5.0},{"damage":16.0,"enemies":"Slime Boss","floor":16.0,"turns":10.0},{"damage":0.0,"enemies":"Spheric Guardian","floor":18.0,"turns":3.0},{"damage":2,"enemies":"Shell Parasite","floor":19,"turns":9},{"damage":14,"enemies":"Colosseum Slavers","floor":21,"turns":4},{"damage":75,"enemies":"Colosseum Nobs","floor":21,"turns":4}],"seed_played":"-3657209374641537216","potions_obtained":[{"floor":7.0,"key":"Ancient Potion"},{"floor":11.0,"key":"Strength Potion"}],"is_trial":false,"path_per_floor":["M","M","$","?","M","R","E","R","T","?","M","?","R","E","R","B",null,"M","M","?","?"],"character_chosen":"DEFECT","items_purchased":["Sunder"],"campfire_rested":1,"item_purchase_floors":[3],"current_hp_per_floor":[64,64,64,40,40,40,21,21,21,38,38,55,55,30,51,35,62,62,60,60,0],"gold":159,"neow_bonus":"THREE_ENEMY_KILL","is_prod":false,"is_daily":false,"chose_seed":false,"campfire_upgraded":3,"win_rate":0,"timestamp":1557085805,"path_taken":["M","M","$","?","M","R","E","R","T","?","M","?","R","E","R","BOSS","M","M","?","?"],"build_version":"2019-01-23","purchased_purges":1,"victory":false,"max_hp_per_floor":[71,71,71,71,71,71,71,71,71,71,71,71,71,71,71,71,71,71,71,71,71],"card_choices":[{"not_picked":["Barrage","Stack"],"picked":"Cold Snap","floor":1.0},{"not_picked":["Redo","Cold Snap"],"picked":"Sweeping Beam","floor":2.0},{"not_picked":["Chill","Turbo"],"picked":"Leap","floor":5.0},{"not_picked":["Streamline","Redo"],"picked":"Reinforced Body","floor":7.0},{"not_picked":["Rip and Tear","Streamline","Barrage"],"picked":"Leap","floor":11.0},{"not_picked":["Turbo","Coolheaded","Leap"],"picked":"Biased Cognition","floor":14.0},{"not_picked":["All For One","Amplify","Thunder Strike"],"picked":"Core Surge","floor":16.0},{"not_picked":["BootSequence","Storm","Steam Power+1"],"picked":"Coolheaded","floor":18.0},{"not_picked":["Coolheaded","Rebound","Leap"],"picked":"Go for the Eyes","floor":19}],"player_experience":3198663,"relics_obtained":[{"floor":7.0,"key":"Incense Burner"},{"floor":9.0,"key":"Question Card"},{"floor":14.0,"key":"FossilizedHelix"}],"event_choices":[{"damage_healed":0.0,"max_hp_gain":0.0,"max_hp_loss":0.0,"gold_gain":0.0,"event_name":"Golden Idol","player_choice":"Take Damage","floor":4.0,"gold_loss":0.0,"damage_taken":24.0,"relics_obtained":["Golden Idol"]},{"damage_healed":17.0,"max_hp_gain":0.0,"max_hp_loss":0.0,"gold_gain":0.0,"event_name":"Mushrooms","player_choice":"Healed and dodged fight","floor":10.0,"gold_loss":0.0,"damage_taken":0.0,"cards_obtained":["Parasite"]},{"damage_healed":17.0,"max_hp_gain":0.0,"max_hp_loss":0.0,"gold_gain":0.0,"event_name":"The Cleric","player_choice":"Healed","floor":12.0,"gold_loss":35.0,"damage_taken":0.0},{"cards_removed":["Strike_B"],"damage_healed":0,"gold_gain":0,"player_choice":"Gave Gold","damage_taken":0,"max_hp_gain":0,"max_hp_loss":0,"event_name":"Beggar","floor":20,"gold_loss":75},{"damage_healed":0,"gold_gain":0,"player_choice":"Fight","damage_taken":0,"max_hp_gain":0,"max_hp_loss":0,"event_name":"Colosseum","floor":21,"gold_loss":0},{"damage_healed":0,"gold_gain":0,"player_choice":"Fought Nobs","damage_taken":0,"max_hp_gain":0,"max_hp_loss":0,"event_name":"Colosseum","floor":21,"gold_loss":0}],"is_beta":false,"boss_relics":[{"not_picked":["Calling Bell","Tiny House"],"picked":"Velvet Choker"}],"items_purged_floors":[3],"is_endless":false,"potions_floor_spawned":[7,11],"killed_by":"Colosseum Nobs","ascension_level":20}