{"gold_per_floor":[112,131,206,216,226,226,257,272,297,308,33,33,33,53,53,53],"floor_reached":16,"playtime":817,"items_purged":["Strike_B"],"score":208,"play_id":"df472f83-d677-4a25-b3a3-7020e312706b","local_time":"20190425123859","is_ascension_mode":true,"campfire_choices":[{"data":"Hyperbeam","floor":6,"key":"SMITH"},{"floor":13,"key":"REST"},{"data":"Beam Cell","floor":15,"key":"SMITH"}],"neow_cost":"NONE","seed_source_timestamp":278390520120806,"circlet_count":0,"master_deck":["AscendersBane","Strike_B","Strike_B","Strike_B","Defend_B","Defend_B","Defend_B","Defend_B","Zap","Dualcast","Hyperbeam+1","Leap","Reinforced Body","Leap","Go for the Eyes","FTL","Beam Cell+1","Conserve Battery","Hyperbeam","Gash"],"relics":["Cracked Core","Dodecahedron","Bag of Marbles"],"potions_floor_usage":[7,16,16],"damage_taken":[{"damage":0,"enemies":"Small Slimes","floor":1,"turns":1},{"damage":0,"enemies":"Jaw Worm","floor":2,"turns":2},{"damage":0,"enemies":"Cultist","floor":4,"turns":2},{"damage":1,"enemies":"2 Fungi Beasts","floor":5,"turns":3},{"damage":34,"enemies":"Lagavulin","floor":7,"turns":8},{"damage":0,"enemies":"Red Slaver","floor":8,"turns":3},{"damage":0,"enemies":"Blue Slaver","floor":10,"turns":2},{"damage":0,"enemies":"Large Slime","floor":14,"turns":3},{"damage":42,"enemies":"Slime Boss","floor":16,"turns":7}],"seed_played":"-7993380776961920033","potions_obtained":[{"floor":2,"key":"AttackPotion"},{"floor":7,"key":"Poison Potion"},{"floor":8,"key":"Block Potion"}],"is_trial":false,"path_per_floor":["M","M","?","M","M","R","E","M","T","M","$","?","R","M","R","B"],"character_chosen":"DEFECT","items_purchased":["Hyperbeam","Gash"],"campfire_rested":1,"item_purchase_floors":[11,11],"current_hp_per_floor":[64,64,53,53,52,52,18,18,18,18,18,18,39,39,39,0],"gold":53,"neow_bonus":"ONE_RANDOM_RARE_CARD","is_prod":false,"is_daily":false,"chose_seed":false,"campfire_upgraded":2,"win_rate":0,"timestamp":1556188739,"path_taken":["M","M","?","M","M","R","E","M","T","M","$","?","R","M","R","BOSS"],"build_version":"2019-01-23","purchased_purges":1,"victory":false,"max_hp_per_floor":[71,71,71,71,71,71,71,71,71,71,71,71,71,71,71,71],"card_choices":[{"not_picked":["Defragment","Ball Lightning"],"picked":"Leap","floor":1},{"not_picked":["Compile Driver","Capacitor"],"picked":"Reinforced Body","floor":2},{"not_picked":["Cold Snap","Redo"],"picked":"Leap","floor":4},{"not_picked":["Rip and Tear","Stack"],"picked":"Go for the Eyes","floor":5},{"not_picked":["White Noise","Stack"],"picked":"FTL","floor":7},{"not_picked":["Redo","Streamline"],"picked":"Beam Cell","floor":8},{"not_picked":["Aggregate","Barrage"],"picked":"Conserve Battery","floor":10},{"not_picked":["Loop","Redo","Force Field"],"picked":"SKIP","floor":14}],"player_experience":3173425,"relics_obtained":[{"floor":7,"key":"Dodecahedron"},{"floor":9,"key":"Bag of Marbles"}],"event_choices":[{"damage_healed":0,"gold_gain":75,"player_choice":"Gather Gold","damage_taken":11,"max_hp_gain":0,"max_hp_loss":0,"event_name":"World of Goop","floor":3,"gold_loss":0},{"damage_healed":0,"gold_gain":0,"player_choice":"Fled","damage_taken":0,"max_hp_gain":0,"max_hp_loss":0,"event_name":"Scrap Ooze","floor":12,"gold_loss":0}],"is_beta":false,"boss_relics":[],"items_purged_floors":[11],"is_endless":false,"potions_floor_spawned":[2,7,8],"killed_by":"Slime Boss","ascension_level":20}