{"gold_per_floor":[11,11,29,29,53,94,5,5,5,5,5,18,18,56,56,154,154,177,201,220,40,40],"floor_reached":22,"playtime":1183,"items_purged":["Strike_R"],"score":349,"play_id":"b98bbd9f-6fe3-4dfa-a843-9840a3f7095c","local_time":"20190504114342","is_ascension_mode":true,"campfire_choices":[{"data":"Armaments","floor":8.0,"key":"SMITH"},{"data":"Inflame","floor":11.0,"key":"SMITH"},{"floor":13.0,"key":"REST"},{"floor":15.0,"key":"REST"}],"neow_cost":"NO_GOLD","seed_source_timestamp":148134759266712,"circlet_count":0,"master_deck":["AscendersBane","Strike_R","Strike_R","Strike_R","Strike_R","Defend_R","Defend_R","Defend_R","Defend_R","Bash","Pommel Strike","Body Slam","Heavy Blade","Fire Breathing","Inflame+1","Armaments+1","Heavy Blade","Warcry","Barricade","Metallicize","Armaments+1","Body Slam","Madness"],"special_seed":0,"relics":["Burning Blood","Golden Idol","Ornamental Fan","Gambling Chip","Shuriken","Boot","Mark of Pain"],"potions_floor_usage":[19,20,22],"damage_taken":[{"damage":5.0,"enemies":"Cultist","floor":1.0,"turns":5.0},{"damage":6.0,"enemies":"Jaw Worm","floor":3.0,"turns":5.0},{"damage":8.0,"enemies":"2 Louse","floor":5.0,"turns":3.0},{"damage":47.0,"enemies":"3 Sentries","floor":6.0,"turns":9.0},{"damage":16.0,"enemies":"Blue Slaver","floor":12.0,"turns":3.0},{"damage":32.0,"enemies":"Gremlin Nob","floor":14.0,"turns":4.0},{"damage":39.0,"enemies":"Hexaghost","floor":16.0,"turns":8.0},{"damage":29.0,"enemies":"2 Thieves","floor":18.0,"turns":4.0},{"damage":27,"enemies":"Shell Parasite","floor":19,"turns":7},{"damage":23,"enemies":"Centurion and Healer","floor":20,"turns":7},{"damage":20,"enemies":"Snake Plant","floor":22,"turns":2}],"seed_played":"3687138246827970512","potions_obtained":[{"floor":5.0,"key":"SneckoOil"},{"floor":14.0,"key":"AttackPotion"},{"floor":16.0,"key":"Dexterity Potion"},{"floor":18.0,"key":"LiquidBronze"},{"floor":20,"key":"BloodPotion"}],"is_trial":false,"path_per_floor":["M","?","M","T","M","E","$","R","T","?","R","M","R","E","R","B",null,"M","M","M","$","M"],"character_chosen":"IRONCLAD","items_purchased":["Inflame","Armaments","Madness"],"campfire_rested":2,"item_purchase_floors":[7,7,21],"current_hp_per_floor":[83,83,83,83,81,40,40,40,40,40,40,30,56,30,56,23,73,50,29,12,12,0],"gold":40,"neow_bonus":"TWENTY_PERCENT_HP_BONUS","is_prod":false,"is_daily":false,"chose_seed":false,"campfire_upgraded":2,"win_rate":0,"timestamp":1556995422,"path_taken":["M","?","M","?","?","E","$","R","T","?","R","?","R","E","R","BOSS","M","M","M","$","M"],"build_version":"2019-01-23","purchased_purges":1,"victory":false,"max_hp_per_floor":[89,89,89,89,89,89,89,89,89,89,89,89,89,89,89,89,89,89,89,89,89,89],"card_choices":[{"not_picked":["Burning Pact","Thunderclap"],"picked":"Pommel Strike","floor":1.0},{"not_picked":["Shockwave","Rage"],"picked":"Body Slam","floor":3.0},{"not_picked":["Body Slam","True Grit"],"picked":"Heavy Blade","floor":5.0},{"not_picked":["Havoc","Berserk"],"picked":"Fire Breathing","floor":6.0},{"not_picked":["Headbutt","Body Slam"],"picked":"Heavy Blade","floor":12.0},{"not_picked":["Wild Strike","Pommel Strike"],"picked":"Warcry","floor":14.0},{"not_picked":["Berserk","Immolate"],"picked":"Barricade","floor":16.0},{"not_picked":["Combust","Clash"],"picked":"Metallicize","floor":18.0},{"not_picked":["Perfected Strike","Thunderclap"],"picked":"Armaments+1","floor":19},{"not_picked":["Dual Wield","Rage"],"picked":"Body Slam","floor":20}],"player_experience":635399,"relics_obtained":[{"floor":4.0,"key":"Ornamental Fan"},{"floor":6.0,"key":"Gambling Chip"},{"floor":9.0,"key":"Shuriken"},{"floor":14.0,"key":"Boot"}],"event_choices":[{"damage_healed":0.0,"max_hp_gain":0.0,"max_hp_loss":0.0,"gold_gain":0.0,"event_name":"Golden Idol","player_choice":"Take Wound","floor":2.0,"gold_loss":0.0,"damage_taken":0.0,"relics_obtained":["Golden Idol"],"cards_obtained":["Injury"]},{"cards_removed":["Injury"],"damage_healed":0.0,"max_hp_gain":0.0,"max_hp_loss":0.0,"gold_gain":0.0,"event_name":"Fountain of Cleansing","player_choice":"Removed Curses","floor":10.0,"gold_loss":0.0,"damage_taken":0.0}],"is_beta":false,"boss_relics":[{"not_picked":["Lizard Tail","Empty Cage"],"picked":"Mark of Pain"}],"items_purged_floors":[21],"is_endless":false,"potions_floor_spawned":[5,14,16,18,20],"killed_by":"Snake Plant","ascension_level":16}