{"gold_per_floor":[110,120,134,150,150,150,177,189,189,209,224,244,244,8,8,81,81,96,112,132,3,3,3,28,28,75,75,102,114,126,453,453,527,527,544,561,318,336,356,356,356,387,414,514,539,551,531,78,78,78],"floor_reached":51,"playtime":9151,"items_purged":["Strike_B","Defend_B","Defend_B"],"score":1481,"play_id":"c34e9cb7-ed11-4026-b05c-15c25ab47803","local_time":"20181119041654","is_ascension_mode":true,"campfire_choices":[{"floor":6,"key":"REST"},{"floor":13,"key":"REST"},{"data":"Defragment","floor":15,"key":"SMITH"},{"floor":25,"key":"REST"},{"floor":27,"key":"REST"},{"floor":32,"key":"REST"},{"floor":40,"key":"REST"},{"floor":49,"key":"REST"}],"neow_cost":"NONE","seed_source_timestamp":387922121501398,"circlet_count":0,"master_deck":["AscendersBane","Defend_B","Zap+1","Dualcast","Self Repair","Sunder","Static Discharge","Sweeping Beam","Steam","Chaos","Coolheaded+1","Defragment+1","Coolheaded+1","Defragment+1","Rainbow+1","Creative AI","Coolheaded+1","Redo+1","Redo+1","Conserve Battery+1","Buffer","Barrage+1","Undo+1","Seek+1","Electrodynamics","Beam Cell+1","White Noise+1","Gash+1","Storm+1","Glacier+1","Redo+1","Storm","Hologram+1","Coolheaded+1","Chaos+1","Coolheaded+1","Coolheaded+1","Defragment"],"relics":["Cracked Core","Bird Faced Urn","Toxic Egg 2","Fusion Hammer","Orichalcum","Centennial Puzzle","Emotion Chip","Old Coin","Astrolabe","PreservedInsect","Art of War","Du-Vu Doll","Pocketwatch","Dodecahedron"],"potions_floor_usage":[4,7,16,18,24,24,45,50],"damage_taken":[{"damage":0,"enemies":"Cultist","floor":1,"turns":3},{"damage":0,"enemies":"2 Louse","floor":2,"turns":2},{"damage":4,"enemies":"Jaw Worm","floor":3,"turns":3},{"damage":45,"enemies":"Gremlin Gang","floor":4,"turns":4},{"damage":25,"enemies":"3 Sentries","floor":7,"turns":6},{"damage":1,"enemies":"Lots of Slimes","floor":8,"turns":3},{"damage":11,"enemies":"Blue Slaver","floor":10,"turns":4},{"damage":4,"enemies":"3 Louse","floor":11,"turns":4},{"damage":26,"enemies":"Exordium Thugs","floor":12,"turns":5},{"damage":9,"enemies":"Slime Boss","floor":16,"turns":7},{"damage":44,"enemies":"2 Thieves","floor":18,"turns":4},{"damage":11,"enemies":"3 Byrds","floor":19,"turns":7},{"damage":2,"enemies":"Sentry and Sphere","floor":20,"turns":7},{"damage":25,"enemies":"Slavers","floor":24,"turns":5},{"damage":49,"enemies":"Book of Stabbing","floor":28,"turns":5},{"damage":0,"enemies":"Shelled Parasite and Fungi","floor":29,"turns":9},{"damage":29,"enemies":"Centurion and Healer","floor":30,"turns":7},{"damage":6,"enemies":"Gremlin Leader","floor":31,"turns":5},{"damage":20,"enemies":"Collector","floor":33,"turns":7},{"damage":5,"enemies":"Orb Walker","floor":35,"turns":3},{"damage":16,"enemies":"3 Darklings","floor":36,"turns":4},{"damage":17,"enemies":"Maw","floor":38,"turns":7},{"damage":1,"enemies":"Jaw Worm Horde","floor":39,"turns":2},{"damage":46,"enemies":"Giant Head","floor":42,"turns":9},{"damage":0,"enemies":"Mind Bloom Boss Battle","floor":44,"turns":7},{"damage":2,"enemies":"Reptomancer","floor":45,"turns":4},{"damage":25,"enemies":"3 Darklings","floor":46,"turns":5},{"damage":55,"enemies":"Time Eater","floor":50,"turns":11}],"seed_played":"221153387349851982","potions_obtained":[{"floor":1,"key":"Swift Potion"},{"floor":3,"key":"LiquidBronze"},{"floor":7,"key":"FocusPotion"},{"floor":10,"key":"SmokeBomb"},{"floor":16,"key":"Weak Potion"},{"floor":18,"key":"FearPotion"},{"floor":20,"key":"AttackPotion"},{"floor":29,"key":"FocusPotion"},{"floor":33,"key":"SkillPotion"},{"floor":47,"key":"FairyPotion"}],"is_trial":false,"path_per_floor":["M","M","M","M","?","R","E","M","T","M","M","M","R","$","R","B",null,"M","M","M","$","?","?","E","R","T","R","E","M","M","E","R","B",null,"M","M","$","M","M","R","?","E","T","?","E","M","?","$","R","B",null],"character_chosen":"DEFECT","items_purchased":["Defragment","Rainbow+1","Conserve Battery+1","Redo+1","Storm","Defragment","Dodecahedron"],"campfire_rested":7,"item_purchase_floors":[14,14,21,37,37,48,48],"current_hp_per_floor":[64,71,71,26,26,47,29,28,28,28,33,18,39,39,39,45,65,40,54,69,69,49,49,39,61,61,76,42,71,67,76,76,74,76,76,76,76,76,76,76,76,47,47,76,76,70,70,70,76,47],"gold":78,"neow_bonus":"UPGRADE_CARD","is_prod":false,"is_daily":false,"chose_seed":false,"campfire_upgraded":1,"win_rate":0,"timestamp":1542597414,"path_taken":["M","M","M","?","?","R","E","M","T","M","?","M","R","$","R","BOSS","M","?","M","$","?","?","E","R","T","R","E","M","M","E","R","BOSS","M","?","$","?","M","R","?","E","T","?","E","M","?","$","R","BOSS"],"build_version":"2018-11-15","purchased_purges":3,"victory":true,"max_hp_per_floor":[71,71,71,71,71,71,71,71,71,71,71,71,71,71,71,71,71,71,71,71,71,76,76,76,76,76,76,76,76,76,76,76,76,76,76,76,76,76,76,76,76,76,76,76,76,76,76,76,76,76],"card_choices":[{"not_picked":["Ball Lightning","Reinforced Body"],"picked":"Self Repair","floor":1},{"not_picked":["Sweeping Beam","Hologram"],"picked":"Sunder","floor":2},{"not_picked":["Stack","Rebound"],"picked":"Static Discharge","floor":3},{"not_picked":["Double Energy","Leap"],"picked":"Sweeping Beam","floor":4},{"not_picked":["BootSequence","Barrage"],"picked":"Steam","floor":7},{"not_picked":["Auto Shields","Rainbow"],"picked":"Chaos","floor":8},{"not_picked":["Turbo+1","Heatsinks"],"picked":"Coolheaded+1","floor":10},{"not_picked":["Steam+1","Sweeping Beam"],"picked":"Defragment","floor":11},{"not_picked":["Conserve Battery+1","Redo+1"],"picked":"Coolheaded+1","floor":12},{"not_picked":["Hyperbeam","Amplify+1"],"picked":"Creative AI","floor":16},{"not_picked":["Sweeping Beam+1","Heatsinks"],"picked":"Coolheaded+1","floor":18},{"not_picked":["Steam+1","Compile Driver"],"picked":"Redo+1","floor":19},{"not_picked":["Melter","Sunder"],"picked":"Redo+1","floor":20},{"not_picked":["Heatsinks","Turbo+1"],"picked":"Buffer","floor":24},{"not_picked":["Rebound","Doom and Gloom","Melter"],"picked":"SKIP","floor":28},{"not_picked":["Self Repair","Beam Cell"],"picked":"Barrage+1","floor":29},{"not_picked":["Turbo+1","Stack+1"],"picked":"Undo+1","floor":30},{"not_picked":["Barrage","Steam Power+1"],"picked":"Seek+1","floor":31},{"not_picked":["Echo Form","All For One"],"picked":"Electrodynamics","floor":33},{"not_picked":["Cold Snap","Sunder+1"],"picked":"Storm+1","floor":35},{"not_picked":["Stack+1","Hologram+1"],"picked":"Glacier+1","floor":36},{"not_picked":["Conserve Battery+1","Self Repair"],"picked":"Hologram+1","floor":38},{"not_picked":["Scrape","All For One"],"picked":"Coolheaded+1","floor":39},{"not_picked":["Redo+1","Stack+1"],"picked":"Chaos+1","floor":42},{"not_picked":["Recycle+1","Defragment"],"picked":"Coolheaded+1","floor":45},{"not_picked":["Static Discharge","Gash"],"picked":"Coolheaded+1","floor":46}],"player_experience":2437128,"relics_obtained":[{"floor":7,"key":"Bird Faced Urn"},{"floor":9,"key":"Toxic Egg 2"},{"floor":24,"key":"Orichalcum"},{"floor":26,"key":"Centennial Puzzle"},{"floor":28,"key":"Emotion Chip"},{"floor":31,"key":"Old Coin"},{"floor":42,"key":"PreservedInsect"},{"floor":43,"key":"Art of War"},{"floor":44,"key":"Du-Vu Doll"},{"floor":45,"key":"Pocketwatch"}],"event_choices":[{"cards_removed":["Strike_B"],"damage_healed":0,"gold_gain":0,"player_choice":"Offered Basic","damage_taken":0,"max_hp_gain":0,"max_hp_loss":0,"event_name":"Bonfire Elementals","floor":5,"gold_loss":0},{"damage_healed":0,"gold_gain":0,"player_choice":"Shed Blood","damage_taken":25,"max_hp_gain":5,"max_hp_loss":0,"event_name":"Forgotten Altar","floor":22,"gold_loss":0},{"damage_healed":0,"gold_gain":0,"player_choice":"Upgraded","damage_taken":0,"max_hp_gain":0,"max_hp_loss":0,"event_name":"Upgrade Shrine","floor":23,"gold_loss":0,"cards_upgraded":["Defragment"]},{"damage_healed":0,"gold_gain":0,"player_choice":"Ignored","damage_taken":0,"max_hp_gain":0,"max_hp_loss":0,"event_name":"Tomb of Lord Red Mask","floor":41,"gold_loss":0},{"damage_healed":0,"gold_gain":0,"player_choice":"Fight","damage_taken":0,"max_hp_gain":0,"max_hp_loss":0,"event_name":"MindBloom","floor":44,"gold_loss":0},{"damage_healed":0,"gold_gain":0,"player_choice":"Bought 1 Potion","damage_taken":0,"max_hp_gain":0,"max_hp_loss":0,"event_name":"The Woman in Blue","floor":47,"gold_loss":0}],"is_beta":false,"boss_relics":[{"not_picked":["Empty Cage","Black Star"],"picked":"Fusion Hammer"},{"not_picked":["Snecko Eye","Sozu"],"picked":"Astrolabe"}],"items_purged_floors":[21,37,48],"is_endless":false,"potions_floor_spawned":[1,3,7,10,16,18,20,29,33,36,44],"ascension_level":19}