{"gold_per_floor":[217,234,248,248,268,268,283,134,134,134,209,222,235,260,260,359,359,379,329,20,34,47,47,78,89,113,113,113,113,113,131,131,234,234,254,0,12,57,67,82,82,82,82,82,94,107,32,47,47,47,47,47,47,47],"floor_reached":54,"playtime":2480,"items_purged":["Strike_B"],"score":738,"play_id":"c421eac5-5666-4ce8-87ec-f38cd246d8e1","local_time":"20190510132858","is_ascension_mode":false,"campfire_choices":[{"data":"Dualcast","floor":6,"key":"SMITH"},{"data":"Defragment","floor":10,"key":"SMITH"},{"data":"Defragment","floor":15,"key":"SMITH"},{"data":"Echo Form","floor":23,"key":"SMITH"},{"floor":27,"key":"REST"},{"data":"Self Repair","floor":29,"key":"SMITH"},{"data":"Glacier","floor":32,"key":"SMITH"},{"floor":41,"key":"RECALL"},{"data":"Biased Cognition","floor":44,"key":"SMITH"},{"data":"Capacitor","floor":49,"key":"SMITH"},{"data":"Panacea","floor":52,"key":"SMITH"}],"neow_cost":"NONE","seed_source_timestamp":1154332631817462,"circlet_count":0,"master_deck":["Strike_B","Strike_B","Strike_B","Defend_B","Defend_B","Defend_B","Defend_B","Zap+1","Dualcast+1","Cold Snap","BootSequence","Blizzard","Conserve Battery+1","Defragment+1","Defragment+1","Cold Snap","Coolheaded","Echo Form+1","Cold Snap+1","Barrage+1","Self Repair+1","RitualDagger","Glacier+1","Biased Cognition+1","Capacitor+1","Cold Snap+1","Storm+1","Panacea+1","Parasite","Consume+1","Defragment+1","Loop+1"],"relics":["Cracked Core","Boot","War Paint","Pantograph","Question Card","Runic Pyramid","Torii","Dead Branch","Lantern","Sozu","Red Mask","Thread and Needle"],"potions_floor_usage":[14,22,24,24,24,33,46],"damage_taken":[{"damage":8,"enemies":"Jaw Worm","floor":1,"turns":3},{"damage":0,"enemies":"Cultist","floor":2,"turns":3},{"damage":0,"enemies":"Small Slimes","floor":3,"turns":2},{"damage":6,"enemies":"Exordium Thugs","floor":5,"turns":5},{"damage":0,"enemies":"Lots of Slimes","floor":7,"turns":4},{"damage":0,"enemies":"Blue Slaver","floor":12,"turns":3},{"damage":1,"enemies":"Looter","floor":13,"turns":3},{"damage":0,"enemies":"Lagavulin","floor":14,"turns":8},{"damage":0,"enemies":"The Guardian","floor":16,"turns":12},{"damage":0,"enemies":"3 Byrds","floor":18,"turns":4},{"damage":0,"enemies":"Spheric Guardian","floor":21,"turns":4},{"damage":36,"enemies":"Cultist and Chosen","floor":22,"turns":8},{"damage":13,"enemies":"Slavers","floor":24,"turns":7},{"damage":21,"enemies":"Shelled Parasite and Fungi","floor":25,"turns":6},{"damage":1,"enemies":"Snecko","floor":31,"turns":5},{"damage":2,"enemies":"Automaton","floor":33,"turns":15},{"damage":0,"enemies":"3 Shapes","floor":35,"turns":5},{"damage":0,"enemies":"Orb Walker","floor":37,"turns":5},{"damage":29,"enemies":"2 Orb Walkers","floor":38,"turns":8},{"damage":0,"enemies":"Transient","floor":39,"turns":5},{"damage":22,"enemies":"Spire Growth","floor":40,"turns":4},{"damage":0,"enemies":"Writhing Mass","floor":45,"turns":7},{"damage":1,"enemies":"4 Shapes","floor":46,"turns":5},{"damage":0,"enemies":"Maw","floor":48,"turns":6},{"damage":60,"enemies":"Donu and Deca","floor":50,"turns":9},{"damage":78,"enemies":"Shield and Spear","floor":54,"turns":6}],"seed_played":"2257082223355305898","potions_obtained":[{"floor":2,"key":"Strength Potion"},{"floor":12,"key":"Poison Potion"},{"floor":13,"key":"PowerPotion"},{"floor":14,"key":"Regen Potion"},{"floor":18,"key":"Poison Potion"},{"floor":22,"key":"SpeedPotion"},{"floor":25,"key":"SpeedPotion"},{"floor":31,"key":"LiquidBronze"}],"is_trial":false,"path_per_floor":["M","M","M","?","M","R","M","$","T","R","?","M","M","E","R","B",null,"M","?","$","M","M","R","E","M","T","R","?","R","$","M","R","B",null,"M","?","M","?","M","M","R","?","T","R","M","M","$","M","R","B",null,"R","$","E"],"character_chosen":"DEFECT","items_purchased":["War Paint","Torii"],"campfire_rested":1,"item_purchase_floors":[8,20],"current_hp_per_floor":[67,67,67,67,61,61,61,61,61,61,50,50,49,49,49,74,75,75,75,75,75,51,51,38,17,17,39,33,33,33,42,42,75,75,75,75,75,66,75,63,63,63,63,63,75,74,74,74,74,25,75,75,75,0],"gold":47,"neow_bonus":"HUNDRED_GOLD","is_prod":false,"is_daily":false,"chose_seed":false,"campfire_upgraded":9,"win_rate":0,"timestamp":1557466138,"path_taken":["M","M","M","?","M","R","?","$","T","R","?","M","M","E","R","BOSS","M","?","?","M","M","R","E","?","T","R","?","R","$","M","R","BOSS","M","?","M","?","M","M","R","?","T","R","M","M","?","?","R","BOSS","R","$","E"],"build_version":"2019-01-23","purchased_purges":1,"victory":false,"max_hp_per_floor":[75,75,75,75,75,75,75,75,75,75,75,75,75,75,75,75,75,75,75,75,75,75,75,75,75,75,75,75,75,75,75,75,75,75,75,75,75,75,75,75,75,75,75,75,75,75,75,75,75,75,75,75,75,75],"card_choices":[{"not_picked":["Go for the Eyes","Coolheaded"],"picked":"Cold Snap","floor":1},{"not_picked":["Beam Cell","Streamline"],"picked":"BootSequence","floor":2},{"not_picked":["Steam","Go for the Eyes"],"picked":"Blizzard","floor":3},{"not_picked":["Reinforced Body","Auto Shields"],"picked":"Conserve Battery","floor":5},{"not_picked":["Machine Learning","Self Repair"],"picked":"Defragment","floor":7},{"not_picked":["Tempest","Stack"],"picked":"Defragment","floor":12},{"not_picked":["Turbo","Rebound"],"picked":"Cold Snap","floor":13},{"not_picked":["Static Discharge","Tempest"],"picked":"Coolheaded","floor":14},{"not_picked":["Amplify","Creative AI","Electrodynamics"],"picked":"Echo Form","floor":16},{"not_picked":["Ball Lightning","Barrage","Conserve Battery"],"picked":"Cold Snap+1","floor":18},{"not_picked":["Darkness","Streamline","Barrage","Stack+1"],"picked":"SKIP","floor":21},{"not_picked":["Gash","Doom and Gloom","Steam Power+1"],"picked":"Barrage+1","floor":22},{"not_picked":["Conserve Battery","Heatsinks","Streamline","Skim"],"picked":"SKIP","floor":24},{"not_picked":["Sweeping Beam","Redo","Leap"],"picked":"Self Repair","floor":25},{"not_picked":["BootSequence+1","Go for the Eyes","Rainbow"],"picked":"Glacier","floor":31},{"not_picked":["Rainbow","Amplify","Multi-Cast"],"picked":"Biased Cognition","floor":33},{"not_picked":["Beam Cell","Conserve Battery+1","Consume+1"],"picked":"Capacitor","floor":35},{"not_picked":["Rebound","Coolheaded","Sweeping Beam+1"],"picked":"Cold Snap+1","floor":37},{"not_picked":["Heatsinks","Stack+1","Hologram"],"picked":"Storm+1","floor":38},{"not_picked":["Leap+1","Rip and Tear","Coolheaded","Turbo"],"picked":"SKIP","floor":39},{"not_picked":["Beam Cell","Cold Snap","Coolheaded","Darkness"],"picked":"SKIP","floor":40},{"not_picked":["Forethought","Impatience","Sadistic Nature"],"picked":"Panacea","floor":42},{"not_picked":["BootSequence+1","Beam Cell","Gash+1"],"picked":"Consume+1","floor":45},{"not_picked":["Ball Lightning","Barrage","Cold Snap"],"picked":"Defragment+1","floor":46},{"not_picked":["Cold Snap","BootSequence+1","Amplify"],"picked":"Loop+1","floor":48}],"player_experience":501114,"relics_obtained":[{"floor":9,"key":"Pantograph"},{"floor":14,"key":"Question Card"},{"floor":24,"key":"Dead Branch"},{"floor":26,"key":"Lantern"},{"floor":38,"key":"Thread and Needle"}],"event_choices":[{"damage_healed":0,"gold_gain":0,"player_choice":"Gave Potion","damage_taken":0,"relics_obtained":["Boot"],"max_hp_gain":0,"max_hp_loss":0,"event_name":"WeMeetAgain","floor":4,"gold_loss":0},{"damage_healed":0,"gold_gain":75,"player_choice":"Gather Gold","damage_taken":11,"max_hp_gain":0,"max_hp_loss":0,"event_name":"World of Goop","floor":11,"gold_loss":0},{"damage_healed":0,"gold_gain":0,"player_choice":"Bet on Murderer","damage_taken":0,"max_hp_gain":0,"max_hp_loss":0,"event_name":"The Joust","floor":19,"gold_loss":50},{"damage_healed":0,"gold_gain":0,"player_choice":"Joined the Cult","damage_taken":6,"max_hp_gain":0,"max_hp_loss":0,"event_name":"Nest","floor":28,"gold_loss":0,"cards_obtained":["RitualDagger"]},{"damage_healed":0,"gold_gain":0,"player_choice":"Paid","damage_taken":0,"relics_obtained":["Red Mask"],"max_hp_gain":0,"max_hp_loss":0,"event_name":"Tomb of Lord Red Mask","floor":36,"gold_loss":254},{"damage_healed":0,"gold_gain":0,"player_choice":"Fight","damage_taken":0,"max_hp_gain":0,"max_hp_loss":0,"event_name":"Mysterious Sphere","floor":38,"gold_loss":0},{"damage_healed":0,"gold_gain":0,"player_choice":"Memory 1","damage_taken":0,"max_hp_gain":0,"max_hp_loss":0,"event_name":"SensoryStone","floor":42,"gold_loss":0}],"is_beta":false,"boss_relics":[{"not_picked":["Calling Bell","Tiny House"],"picked":"Runic Pyramid"},{"not_picked":["Lizard Tail","Eternal Feather"],"picked":"Sozu"}],"items_purged_floors":[47],"is_endless":false,"potions_floor_spawned":[2,12,13,14,18,22,25,31,37,38,46],"killed_by":"Shield and Spear","ascension_level":0}