{"gold_per_floor":[18,33,50,150,165,165,182,182,233,247,275,275,303,314,314,413,413,428,68,68,167,180,180,206,206,281,308,322,341,341,358,358,358],"floor_reached":33,"playtime":2031,"items_purged":["Strike_R"],"score":446,"play_id":"ad5ebd74-1b75-42f7-bf6c-ecb427782e4c","local_time":"20190322230247","is_ascension_mode":true,"campfire_choices":[{"data":"True Grit","floor":6.0,"key":"SMITH"},{"data":"Anger","floor":8.0,"key":"SMITH"},{"data":"Armaments","floor":12.0,"key":"SMITH"},{"floor":15.0,"key":"REST"},{"floor":23.0,"key":"REST"},{"floor":25.0,"key":"REST"},{"floor":30,"key":"REST"},{"floor":32,"key":"REST"}],"neow_cost":"NO_GOLD","seed_source_timestamp":172178188589883,"circlet_count":0,"master_deck":["AscendersBane","Strike_R","Defend_R","Defend_R","Defend_R","Bash","Demon Form","True Grit+1","Iron Wave","Anger+1","Seeing Red","Armaments+1","Limit Break","Disarm","Ghostly Armor","Brutality","Demon Form+1","Fire Breathing+1","Impervious+1","Sword Boomerang","Heavy Blade","Inflame","Inflame","Pummel+1"],"special_seed":0,"relics":["Burning Blood","Boot","Bottled Flame","Red Skull","Astrolabe","Self Forming Clay","Ancient Tea Set","Question Card","Smiling Mask"],"potions_floor_usage":[28,29],"damage_taken":[{"damage":0.0,"enemies":"2 Louse","floor":1.0,"turns":5.0},{"damage":5.0,"enemies":"Cultist","floor":2.0,"turns":5.0},{"damage":4.0,"enemies":"Small Slimes","floor":3.0,"turns":5.0},{"damage":12.0,"enemies":"Looter","floor":5.0,"turns":4.0},{"damage":15.0,"enemies":"Exordium Thugs","floor":7.0,"turns":5.0},{"damage":13.0,"enemies":"Exordium Wildlife","floor":10.0,"turns":6.0},{"damage":13.0,"enemies":"Lagavulin","floor":11.0,"turns":6.0},{"damage":31.0,"enemies":"Gremlin Nob","floor":13.0,"turns":5.0},{"damage":0.0,"enemies":"Large Slime","floor":14.0,"turns":5.0},{"damage":25.0,"enemies":"Slime Boss","floor":16.0,"turns":5.0},{"damage":42.0,"enemies":"Shell Parasite","floor":18.0,"turns":7.0},{"damage":7.0,"enemies":"2 Thieves","floor":22.0,"turns":3.0},{"damage":47.0,"enemies":"Slavers","floor":24.0,"turns":8.0},{"damage":8,"enemies":"Sentry and Sphere","floor":28,"turns":5},{"damage":25,"enemies":"Snake Plant","floor":29,"turns":4},{"damage":13,"enemies":"Shelled Parasite and Fungi","floor":31,"turns":7},{"damage":63,"enemies":"Automaton","floor":33,"turns":6}],"seed_played":"5051318764131681431","potions_obtained":[{"floor":2.0,"key":"SteroidPotion"},{"floor":5.0,"key":"Poison Potion"},{"floor":7.0,"key":"EssenceOfSteel"},{"floor":11.0,"key":"LiquidBronze"},{"floor":13.0,"key":"Ancient Potion"},{"floor":24.0,"key":"Strength Potion"},{"floor":28,"key":"EssenceOfSteel"}],"is_trial":false,"path_per_floor":["M","M","M","?","M","R","M","R","T","M","E","R","E","M","R","B",null,"M","$","?","?","M","R","E","R","T","T","M","M","R","M","R","B"],"character_chosen":"IRONCLAD","items_purchased":["Self Forming Clay","Heavy Blade"],"campfire_rested":5,"item_purchase_floors":[19,19],"current_hp_per_floor":[78,79,80,80,74,74,65,65,65,58,51,51,26,32,56,37,69,33,33,33,33,32,56,15,39,39,39,37,18,42,35,59,0],"gold":358,"neow_bonus":"THREE_RARE_CARDS","is_prod":false,"is_daily":false,"chose_seed":false,"campfire_upgraded":3,"win_rate":0,"timestamp":1553320967,"path_taken":["M","M","M","?","M","R","M","R","T","M","E","R","E","M","R","BOSS","M","?","?","?","M","R","E","R","T","?","M","?","R","M","R","BOSS"],"build_version":"2019-01-23","purchased_purges":1,"victory":false,"max_hp_per_floor":[80,80,80,80,80,80,80,80,80,80,80,80,80,80,80,80,80,80,80,80,80,80,80,80,80,80,80,80,80,80,80,80,80],"card_choices":[{"not_picked":["Brutality","Bludgeon"],"picked":"Demon Form","floor":0.0},{"not_picked":["Flex","Perfected Strike","Wild Strike"],"picked":"SKIP","floor":1.0},{"not_picked":["Thunderclap","Pommel Strike"],"picked":"True Grit","floor":2.0},{"not_picked":["Entrench","Fire Breathing"],"picked":"Iron Wave","floor":3.0},{"not_picked":["Corruption","Warcry"],"picked":"Anger","floor":5.0},{"not_picked":["Rampage","Carnage"],"picked":"Seeing Red","floor":7.0},{"not_picked":["Infernal Blade","Exhume"],"picked":"Armaments","floor":10.0},{"not_picked":["Havoc","Rampage"],"picked":"Limit Break","floor":11.0},{"not_picked":["Bludgeon","Feel No Pain"],"picked":"Disarm","floor":13.0},{"not_picked":["True Grit","Clothesline"],"picked":"Ghostly Armor","floor":14.0},{"not_picked":["Berserk","Bludgeon"],"picked":"Brutality","floor":16.0},{"not_picked":["Iron Wave","Warcry"],"picked":"Sword Boomerang","floor":18.0},{"not_picked":["Dual Wield","Rampage","Flex"],"picked":"SKIP","floor":22.0},{"not_picked":["Combust+1","Anger","Burning Pact"],"picked":"SKIP","floor":24.0},{"not_picked":["Carnage","Cleave","True Grit"],"picked":"Inflame","floor":28},{"not_picked":["Body Slam","Hemokinesis","Second Wind+1"],"picked":"Inflame","floor":29},{"not_picked":["Dual Wield","Exhume","Carnage"],"picked":"Pummel+1","floor":31}],"player_experience":516811,"relics_obtained":[{"floor":9.0,"key":"Boot"},{"floor":11.0,"key":"Bottled Flame"},{"floor":13.0,"key":"Red Skull"},{"floor":24.0,"key":"Ancient Tea Set"},{"floor":26.0,"key":"Question Card"},{"floor":27.0,"key":"Smiling Mask"}],"event_choices":[{"damage_healed":0.0,"max_hp_gain":0.0,"max_hp_loss":0.0,"gold_gain":100.0,"event_name":"Wheel of Change","player_choice":"Gold","floor":4.0,"gold_loss":0.0,"damage_taken":0.0},{"cards_removed":["Strike_R"],"damage_healed":0.0,"max_hp_gain":0.0,"max_hp_loss":0.0,"gold_gain":0.0,"event_name":"Back to Basics","player_choice":"Elegance","floor":20.0,"gold_loss":0.0,"damage_taken":0.0},{"damage_healed":0.0,"max_hp_gain":0.0,"max_hp_loss":0.0,"gold_gain":99.0,"event_name":"Nest","player_choice":"Stole From Cult","floor":21.0,"gold_loss":0.0,"damage_taken":0.0}],"is_beta":false,"boss_relics":[{"not_picked":["Calling Bell","Black Star"],"picked":"Astrolabe"}],"items_purged_floors":[19],"is_endless":false,"potions_floor_spawned":[2,5,7,11,13,18,24,28],"killed_by":"Automaton","ascension_level":12}