{"gold_per_floor":[110,121,138,154,329,329,364,376,441,453,13,13,43,63,63,161,161,179,29,29,43,60,60,86,97,97,97,111,111,0,26,26,26],"floor_reached":33,"playtime":1458,"items_purged":["Strike_G"],"score":369,"play_id":"4f359fa1-cd8d-4306-b9a7-2d862313249f","local_time":"20190427174517","is_ascension_mode":true,"campfire_choices":[{"data":"Skewer","floor":6,"key":"SMITH"},{"floor":10,"key":"REST"},{"floor":15,"key":"REST"},{"floor":23,"key":"REST"},{"floor":27,"key":"REST"},{"floor":29,"key":"REST"},{"floor":32,"key":"REST"}],"neow_cost":"NONE","seed_source_timestamp":111859291218766,"circlet_count":0,"master_deck":["Defend_G","Defend_G","Defend_G","Defend_G","Defend_G","Strike_G","Strike_G","Strike_G","Strike_G","Survivor","Neutralize","Terror","Skewer+1","Dagger Throw","Doubt","Footwork","Backstab","Dagger Spray","Deflect","Adrenaline","Footwork","Blur","Sucker Punch+1","Flying Knee+1","Flying Knee+1","Flying Knee+1"],"relics":["Ring of the Snake","NeowsBlessing","MawBank","Pantograph","Oddly Smooth Stone","Happy Flower","Medical Kit","Black Star","Nloth\u0027s Gift","Molten Egg 2","Lantern","Anchor","Bronze Scales"],"potions_floor_usage":[7,24,24,31,31],"damage_taken":[{"damage":0,"enemies":"Jaw Worm","floor":1,"turns":1},{"damage":0,"enemies":"Small Slimes","floor":2,"turns":1},{"damage":0,"enemies":"Cultist","floor":3,"turns":1},{"damage":19,"enemies":"Lots of Slimes","floor":4,"turns":4},{"damage":24,"enemies":"Lagavulin","floor":7,"turns":4},{"damage":30,"enemies":"3 Sentries","floor":13,"turns":11},{"damage":2,"enemies":"Gremlin Gang","floor":14,"turns":2},{"damage":16,"enemies":"The Guardian","floor":16,"turns":13},{"damage":7,"enemies":"Chosen","floor":18,"turns":3},{"damage":17,"enemies":"Spheric Guardian","floor":21,"turns":7},{"damage":22,"enemies":"Snake Plant","floor":22,"turns":5},{"damage":12,"enemies":"Book of Stabbing","floor":24,"turns":5},{"damage":12,"enemies":"Shelled Parasite and Fungi","floor":25,"turns":7},{"damage":35,"enemies":"Cultist and Chosen","floor":28,"turns":7},{"damage":17,"enemies":"Gremlin Leader","floor":31,"turns":7},{"damage":70,"enemies":"Collector","floor":33,"turns":12}],"seed_played":"-7920246095372422929","potions_obtained":[{"floor":4,"key":"Energy Potion"},{"floor":13,"key":"Poison Potion"},{"floor":14,"key":"AttackPotion"},{"floor":16,"key":"SpeedPotion"},{"floor":25,"key":"Energy Potion"},{"floor":28,"key":"Regen Potion"}],"is_trial":false,"path_per_floor":["?","T","$","?","?","M","M","?"],"character_chosen":"THE_SILENT","items_purchased":["Footwork","Happy Flower","Backstab","Medical Kit","Footwork"],"campfire_rested":6,"item_purchase_floors":[11,11,11,11,19],"current_hp_per_floor":[70,70,70,51,51,51,27,27,27,48,48,48,18,16,37,46,64,57,57,57,40,18,39,27,15,15,36,1,22,22,20,41,0],"gold":26,"neow_bonus":"THREE_ENEMY_KILL","is_prod":false,"is_daily":false,"chose_seed":false,"campfire_upgraded":1,"win_rate":0,"timestamp":1556379917,"path_taken":["M","M","M","M","?","R","E","?","T","R","?","?","E","M","R","BOSS","M","$","?","M","?","R","E","M","T","R","?","R","?","E","R","BOSS"],"build_version":"2019-01-23","purchased_purges":1,"victory":false,"max_hp_per_floor":[70,70,70,70,70,70,70,70,70,70,70,70,70,70,70,70,70,70,70,70,70,70,70,70,70,70,70,70,70,70,70,70,70],"card_choices":[{"not_picked":["Underhanded Strike","Sucker Punch","Heel Hook"],"picked":"SKIP","floor":1},{"not_picked":["Distraction","Deadly Poison"],"picked":"Terror","floor":2},{"not_picked":["Cloak And Dagger","Calculated Gamble"],"picked":"Skewer","floor":3},{"not_picked":["Dagger Spray","Setup"],"picked":"Dagger Throw","floor":4},{"not_picked":["Slice","Phantasmal Killer","Infinite Blades"],"picked":"SKIP","floor":7},{"not_picked":["Prepared","Deadly Poison"],"picked":"Dagger Spray","floor":13},{"not_picked":["Tactician","Expertise"],"picked":"Deflect","floor":14},{"not_picked":["Unload","Phantasmal Killer"],"picked":"Adrenaline","floor":16},{"not_picked":["Blade Dance","Outmaneuver","Underhanded Strike"],"picked":"SKIP","floor":18},{"not_picked":["Predator","Terror"],"picked":"Blur","floor":21},{"not_picked":["Masterful Stab","Crippling Poison"],"picked":"Sucker Punch+1","floor":22},{"not_picked":["Sucker Punch+1","Storm of Steel"],"picked":"Flying Knee","floor":24},{"not_picked":["Prepared+1","Finisher+1","Expertise"],"picked":"SKIP","floor":25},{"not_picked":["Prepared+1","Poisoned Stab+1"],"picked":"Flying Knee+1","floor":28},{"not_picked":["Sucker Punch+1","Bullet Time"],"picked":"Flying Knee+1","floor":31}],"player_experience":165543,"relics_obtained":[{"floor":7,"key":"MawBank"},{"floor":8,"key":"Pantograph"},{"floor":9,"key":"Oddly Smooth Stone"},{"floor":13,"key":"Peace Pipe"},{"floor":24,"key":"Molten Egg 2"},{"floor":24,"key":"Lantern"},{"floor":31,"key":"Anchor"},{"floor":31,"key":"Bronze Scales"}],"event_choices":[{"damage_healed":0,"gold_gain":175,"player_choice":"AGREE","damage_taken":0,"max_hp_gain":0,"max_hp_loss":0,"event_name":"Liars Game","floor":5,"gold_loss":0,"cards_obtained":["Doubt"]},{"damage_healed":0,"gold_gain":0,"player_choice":"Ignored","damage_taken":0,"max_hp_gain":0,"max_hp_loss":0,"event_name":"WeMeetAgain","floor":12,"gold_loss":0},{"damage_healed":0,"gold_gain":0,"player_choice":"Traded Relic","damage_taken":0,"relics_obtained":["Nloth\u0027s Gift"],"max_hp_gain":0,"max_hp_loss":0,"event_name":"N\u0027loth","floor":20,"relics_lost":["Peace Pipe"],"gold_loss":0},{"damage_healed":0,"gold_gain":0,"player_choice":"Paid Fearfully","damage_taken":0,"max_hp_gain":0,"max_hp_loss":0,"event_name":"Masked Bandits","floor":30,"gold_loss":111}],"is_beta":false,"boss_relics":[{"not_picked":["Ectoplasm","Snecko Eye"],"picked":"Black Star"}],"items_purged_floors":[19],"is_endless":false,"potions_floor_spawned":[4,13,14,16,18,22,25,28],"killed_by":"Collector","ascension_level":5}