{"gold_per_floor":[119,136,136,136,148,148,158,158,158,158,158,53,78,110,122,211,223,250,262,189,201,313,325,349,361,373,411,450,48,48,58,58,135,135,146,14,32,52,65,96,96,128,152,152,152,152,152,252,252,252,252,252,252,10,45,45],"floor_reached":56,"playtime":7964,"items_purged":["Strike_G"],"score":1953,"play_id":"0e067a5d-b228-4be3-9154-f6f8d1405804","local_time":"20190326004148","is_ascension_mode":true,"campfire_choices":[{"data":"Noxious Fumes","floor":6,"key":"SMITH"},{"data":"Blade Dance","floor":8,"key":"SMITH"},{"data":"Finesse","floor":11,"key":"SMITH"},{"floor":15,"key":"REST"},{"floor":23,"key":"REST"},{"data":"Bane","floor":25,"key":"SMITH"},{"floor":32,"key":"REST"},{"data":"Footwork","floor":41,"key":"SMITH"},{"data":"Well Laid Plans","floor":44,"key":"SMITH"},{"data":"After Image","floor":45,"key":"SMITH"},{"floor":47,"key":"REST"},{"floor":49,"key":"RECALL"},{"data":"Caltrops","floor":53,"key":"SMITH"}],"neow_cost":"NONE","seed_source_timestamp":651582440495657,"circlet_count":0,"master_deck":["AscendersBane","Defend_G","Defend_G","Defend_G","Defend_G","Defend_G","Survivor","Neutralize+1","Finesse+1","Blade Dance+1","Backstab+1","Noxious Fumes+1","Slice+1","Deflect+1","Backflip+1","Corpse Explosion+1","Burst+1","Bane+1","Bite+1","Bite+1","Bite+1","Bite+1","Catalyst+1","Catalyst+1","Distraction+1","Well Laid Plans+1","Tools of the Trade","Acrobatics+1","The Bomb+1","Escape Plan+1","After Image+1","Footwork+1","Dodge and Roll+1","Caltrops+1","Calculated Gamble+1","Catalyst+1","Well Laid Plans"],"relics":["Ring of the Serpent","Bag of Preparation","Toxic Egg 2","Paper Crane","Molten Egg 2","WingedGreaves","Pear","Matryoshka","Whetstone","Shuriken","Nloth\u0027s Gift","Busted Crown","Bronze Scales","Snake Skull","PreservedInsect","Ice Cream","Art of War","Strawberry"],"potions_floor_usage":[16,16,16,22,27,33,51],"damage_taken":[{"damage":0,"enemies":"Small Slimes","floor":1,"turns":5},{"damage":0,"enemies":"Cultist","floor":2,"turns":4},{"damage":0,"enemies":"2 Louse","floor":5,"turns":2},{"damage":3,"enemies":"Looter","floor":7,"turns":3},{"damage":25,"enemies":"Gremlin Nob","floor":13,"turns":5},{"damage":0,"enemies":"2 Fungi Beasts","floor":14,"turns":3},{"damage":12,"enemies":"Slime Boss","floor":16,"turns":8},{"damage":4,"enemies":"2 Thieves","floor":18,"turns":3},{"damage":10,"enemies":"Colosseum Slavers","floor":22,"turns":2},{"damage":36,"enemies":"Colosseum Nobs","floor":22,"turns":4},{"damage":13,"enemies":"Spheric Guardian","floor":24,"turns":8},{"damage":8,"enemies":"Gremlin Leader","floor":27,"turns":7},{"damage":50,"enemies":"Slavers","floor":28,"turns":6},{"damage":17,"enemies":"Shelled Parasite and Fungi","floor":31,"turns":3},{"damage":16,"enemies":"Automaton","floor":33,"turns":10},{"damage":0,"enemies":"3 Darklings","floor":35,"turns":3},{"damage":0,"enemies":"Orb Walker","floor":37,"turns":3},{"damage":19,"enemies":"Jaw Worm Horde","floor":38,"turns":3},{"damage":38,"enemies":"3 Darklings","floor":39,"turns":7},{"damage":2,"enemies":"Giant Head","floor":40,"turns":7},{"damage":32,"enemies":"Nemesis","floor":42,"turns":7},{"damage":0,"enemies":"Mind Bloom Boss Battle","floor":48,"turns":4},{"damage":49,"enemies":"Awakened One","floor":50,"turns":12},{"damage":16,"enemies":"Donu and Deca","floor":51,"turns":6},{"damage":57,"enemies":"Shield and Spear","floor":55,"turns":6},{"damage":62,"enemies":"The Heart","floor":56,"turns":2}],"seed_played":"-696507799635260110","potions_obtained":[{"floor":5,"key":"Block Potion"},{"floor":13,"key":"SteroidPotion"},{"floor":14,"key":"SteroidPotion"},{"floor":16,"key":"Fruit Juice"},{"floor":18,"key":"EssenceOfSteel"},{"floor":24,"key":"PowerPotion"},{"floor":28,"key":"SpeedPotion"},{"floor":33,"key":"Swift Potion"},{"floor":35,"key":"Explosive Potion"},{"floor":55,"key":"SmokeBomb"}],"is_trial":false,"path_per_floor":["M","M","?","?","M","R","M","R","T","?","R","$","E","M","R","B",null,"M","?","?","?","?","R","M","R","T","E","E","$","?","M","R","B",null,"M","$","M","M","M","E","R","E","T","R","R","?","R","?","R","B","B",null,"R","$","E","B"],"character_chosen":"THE_SILENT","items_purchased":["Deflect+1","Tools of the Trade","Acrobatics+1","The Bomb+1","Footwork","Dodge and Roll+1","Art of War","Well Laid Plans"],"campfire_rested":4,"item_purchase_floors":[12,29,29,29,36,36,54,54],"current_hp_per_floor":[59,59,59,48,48,48,45,45,45,45,45,45,20,20,39,32,61,57,37,37,37,16,34,48,48,48,63,28,28,28,23,41,55,61,63,63,63,50,33,49,49,35,35,35,35,35,53,63,63,35,34,56,56,56,21,0],"gold":45,"neow_bonus":"RANDOM_COLORLESS","is_prod":false,"is_daily":false,"chose_seed":false,"campfire_upgraded":8,"win_rate":0,"timestamp":1553557308,"path_taken":["M","M","?","?","M","R","M","R","T","?","R","$","E","M","R","BOSS","M","?","?","?","?","R","M","R","T","E","E","$","?","M","R","BOSS","M","$","M","?","M","E","R","E","T","R","R","?","R","?","R","BOSS","BOSS","R","$","E","BOSS"],"build_version":"2019-01-23","purchased_purges":1,"victory":false,"max_hp_per_floor":[66,66,66,66,66,66,66,66,66,66,66,66,66,66,66,71,71,71,76,76,53,63,63,63,63,63,63,63,63,63,63,63,63,63,63,63,63,63,63,63,63,63,63,63,63,63,63,63,63,63,63,63,63,63,70,70],"card_choices":[{"not_picked":["Dodge and Roll","Quick Slash"],"picked":"Blade Dance","floor":1},{"not_picked":["Dodge and Roll","Prepared"],"picked":"Backstab","floor":2},{"not_picked":["Terror","Riddle With Holes"],"picked":"Noxious Fumes","floor":5},{"not_picked":["Acrobatics","Dodge and Roll"],"picked":"Slice","floor":7},{"not_picked":["Prepared+1","Backstab"],"picked":"Backflip+1","floor":13},{"not_picked":["Masterful Stab","Poisoned Stab"],"picked":"Corpse Explosion+1","floor":14},{"not_picked":["Venomology+1","Storm of Steel+1"],"picked":"Burst+1","floor":16},{"not_picked":["Predator","Slice"],"picked":"Bane","floor":18},{"not_picked":["Flying Knee+1","Sucker Punch+1"],"picked":"Catalyst+1","floor":22},{"not_picked":["Poisoned Stab+1","Crippling Poison+1"],"picked":"Catalyst+1","floor":24},{"not_picked":["Bullet Time+1","Cloak And Dagger+1"],"picked":"Distraction+1","floor":27},{"not_picked":["Terror+1","Flechettes+1"],"picked":"Well Laid Plans","floor":28},{"not_picked":["Quick Slash+1","Eviscerate+1"],"picked":"Escape Plan+1","floor":31},{"not_picked":["Glass Knife+1","Tools of the Trade"],"picked":"After Image","floor":33},{"not_picked":["Sucker Punch+1"],"picked":"SKIP","floor":35},{"not_picked":["Dagger Throw+1"],"picked":"SKIP","floor":37},{"not_picked":[],"picked":"Caltrops","floor":38},{"not_picked":[],"picked":"Calculated Gamble+1","floor":39},{"not_picked":[],"picked":"Catalyst+1","floor":40},{"not_picked":["Endless Agony+1"],"picked":"SKIP","floor":42},{"not_picked":["Bane+1"],"picked":"SKIP","floor":55}],"player_experience":2932334,"relics_obtained":[{"floor":9,"key":"Toxic Egg 2"},{"floor":13,"key":"MawBank"},{"floor":22,"key":"WingedGreaves"},{"floor":22,"key":"Pear"},{"floor":26,"key":"Matryoshka"},{"floor":27,"key":"Whetstone"},{"floor":28,"key":"Shuriken"},{"floor":40,"key":"Bronze Scales"},{"floor":42,"key":"Snake Skull"},{"floor":43,"key":"PreservedInsect"},{"floor":48,"key":"Ice Cream"},{"floor":55,"key":"Strawberry"}],"event_choices":[{"damage_healed":0,"gold_gain":0,"player_choice":"Grow","damage_taken":0,"max_hp_gain":0,"max_hp_loss":0,"event_name":"Living Wall","floor":3,"gold_loss":0,"cards_upgraded":["Neutralize"]},{"damage_healed":0,"gold_gain":0,"player_choice":"Success","damage_taken":11,"relics_obtained":["Bag of Preparation"],"max_hp_gain":0,"max_hp_loss":0,"event_name":"Scrap Ooze","floor":4,"gold_loss":0},{"damage_healed":0,"gold_gain":0,"player_choice":"Gave Potion","damage_taken":0,"relics_obtained":["Paper Crane"],"max_hp_gain":0,"max_hp_loss":0,"event_name":"WeMeetAgain","floor":10,"gold_loss":0},{"damage_healed":0,"gold_gain":0,"player_choice":"Shed Blood","damage_taken":25,"max_hp_gain":5,"max_hp_loss":0,"event_name":"Forgotten Altar","floor":19,"gold_loss":0},{"damage_healed":0,"gold_gain":0,"player_choice":"Obtained Relic","damage_taken":0,"relics_obtained":["Molten Egg 2"],"max_hp_gain":0,"max_hp_loss":0,"event_name":"Addict","floor":20,"gold_loss":85},{"damage_healed":0,"gold_gain":0,"player_choice":"Became a vampire","damage_taken":0,"max_hp_gain":0,"max_hp_loss":23,"event_name":"Vampires","floor":21,"gold_loss":0,"cards_obtained":["Bite","Bite","Bite","Bite","Bite"]},{"damage_healed":0,"gold_gain":0,"player_choice":"Fight","damage_taken":0,"max_hp_gain":0,"max_hp_loss":0,"event_name":"Colosseum","floor":22,"gold_loss":0},{"damage_healed":0,"gold_gain":0,"player_choice":"Fought Nobs","damage_taken":0,"max_hp_gain":0,"max_hp_loss":0,"event_name":"Colosseum","floor":22,"gold_loss":0},{"damage_healed":0,"gold_gain":0,"player_choice":"Traded Relic","damage_taken":0,"relics_obtained":["Nloth\u0027s Gift"],"max_hp_gain":0,"max_hp_loss":0,"event_name":"N\u0027loth","floor":30,"relics_lost":["MawBank"],"gold_loss":0},{"cards_removed":["Bite"],"damage_healed":0,"gold_gain":0,"player_choice":"Removed Attack","damage_taken":0,"max_hp_gain":0,"max_hp_loss":0,"event_name":"Falling","floor":46,"gold_loss":0},{"damage_healed":0,"gold_gain":0,"player_choice":"Fight","damage_taken":0,"max_hp_gain":0,"max_hp_loss":0,"event_name":"MindBloom","floor":48,"gold_loss":0}],"is_beta":false,"boss_relics":[{"not_picked":["Velvet Choker","Coffee Dripper"],"picked":"Ring of the Serpent"},{"not_picked":["Runic Dome","Eternal Feather"],"picked":"Busted Crown"}],"items_purged_floors":[12],"is_endless":false,"potions_floor_spawned":[5,13,14,16,18,24,28,33,35,37,42,55],"killed_by":"The Heart","ascension_level":20}