{"gold_per_floor":[118,136,15,25,38,38,72,72,97,108,108,139,13,26,26,122,122,135,147,47,57,19,19,88,106,106,106,126,154,73,84,84,184,184,204,204,38,58,0,0,16,16,16,29,56,56,56],"floor_reached":47,"playtime":7935,"items_purged":["Strike_G","Acrobatics"],"score":537,"play_id":"ea33abdb-5b9b-4bd9-b4a9-146d910f0106","local_time":"20190418003548","is_ascension_mode":false,"campfire_choices":[{"data":"Phantasmal Killer","floor":6.0,"key":"SMITH"},{"floor":8.0,"key":"REST"},{"data":"Envenom","floor":15.0,"key":"SMITH"},{"floor":23.0,"key":"REST"},{"floor":27.0,"key":"REST"},{"floor":32,"key":"REST"},{"floor":40,"key":"REST"},{"floor":42,"key":"REST"}],"neow_cost":"NONE","seed_source_timestamp":0,"circlet_count":0,"master_deck":["Defend_G","Defend_G","Defend_G","Defend_G","Defend_G","Strike_G","Strike_G","Strike_G","Strike_G","Survivor","Neutralize","Unload","Poisoned Stab","Bane","Flying Knee","Phantasmal Killer+1","Finisher","Well Laid Plans","Dark Shackles","Envenom+1","Infinite Blades","Venomology","Outmaneuver","Blade Dance","Outmaneuver+1","Blur","Bouncing Flask+1","Corpse Explosion","Acrobatics+1","Finisher+1","Sucker Punch+1","Backstab+1","Slice+1","Blade Dance+1","Poisoned Stab+1","Die Die Die+1","Catalyst","Madness","Madness","Apotheosis","Leg Sweep","Flying Knee+1","Poisoned Stab+1","Accuracy+1","Bouncing Flask+1"],"special_seed":0,"relics":["Ring of the Serpent","Orichalcum","Dream Catcher","Boot","Molten Egg 2","Pear","Du-Vu Doll","Sozu","Red Mask","Potion Belt","PreservedInsect","Bottled Lightning"],"potions_floor_usage":[33,33,33,33],"damage_taken":[{"damage":1.0,"enemies":"Jaw Worm","floor":1.0,"turns":4.0},{"damage":0.0,"enemies":"Cultist","floor":2.0,"turns":2.0},{"damage":8.0,"enemies":"Small Slimes","floor":4.0,"turns":2.0},{"damage":0.0,"enemies":"Blue Slaver","floor":5.0,"turns":3.0},{"damage":18.0,"enemies":"3 Sentries","floor":7.0,"turns":8.0},{"damage":6.0,"enemies":"Exordium Thugs","floor":10.0,"turns":3.0},{"damage":0.0,"enemies":"Gremlin Nob","floor":12.0,"turns":3.0},{"damage":0.0,"enemies":"Exordium Wildlife","floor":14.0,"turns":3.0},{"damage":9.0,"enemies":"The Guardian","floor":16.0,"turns":7.0},{"damage":17.0,"enemies":"3 Byrds","floor":18.0,"turns":6.0},{"damage":8.0,"enemies":"Shell Parasite","floor":19.0,"turns":5.0},{"damage":42.0,"enemies":"Sentry and Sphere","floor":21.0,"turns":8.0},{"damage":9.0,"enemies":"Centurion and Healer","floor":25.0,"turns":7.0},{"damage":8.0,"enemies":"Cultist and Chosen","floor":28.0,"turns":6.0},{"damage":17,"enemies":"Gremlin Leader","floor":29,"turns":6},{"damage":10,"enemies":"Snecko","floor":31,"turns":5},{"damage":23,"enemies":"Collector","floor":33,"turns":8},{"damage":3,"enemies":"3 Shapes","floor":35,"turns":9},{"damage":10,"enemies":"3 Darklings","floor":38,"turns":2},{"damage":46,"enemies":"Jaw Worm Horde","floor":41,"turns":5},{"damage":10,"enemies":"Transient","floor":44,"turns":5},{"damage":36,"enemies":"Reptomancer","floor":45,"turns":8},{"damage":24,"enemies":"Spire Growth","floor":47,"turns":2}],"seed_played":"7066493592154709870","potions_obtained":[{"floor":2.0,"key":"GhostInAJar"},{"floor":4.0,"key":"Energy Potion"},{"floor":5.0,"key":"Energy Potion"},{"floor":14.0,"key":"SkillPotion"},{"floor":18.0,"key":"SpeedPotion"},{"floor":21.0,"key":"LiquidBronze"},{"floor":29,"key":"GhostInAJar"},{"floor":31,"key":"SpeedPotion"}],"is_trial":false,"path_per_floor":["M","M","$","M","M","R","E","R","T","M","?","E","$","M","R","B",null,"M","M","$","M","$","R","T","M","T","R","M","E","$","M","R","B",null,"M","?","$","M","?","R","M","R","T","M","E","T","M"],"character_chosen":"THE_SILENT","items_purchased":["Flying Knee","Infinite Blades","Poison Potion","Blur","Backstab+1","Slice+1","Apotheosis"],"campfire_rested":6,"item_purchase_floors":[3,13,13,22,30,30,37],"current_hp_per_floor":[69,69,69,61,61,61,43,64,64,58,58,58,58,58,58,49,70,53,45,45,3,3,24,24,15,25,49,41,24,24,14,38,15,80,77,67,67,57,57,80,34,58,58,48,12,12,0],"gold":56,"neow_bonus":"ONE_RANDOM_RARE_CARD","is_prod":false,"is_daily":false,"chose_seed":false,"campfire_upgraded":2,"win_rate":0.0,"timestamp":1555540548,"path_taken":["M","M","$","M","M","R","E","R","T","M","?","E","$","M","R","BOSS","M","M","$","M","$","R","?","M","T","R","M","E","$","?","R","BOSS","M","?","$","M","?","R","M","R","T","M","E","?","?"],"build_version":"2019-01-23","purchased_purges":2,"victory":false,"max_hp_per_floor":[70,70,70,70,70,70,70,70,70,70,70,70,70,70,70,70,70,70,70,70,70,70,70,70,70,80,80,80,80,80,80,80,80,80,80,80,80,80,80,80,80,80,80,80,80,80,80],"card_choices":[{"not_picked":["Dagger Spray","Dodge and Roll"],"picked":"Poisoned Stab","floor":1.0},{"not_picked":["Heel Hook","Dagger Spray"],"picked":"Bane","floor":2.0},{"not_picked":["Deflect","Terror"],"picked":"Phantasmal Killer","floor":4.0},{"not_picked":["Outmaneuver","Underhanded Strike"],"picked":"Finisher","floor":5.0},{"not_picked":["Quick Slash","Footwork"],"picked":"Acrobatics","floor":7.0},{"not_picked":["Escape Plan","Bane"],"picked":"Well Laid Plans","floor":10.0},{"not_picked":["Noxious Fumes","Dagger Spray"],"picked":"Envenom","floor":12.0},{"not_picked":["Calculated Gamble","Dagger Spray","Sucker Punch"],"picked":"SKIP","floor":14.0},{"not_picked":["Envenom","After Image"],"picked":"Venomology","floor":16.0},{"not_picked":["Dagger Spray","Dagger Throw"],"picked":"Outmaneuver","floor":18.0},{"not_picked":["Dodge and Roll","Quick Slash"],"picked":"Blade Dance","floor":19.0},{"not_picked":["Backflip+1","Dagger Spray+1"],"picked":"Outmaneuver+1","floor":21.0},{"not_picked":["Tactician","Dodge and Roll"],"picked":"Bouncing Flask+1","floor":23.0},{"not_picked":["Backflip","Accuracy"],"picked":"Corpse Explosion","floor":25.0},{"not_picked":["Slice+1","Blade Dance"],"picked":"Acrobatics+1","floor":27.0},{"not_picked":["Backflip","Underhanded Strike+1"],"picked":"Finisher+1","floor":28.0},{"not_picked":["Bullet Time","Eviscerate+1"],"picked":"Sucker Punch+1","floor":29},{"not_picked":["Blur","Noxious Fumes+1"],"picked":"Blade Dance+1","floor":31},{"not_picked":["Reflex","Calculated Gamble"],"picked":"Poisoned Stab+1","floor":32},{"not_picked":["Doppelganger","Adrenaline"],"picked":"Die Die Die+1","floor":33},{"not_picked":["Accuracy","Underhanded Strike+1"],"picked":"Catalyst","floor":35},{"not_picked":["Poisoned Stab+1","Footwork"],"picked":"Leg Sweep","floor":38},{"not_picked":["Slice+1","Dagger Throw+1"],"picked":"Flying Knee+1","floor":40},{"not_picked":["Well Laid Plans","Slice+1"],"picked":"Poisoned Stab+1","floor":41},{"not_picked":["Crippling Poison","Cloak And Dagger"],"picked":"Accuracy+1","floor":42},{"not_picked":["Riddle With Holes+1","Quick Slash+1"],"picked":"Bouncing Flask+1","floor":44},{"not_picked":["Die Die Die+1","Sucker Punch+1","Cloak And Dagger"],"picked":"SKIP","floor":45}],"player_experience":93665,"relics_obtained":[{"floor":7.0,"key":"Orichalcum"},{"floor":9.0,"key":"Dream Catcher"},{"floor":12.0,"key":"Boot"},{"floor":24.0,"key":"Molten Egg 2"},{"floor":26.0,"key":"Pear"},{"floor":29,"key":"Du-Vu Doll"},{"floor":43,"key":"Potion Belt"},{"floor":45,"key":"PreservedInsect"},{"floor":46,"key":"Bottled Lightning"}],"event_choices":[{"damage_healed":0.0,"max_hp_gain":0.0,"max_hp_loss":0.0,"gold_gain":0.0,"event_name":"Match and Keep!","player_choice":"1 cards matched","floor":11.0,"gold_loss":0.0,"damage_taken":0.0,"cards_obtained":["Dark Shackles"]},{"damage_healed":0,"gold_gain":0,"player_choice":"Embrace Madness","damage_taken":10,"max_hp_gain":0,"max_hp_loss":0,"event_name":"Winding Halls","floor":36,"gold_loss":0,"cards_obtained":["Madness","Madness"]},{"damage_healed":0,"gold_gain":0,"player_choice":"Paid","damage_taken":0,"relics_obtained":["Red Mask"],"max_hp_gain":0,"max_hp_loss":0,"event_name":"Tomb of Lord Red Mask","floor":39,"gold_loss":58}],"is_beta":false,"boss_relics":[{"not_picked":["Coffee Dripper","Busted Crown"],"picked":"Ring of the Serpent"},{"not_picked":["Runic Dome","HoveringKite"],"picked":"Sozu"}],"items_purged_floors":[3,20],"is_endless":false,"potions_floor_spawned":[2,4,5,14,18,21,29,31,35,44],"killed_by":"Spire Growth","ascension_level":0}