{"gold_per_floor":[114,44,44,144,155,189,27,27,27,38,52,52,52,69,69,172,172,184,48,60,60,71,71,86,86,113,145,145],"floor_reached":28,"playtime":1517,"items_purged":["Defend_B"],"score":263,"play_id":"3e161674-6f28-445c-9aa3-eae4ed62203c","local_time":"20190107174837","is_ascension_mode":false,"campfire_choices":[{"data":"Loop","floor":8,"key":"SMITH"},{"data":"Conserve Battery","floor":12,"key":"SMITH"},{"floor":15,"key":"REST"},{"data":"Electrodynamics","floor":23,"key":"SMITH"},{"floor":25,"key":"REST"}],"neow_cost":"NONE","seed_source_timestamp":1261701918815,"circlet_count":0,"master_deck":["Strike_B","Strike_B","Strike_B","Defend_B","Defend_B+1","Zap","Dualcast","Tempest","Loop+1","Leap+1","Rip and Tear","Redo","Melter","Tempest","Conserve Battery+1","Redo","Electrodynamics+1","Thunder Strike","Ball Lightning+1","Double Energy"],"relics":["Cracked Core","NeowsBlessing","Centennial Puzzle","Pantograph","Empty Cage","War Paint","Ginger"],"potions_floor_usage":[27,27,28],"damage_taken":[{"damage":0,"enemies":"Jaw Worm","floor":1,"turns":1},{"damage":0,"enemies":"Small Slimes","floor":5,"turns":1},{"damage":0,"enemies":"Lagavulin","floor":6,"turns":1},{"damage":0,"enemies":"Cultist","floor":10,"turns":2},{"damage":4,"enemies":"Red Slaver","floor":11,"turns":3},{"damage":19,"enemies":"Exordium Thugs","floor":14,"turns":4},{"damage":67,"enemies":"Hexaghost","floor":16,"turns":9},{"damage":0,"enemies":"Spheric Guardian","floor":18,"turns":3},{"damage":21,"enemies":"Shell Parasite","floor":20,"turns":5},{"damage":19,"enemies":"Sentry and Sphere","floor":22,"turns":3},{"damage":3,"enemies":"Centurion and Healer","floor":24,"turns":4},{"damage":47,"enemies":"Book of Stabbing","floor":27,"turns":5},{"damage":11,"enemies":"Snake Plant","floor":28,"turns":2}],"seed_played":"4074003587628206037","potions_obtained":[{"floor":5,"key":"Strength Potion"},{"floor":6,"key":"AttackPotion"},{"floor":10,"key":"Fire Potion"}],"is_trial":false,"path_per_floor":["M","$","?","?","M","E","$","R","T","M","M","R","$","M","R","B",null,"M","$","M","?","M","R","M","R","T","E","M"],"character_chosen":"DEFECT","items_purchased":["Loop","Redo","Melter","Thunder Strike"],"campfire_rested":2,"item_purchase_floors":[2,7,7,19],"current_hp_per_floor":[75,75,75,75,75,75,75,75,75,75,71,71,71,52,74,8,75,75,75,54,54,35,35,32,54,54,7,0],"gold":145,"neow_bonus":"THREE_ENEMY_KILL","is_prod":false,"is_daily":false,"chose_seed":false,"campfire_upgraded":3,"win_rate":0.0,"timestamp":1546843717,"path_taken":["M","$","?","?","?","E","?","R","T","M","M","R","?","?","R","BOSS","M","$","M","?","M","R","M","R","T","E","M"],"build_version":"2019-01-03v4","purchased_purges":1,"victory":false,"max_hp_per_floor":[75,75,75,75,75,75,75,75,75,75,75,75,75,75,75,75,75,75,75,75,75,75,75,75,75,75,75,75],"card_choices":[{"not_picked":["Streamline","Go for the Eyes"],"picked":"Tempest","floor":1},{"not_picked":["Force Field","Darkness"],"picked":"Leap","floor":5},{"not_picked":["Seek","Force Field"],"picked":"Rip and Tear","floor":6},{"not_picked":["Beam Cell","Loop"],"picked":"Tempest","floor":10},{"not_picked":["Doom and Gloom","Tempest"],"picked":"Conserve Battery","floor":11},{"not_picked":["Barrage","Amplify"],"picked":"Redo","floor":14},{"not_picked":["Machine Learning","Multi-Cast"],"picked":"Electrodynamics","floor":16},{"not_picked":["Lockon+1","Compile Driver","Cold Snap+1"],"picked":"SKIP","floor":18},{"not_picked":["Stack","Compile Driver","Gash+1"],"picked":"SKIP","floor":20},{"not_picked":["Gash","Lockon"],"picked":"Ball Lightning+1","floor":22},{"not_picked":["BootSequence","Chaos","Force Field+1"],"picked":"SKIP","floor":24},{"not_picked":["Electrodynamics","Storm+1"],"picked":"Double Energy","floor":27}],"player_experience":36512,"relics_obtained":[{"floor":6,"key":"Centennial Puzzle"},{"floor":9,"key":"Pantograph"},{"floor":26,"key":"War Paint"},{"floor":27,"key":"Ginger"}],"event_choices":[{"damage_healed":0,"gold_gain":0,"player_choice":"Ignored","damage_taken":0,"max_hp_gain":0,"max_hp_loss":0,"event_name":"Golden Idol","floor":3,"gold_loss":0},{"damage_healed":0,"gold_gain":100,"player_choice":"Gold","damage_taken":0,"max_hp_gain":0,"max_hp_loss":0,"event_name":"Wheel of Change","floor":4,"gold_loss":0},{"damage_healed":0,"gold_gain":0,"player_choice":"Ignored","damage_taken":0,"max_hp_gain":0,"max_hp_loss":0,"event_name":"Cursed Tome","floor":21,"gold_loss":0}],"is_beta":false,"boss_relics":[{"not_picked":["Sozu","Philosopher\u0027s Stone"],"picked":"Empty Cage"}],"items_purged_floors":[7],"is_endless":false,"potions_floor_spawned":[5,6,10,18],"killed_by":"Snake Plant","ascension_level":0}