{"gold_per_floor":[17,17,17,34,34,34,68,68,68,79,99,99,249,269,269,345,345,360,12,12,30,30,30],"floor_reached":23,"playtime":1906,"items_purged":["Doubt"],"score":378,"play_id":"2aeb87c6-552f-45d4-a990-08375c94ac86","local_time":"20190406032728","is_ascension_mode":true,"campfire_choices":[{"data":"Deadly Poison","floor":6,"key":"SMITH"},{"data":"Dagger Spray","floor":8,"key":"SMITH"},{"data":"Catalyst","floor":12,"key":"SMITH"},{"data":"PiercingWail","floor":15,"key":"SMITH"}],"neow_cost":"NO_GOLD","seed_source_timestamp":797026293237782,"circlet_count":0,"master_deck":["AscendersBane","Defend_G","Defend_G","Defend_G","Defend_G","Defend_G","Strike_G","Strike_G","Strike_G","Survivor","Neutralize+1","Calculated Gamble","Wraith Form v2","Deadly Poison+1","Dagger Spray+1","PiercingWail+1","Bane","Catalyst+1","Bullet Time","Blur","Catalyst+1","Cloak And Dagger"],"relics":["Ring of the Snake","Mercury Hourglass","Meat on the Bone","Ninja Scroll","WristBlade","Ornamental Fan"],"potions_floor_usage":[16,16],"damage_taken":[{"damage":1,"enemies":"2 Louse","floor":1,"turns":4},{"damage":0,"enemies":"Jaw Worm","floor":4,"turns":4},{"damage":21,"enemies":"3 Sentries","floor":7,"turns":7},{"damage":0,"enemies":"Small Slimes","floor":10,"turns":2},{"damage":2,"enemies":"2 Fungi Beasts","floor":11,"turns":2},{"damage":0,"enemies":"3 Louse","floor":14,"turns":1},{"damage":40,"enemies":"Slime Boss","floor":16,"turns":12},{"damage":7,"enemies":"Chosen","floor":18,"turns":4},{"damage":2,"enemies":"3 Byrds","floor":21,"turns":4},{"damage":50,"enemies":"Book of Stabbing","floor":23,"turns":5}],"seed_played":"-7477714795589674710","potions_obtained":[{"floor":4,"key":"Dexterity Potion"},{"floor":11,"key":"GamblersBrew"}],"is_trial":false,"path_per_floor":["M","?","?","M","?","R","E","R","T","M","M","R","?","M","R","B",null,"M","$","?","M","$","E"],"character_chosen":"THE_SILENT","items_purchased":["Ornamental Fan"],"campfire_rested":0,"item_purchase_floors":[19],"current_hp_per_floor":[58,58,53,53,53,53,32,32,32,44,42,42,42,42,42,14,53,46,46,46,44,44,0],"gold":30,"neow_bonus":"TRANSFORM_TWO_CARDS","is_prod":false,"is_daily":false,"chose_seed":false,"campfire_upgraded":4,"win_rate":0,"timestamp":1554514048,"path_taken":["M","?","?","M","?","R","E","R","T","M","M","R","?","M","R","BOSS","M","$","?","M","?","E"],"build_version":"2019-01-23","purchased_purges":1,"victory":false,"max_hp_per_floor":[66,66,66,66,66,66,66,66,66,66,66,66,66,66,66,66,66,66,66,66,66,66,66],"card_choices":[{"not_picked":["Backflip","Infinite Blades"],"picked":"Deadly Poison","floor":1},{"not_picked":["Underhanded Strike","Dodge and Roll"],"picked":"Dagger Spray","floor":4},{"not_picked":["Venomology","Underhanded Strike"],"picked":"PiercingWail","floor":7},{"not_picked":["Masterful Stab","Poisoned Stab"],"picked":"Bane","floor":10},{"not_picked":["Dagger Throw","Dagger Spray"],"picked":"Catalyst","floor":11},{"not_picked":["Reflex","Underhanded Strike","Prepared"],"picked":"SKIP","floor":14},{"not_picked":["Wraith Form v2","Storm of Steel"],"picked":"Bullet Time","floor":16},{"not_picked":["Dagger Throw","Calculated Gamble"],"picked":"Blur","floor":18},{"not_picked":["Bane","Skewer"],"picked":"Cloak And Dagger","floor":21}],"player_experience":3024793,"relics_obtained":[{"floor":7,"key":"Meat on the Bone"},{"floor":9,"key":"Ninja Scroll"}],"event_choices":[{"damage_healed":0,"gold_gain":0,"player_choice":"Grow","damage_taken":0,"max_hp_gain":0,"max_hp_loss":0,"event_name":"Living Wall","floor":2,"gold_loss":0,"cards_upgraded":["Neutralize"]},{"damage_healed":0,"gold_gain":0,"player_choice":"Success","damage_taken":5,"relics_obtained":["Mercury Hourglass"],"max_hp_gain":0,"max_hp_loss":0,"event_name":"Scrap Ooze","floor":3,"gold_loss":0},{"damage_healed":0,"gold_gain":0,"player_choice":"Leave","damage_taken":0,"max_hp_gain":0,"max_hp_loss":0,"event_name":"The Cleric","floor":5,"gold_loss":0},{"damage_healed":0,"gold_gain":150,"player_choice":"AGREE","damage_taken":0,"max_hp_gain":0,"max_hp_loss":0,"event_name":"Liars Game","floor":13,"gold_loss":0,"cards_obtained":["Doubt"]},{"damage_healed":0,"gold_gain":0,"player_choice":"Copied","damage_taken":0,"max_hp_gain":0,"max_hp_loss":0,"event_name":"Duplicator","floor":20,"gold_loss":0,"cards_obtained":["Catalyst"]}],"is_beta":false,"boss_relics":[{"not_picked":["Busted Crown","Lizard Tail"],"picked":"WristBlade"}],"items_purged_floors":[19],"is_endless":false,"potions_floor_spawned":[4,11],"killed_by":"Book of Stabbing","ascension_level":20}