{"gold_per_floor":[111,125,144,163,177,177,193,193,193,218,22,34,52,62,62,62],"floor_reached":16,"playtime":1085,"items_purged":[],"score":194,"play_id":"e38777dd-f36d-4ade-8e0d-fa6afe9e5900","local_time":"20190504184926","is_ascension_mode":true,"campfire_choices":[{"data":"Neutralize","floor":6,"key":"SMITH"},{"data":"Flying Knee","floor":8,"key":"SMITH"},{"floor":15,"key":"REST"}],"neow_cost":"NONE","seed_source_timestamp":166726814395194,"circlet_count":0,"master_deck":["AscendersBane","Defend_G","Defend_G","Defend_G","Defend_G","Strike_G","Strike_G","Strike_G","Survivor","Neutralize+1","Night Terror+1","Acrobatics+1","Calculated Gamble+1","Deflect","Dagger Spray","Flying Knee+1","Blur","Envenom","Underhanded Strike","Cloak And Dagger","Wraith Form v2+1","A Thousand Cuts+1","Leg Sweep","Flying Knee"],"relics":["Astrolabe","Frozen Egg 2","The Courier","Bronze Scales"],"potions_floor_usage":[4,10,10,14],"damage_taken":[{"damage":0,"enemies":"Cultist","floor":1,"turns":6},{"damage":0,"enemies":"Small Slimes","floor":2,"turns":4},{"damage":3,"enemies":"Jaw Worm","floor":3,"turns":7},{"damage":5,"enemies":"Gremlin Gang","floor":4,"turns":3},{"damage":7,"enemies":"3 Louse","floor":5,"turns":2},{"damage":4,"enemies":"Blue Slaver","floor":7,"turns":5},{"damage":24,"enemies":"Gremlin Nob","floor":10,"turns":4},{"damage":1,"enemies":"Red Slaver","floor":12,"turns":4},{"damage":10,"enemies":"Lots of Slimes","floor":13,"turns":3},{"damage":0,"enemies":"Exordium Thugs","floor":14,"turns":6},{"damage":26,"enemies":"Hexaghost","floor":16,"turns":9}],"seed_played":"2363942166858860895","potions_obtained":[{"floor":1,"key":"SkillPotion"},{"floor":3,"key":"Explosive Potion"},{"floor":5,"key":"Poison Potion"},{"floor":12,"key":"Swift Potion"}],"is_trial":false,"path_per_floor":["M","M","M","M","M","R","M","R","T","E","$","M","M","M","R","B"],"character_chosen":"THE_SILENT","items_purchased":["Wraith Form v2+1","Bronze Scales"],"campfire_rested":1,"item_purchase_floors":[11,11],"current_hp_per_floor":[59,59,56,51,44,44,40,40,40,16,16,15,5,5,24,0],"gold":62,"neow_bonus":"BOSS_RELIC","is_prod":false,"is_daily":false,"chose_seed":false,"campfire_upgraded":2,"win_rate":0,"timestamp":1557020966,"path_taken":["M","?","M","?","?","R","M","R","T","E","$","M","M","?","R","BOSS"],"build_version":"2019-01-23","purchased_purges":0,"victory":false,"max_hp_per_floor":[66,66,66,66,66,66,66,66,66,66,66,66,66,66,66,66],"card_choices":[{"not_picked":["Expertise","Poisoned Stab"],"picked":"Deflect","floor":1},{"not_picked":["Setup","PiercingWail"],"picked":"Dagger Spray","floor":2},{"not_picked":["Well Laid Plans","Backflip"],"picked":"Flying Knee","floor":3},{"not_picked":["Acrobatics","Deadly Poison"],"picked":"Blur","floor":4},{"not_picked":["Concentrate","Sucker Punch"],"picked":"Envenom","floor":5},{"not_picked":["PiercingWail","Bane"],"picked":"Underhanded Strike","floor":7},{"not_picked":["Choke","Blade Dance"],"picked":"Cloak And Dagger","floor":10},{"not_picked":["Bane","Quick Slash"],"picked":"A Thousand Cuts+1","floor":12},{"not_picked":["Outmaneuver","Backflip"],"picked":"Leg Sweep","floor":13},{"not_picked":["Sucker Punch","PiercingWail"],"picked":"Flying Knee","floor":14}],"player_experience":646409,"relics_obtained":[{"floor":9,"key":"Frozen Egg 2"},{"floor":10,"key":"The Courier"}],"event_choices":[],"is_beta":false,"boss_relics":[],"items_purged_floors":[],"is_endless":false,"potions_floor_spawned":[1,3,5,12],"killed_by":"Hexaghost","ascension_level":16}