{"path_per_floor":["M","M","M","?","M","R","M","M","T","$","?","M","?","M","R","B",null,"M","M","?","M"],"character_chosen":"IRONCLAD","items_purchased":["Seeing Red"],"gold_per_floor":[113,124,140,90,102,102,115,133,133,55,14,32,32,42,42,140,140,154,172,172,186,186],"floor_reached":22,"campfire_rested":0,"playtime":2626,"current_hp_per_floor":[78,76,76,76,71,71,68,59,59,59,59,57,80,80,80,12,80,77,78,63,30,0],"items_purged":[],"gold":186,"score":182,"play_id":"468de906-ea26-4259-9f26-13451919bd05","local_time":"20180414233843","is_prod":false,"is_daily":false,"chose_seed":false,"is_ascension_mode":false,"campfire_upgraded":2,"timestamp":1523763523,"path_taken":["M","M","M","?","M","R","M","M","T","$","?","?","?","M","R","BOSS","M","M","?","M","?"],"build_version":"2018-04-12","seed_source_timestamp":0,"purchased_purges":0,"victory":false,"master_deck":["Strike_R","Defend_R","Defend_R","Defend_R","Defend_R","Bash+1","Inflame","Shrug It Off","Twin Strike","Headbutt","Thunderclap","Perfected Strike","Seeing Red+1","Demon Form","Limit Break","Infernal Blade+1","Rampage+1","Spot Weakness+1","Heavy Blade","Warcry"],"max_hp_per_floor":[80,80,80,80,80,80,80,80,80,80,80,80,80,80,80,80,80,80,80,85,88,88],"relics":["Burning Blood","Centennial Puzzle","Astrolabe"],"card_choices":[{"not_picked":["Shrug It Off","True Grit"],"picked":"Inflame","floor":0.0},{"not_picked":["Twin Strike","Body Slam"],"picked":"Shrug It Off","floor":1.0},{"not_picked":["Sword Boomerang","Warcry"],"picked":"Twin Strike","floor":2.0},{"not_picked":["Havoc","Warcry"],"picked":"Headbutt","floor":5.0},{"not_picked":["Searing Blow","Feed"],"picked":"Thunderclap","floor":7.0},{"not_picked":["True Grit","Reckless Charge"],"picked":"Perfected Strike","floor":8.0},{"not_picked":["Havoc","Rampage"],"picked":"Demon Form","floor":14.0},{"not_picked":["Bludgeon","Exhume"],"picked":"Limit Break","floor":16.0},{"not_picked":["Reckless Charge","Shrug It Off"],"picked":"Heavy Blade","floor":18},{"not_picked":["Havoc","Sword Boomerang"],"picked":"Warcry","floor":21}],"player_experience":86985,"potions_floor_usage":[18,22],"damage_taken":[{"damage":8.0,"enemies":"Small Slimes","floor":1.0,"turns":4.0},{"damage":8.0,"enemies":"Jaw Worm","floor":2.0,"turns":3.0},{"damage":6.0,"enemies":"2 Louse","floor":3.0,"turns":3.0},{"damage":11.0,"enemies":"2 Fungi Beasts","floor":5.0,"turns":4.0},{"damage":9.0,"enemies":"3 Louse","floor":7.0,"turns":5.0},{"damage":15.0,"enemies":"Lots of Slimes","floor":8.0,"turns":4.0},{"damage":8.0,"enemies":"2 Fungi Beasts","floor":12.0,"turns":5.0},{"damage":4.0,"enemies":"Exordium Wildlife","floor":14.0,"turns":3.0},{"damage":74.0,"enemies":"The Guardian","floor":16.0,"turns":16.0},{"damage":9,"enemies":"3 Byrds","floor":18,"turns":5},{"damage":8,"enemies":"Chosen","floor":19,"turns":5},{"damage":42,"enemies":"Slaver and Parasite","floor":21,"turns":3},{"damage":35,"enemies":"Sentry and Sphere","floor":22,"turns":3}],"event_choices":[{"event_name":"The Cleric","player_choice":"Card Removal","floor":4.0,"damage_taken":0.0},{"event_name":"World of Goop","player_choice":"Left","floor":11.0,"damage_taken":0.0},{"event_name":"Big Fish","player_choice":"Banana","floor":13.0,"damage_taken":0.0},{"event_name":"Forgotten Altar","player_choice":"Shed Blood","floor":20,"damage_taken":0}],"boss_relics":[{"not_picked":["Orrery","Calling Bell"],"picked":"Astrolabe"}],"potions_floor_spawned":[3,5,7,12,16,19,21],"seed_played":"-5675449640873033910","killed_by":"Sentry and Sphere","ascension_level":0,"is_trial":false}