{"gold_per_floor":[115,65,240,240,250,281,281,312,312,312,323,323,323,16,16,16],"floor_reached":16,"playtime":254,"items_purged":[],"score":157,"play_id":"fa19e9d4-288b-43a0-9863-004fedfaa517","local_time":"20190423164809","is_ascension_mode":true,"campfire_choices":[{"data":"Zap","floor":7,"key":"SMITH"},{"data":"Hologram","floor":13,"key":"SMITH"},{"floor":15,"key":"REST"}],"neow_cost":"NONE","seed_source_timestamp":820636592147719,"circlet_count":0,"master_deck":["Strike_B","Strike_B","Strike_B+1","Defend_B","Defend_B+1","Defend_B","Defend_B","Zap+1","Dualcast","Doubt","Ball Lightning","Hologram+1","White Noise","Ball Lightning","All For One","Leap"],"relics":["Cracked Core","NeowsBlessing","Bottled Lightning","Prayer Wheel","Kunai","Nunchaku","Mummified Hand"],"potions_floor_usage":[16],"damage_taken":[{"damage":0,"enemies":"Small Slimes","floor":1,"turns":1},{"damage":0,"enemies":"Jaw Worm","floor":5,"turns":1},{"damage":0,"enemies":"Lagavulin","floor":6,"turns":1},{"damage":24,"enemies":"Gremlin Nob","floor":8,"turns":4},{"damage":0,"enemies":"2 Louse","floor":11,"turns":1},{"damage":66,"enemies":"Slime Boss","floor":16,"turns":6}],"seed_played":"4852747087409539902","potions_obtained":[{"floor":5,"key":"Ancient Potion"},{"floor":6,"key":"Ancient Potion"},{"floor":11,"key":"Explosive Potion"}],"is_trial":false,"path_per_floor":["?","?","?","M","?","T"],"character_chosen":"DEFECT","items_purchased":["Mummified Hand","Leap"],"campfire_rested":1,"item_purchase_floors":[14,14],"current_hp_per_floor":[75,75,75,80,80,80,80,56,56,40,40,40,40,40,64,0],"gold":16,"neow_bonus":"THREE_ENEMY_KILL","is_prod":false,"is_daily":false,"chose_seed":false,"campfire_upgraded":2,"win_rate":0,"timestamp":1556030889,"path_taken":["M","?","?","?","?","E","R","E","T","?","M","?","R","$","R","BOSS"],"build_version":"2019-01-23","purchased_purges":0,"victory":false,"max_hp_per_floor":[75,75,75,80,80,80,80,80,80,80,80,80,80,80,80,80],"card_choices":[{"not_picked":["Stack","Streamline","Lockon"],"picked":"SKIP","floor":1},{"not_picked":["Stack","Sweeping Beam"],"picked":"Ball Lightning","floor":5},{"not_picked":["Sunder","Stack"],"picked":"Hologram","floor":6},{"not_picked":["Blizzard","FTL"],"picked":"White Noise","floor":8},{"not_picked":["Go for the Eyes","Scrape"],"picked":"Ball Lightning","floor":11},{"not_picked":["Ball Lightning","Cold Snap"],"picked":"All For One","floor":11}],"player_experience":138436,"relics_obtained":[{"floor":6,"key":"Bottled Lightning"},{"floor":8,"key":"Prayer Wheel"},{"floor":9,"key":"Kunai"},{"floor":12,"key":"Nunchaku"}],"event_choices":[{"cards_removed":["Strike_B"],"damage_healed":0,"gold_gain":0,"player_choice":"Card Removal","damage_taken":0,"max_hp_gain":0,"max_hp_loss":0,"event_name":"The Cleric","floor":2,"gold_loss":50},{"damage_healed":0,"gold_gain":175,"player_choice":"AGREE","damage_taken":0,"max_hp_gain":0,"max_hp_loss":0,"event_name":"Liars Game","floor":3,"gold_loss":0,"cards_obtained":["Doubt"]},{"damage_healed":0,"gold_gain":0,"player_choice":"Donut","damage_taken":0,"max_hp_gain":5,"max_hp_loss":0,"event_name":"Big Fish","floor":4,"gold_loss":0},{"damage_healed":0,"gold_gain":0,"player_choice":"Entered Light","damage_taken":16,"max_hp_gain":0,"max_hp_loss":0,"event_name":"Shining Light","floor":10,"gold_loss":0,"cards_upgraded":["Defend_B","Strike_B"]}],"is_beta":false,"boss_relics":[],"items_purged_floors":[],"is_endless":false,"potions_floor_spawned":[5,6,11],"killed_by":"Slime Boss","ascension_level":4}