{"gold_per_floor":[110,110,185,335,335,335,368,385,464,477,494,523,523,543,543,618,618,638,657,674,279,294,322,322,322,373,373,393,407,417,434,434,434],"floor_reached":33,"playtime":1882,"items_purged":["Writhe"],"score":651,"play_id":"bdd42b0f-d7e7-4d50-a6f1-b1df737818cf","local_time":"20190502212537","is_ascension_mode":true,"campfire_choices":[{"data":"Bash","floor":6.0,"key":"SMITH"},{"data":"Spot Weakness","floor":13.0,"key":"SMITH"},{"floor":15.0,"key":"REST"},{"floor":24.0,"key":"REST"},{"data":"Armaments","floor":27.0,"key":"SMITH"},{"floor":32,"key":"REST"}],"neow_cost":"NONE","seed_source_timestamp":117935687199421,"circlet_count":0,"master_deck":["AscendersBane","Strike_R","Strike_R","Strike_R","Strike_R","Defend_R","Defend_R","Defend_R+1","Defend_R","Bash+1","Ghostly Armor","Doubt","Regret","Disarm","Anger","Spot Weakness+1","Infernal Blade","Reaper","Regret","Writhe","Iron Wave","Pummel","Warcry","Armaments+1","Second Wind","Reckless Charge+1","Disarm+1","Flame Barrier","Sword Boomerang","Anger","Heavy Blade"],"special_seed":0,"relics":["Burning Blood","NeowsBlessing","Incense Burner","Vajra","Meat on the Bone","Art of War","Calling Bell","Potion Belt","Shuriken","Ginger","Red Skull","Pen Nib","War Paint"],"potions_floor_usage":[],"damage_taken":[{"damage":0.0,"enemies":"2 Louse","floor":1.0,"turns":1.0},{"damage":0.0,"enemies":"3 Sentries","floor":7.0,"turns":2.0},{"damage":0.0,"enemies":"Small Slimes","floor":8.0,"turns":1.0},{"damage":5.0,"enemies":"Jaw Worm","floor":10.0,"turns":4.0},{"damage":10.0,"enemies":"3 Louse","floor":11.0,"turns":4.0},{"damage":25.0,"enemies":"Lagavulin","floor":12.0,"turns":8.0},{"damage":13.0,"enemies":"Red Slaver","floor":14.0,"turns":4.0},{"damage":63.0,"enemies":"Slime Boss","floor":16.0,"turns":15.0},{"damage":54.0,"enemies":"3 Byrds","floor":18.0,"turns":9.0},{"damage":16.0,"enemies":"Chosen","floor":19.0,"turns":4.0},{"damage":43.0,"enemies":"Snecko","floor":20.0,"turns":8.0},{"damage":32.0,"enemies":"Snake Plant","floor":22.0,"turns":5.0},{"damage":44.0,"enemies":"Book of Stabbing","floor":23.0,"turns":5.0},{"damage":42,"enemies":"Centurion and Healer","floor":28,"turns":7},{"damage":7,"enemies":"Snecko","floor":29,"turns":5},{"damage":33,"enemies":"Cultist and Chosen","floor":30,"turns":7},{"damage":31,"enemies":"3 Cultists","floor":31,"turns":7},{"damage":96,"enemies":"Automaton","floor":33,"turns":6}],"seed_played":"-7657486879359029709","potions_obtained":[{"floor":1.0,"key":"Explosive Potion"},{"floor":8.0,"key":"GamblersBrew"},{"floor":10.0,"key":"Weak Potion"},{"floor":12.0,"key":"Block Potion"},{"floor":16.0,"key":"BloodPotion"},{"floor":18.0,"key":"Fire Potion"},{"floor":19.0,"key":"Regen Potion"},{"floor":29,"key":"Poison Potion"},{"floor":30,"key":"Energy Potion"}],"is_trial":false,"path_per_floor":["M","?","?","?","?","R","E","M","T","M","M","E","R","M","R","B",null,"M","M","M","$","M","E","R","?","T","R","M","M","M","M","R","B"],"character_chosen":"IRONCLAD","items_purchased":["Red Skull","Armaments","Second Wind"],"campfire_rested":3,"item_purchase_floors":[21,21,21],"current_hp_per_floor":[74,74,63,63,63,63,69,75,75,75,71,52,52,45,67,22,62,54,44,39,39,40,19,41,41,41,41,35,50,35,55,75,0],"gold":434,"neow_bonus":"THREE_ENEMY_KILL","is_prod":false,"is_daily":false,"chose_seed":false,"campfire_upgraded":3,"win_rate":0,"timestamp":1556857537,"path_taken":["M","?","?","?","?","R","E","?","T","M","M","E","R","M","R","BOSS","M","M","M","$","M","E","R","?","T","R","M","?","M","M","R","BOSS"],"build_version":"2019-01-23","purchased_purges":1,"victory":false,"max_hp_per_floor":[75,75,75,75,75,75,75,75,75,75,75,75,75,75,75,75,75,75,75,75,75,75,75,75,75,75,75,75,75,75,75,75,75],"card_choices":[{"not_picked":["Carnage","Wild Strike"],"picked":"Ghostly Armor","floor":1.0},{"not_picked":["Sword Boomerang","Dual Wield"],"picked":"Disarm","floor":7.0},{"not_picked":["Fire Breathing","Sword Boomerang"],"picked":"Anger","floor":8.0},{"not_picked":["Whirlwind","Cleave"],"picked":"Spot Weakness","floor":10.0},{"not_picked":["Disarm","Havoc","Twin Strike"],"picked":"SKIP","floor":11.0},{"not_picked":["Second Wind","Searing Blow","Shockwave"],"picked":"SKIP","floor":12.0},{"not_picked":["Rampage","Carnage"],"picked":"Infernal Blade","floor":14.0},{"not_picked":["Impervious","Berserk"],"picked":"Reaper","floor":16.0},{"not_picked":["Sever Soul","Intimidate"],"picked":"Iron Wave","floor":18.0},{"not_picked":["Carnage","Warcry"],"picked":"Pummel","floor":19.0},{"not_picked":["Twin Strike","Clash"],"picked":"Warcry","floor":20.0},{"not_picked":["Cleave","Flex"],"picked":"Reckless Charge+1","floor":22.0},{"not_picked":["Clothesline","Entrench","Sentinel"],"picked":"SKIP","floor":23.0},{"not_picked":["Perfected Strike+1","Spot Weakness"],"picked":"Flame Barrier","floor":28},{"not_picked":["Disarm","Clash+1"],"picked":"Sword Boomerang","floor":29},{"not_picked":["Wild Strike","Infernal Blade"],"picked":"Anger","floor":30},{"not_picked":["Cleave","Clothesline"],"picked":"Heavy Blade","floor":31}],"player_experience":627022,"relics_obtained":[{"floor":7.0,"key":"Vajra"},{"floor":9.0,"key":"Meat on the Bone"},{"floor":12.0,"key":"Art of War"},{"floor":17.0,"key":"Potion Belt"},{"floor":17.0,"key":"Shuriken"},{"floor":17.0,"key":"Ginger"},{"floor":23.0,"key":"Pen Nib"},{"floor":26.0,"key":"War Paint"}],"event_choices":[{"damage_healed":0.0,"max_hp_gain":0.0,"max_hp_loss":0.0,"gold_gain":0.0,"event_name":"Shining Light","player_choice":"Ignored","floor":2.0,"gold_loss":0.0,"damage_taken":0.0},{"damage_healed":0.0,"max_hp_gain":0.0,"max_hp_loss":0.0,"gold_gain":75.0,"event_name":"World of Goop","player_choice":"Gather Gold","floor":3.0,"gold_loss":0.0,"damage_taken":11.0},{"damage_healed":0.0,"max_hp_gain":0.0,"max_hp_loss":0.0,"gold_gain":150.0,"event_name":"Liars Game","player_choice":"AGREE","floor":4.0,"gold_loss":0.0,"damage_taken":0.0,"cards_obtained":["Doubt"]},{"damage_healed":0.0,"max_hp_gain":0.0,"max_hp_loss":0.0,"gold_gain":0.0,"event_name":"Big Fish","player_choice":"Box","floor":5.0,"gold_loss":0.0,"damage_taken":0.0,"relics_obtained":["Incense Burner"],"cards_obtained":["Regret"]},{"damage_healed":0.0,"max_hp_gain":0.0,"max_hp_loss":0.0,"gold_gain":0.0,"cards_transformed":["Strike_R"],"event_name":"Transmorgrifier","player_choice":"Transformed","floor":25.0,"gold_loss":0.0,"damage_taken":0.0,"cards_obtained":["Disarm"]}],"is_beta":false,"boss_relics":[{"not_picked":["Astrolabe","Runic Cube"],"picked":"Calling Bell"}],"items_purged_floors":[21],"is_endless":false,"potions_floor_spawned":[1,8,10,12,14,16,18,19,29,30],"killed_by":"Automaton","ascension_level":16}