{"gold_per_floor":[114,114,133,149,99,125,135,135,135,135,146,146,173,173,173,274,274,292,292,303,60,73,73,134,147,147,147,147,72,72,171,171,171],"floor_reached":33,"playtime":1007,"items_purged":["Strike_G"],"score":328,"play_id":"cea68e3d-1564-4cb7-8688-3a18f85e2be0","local_time":"20190424102946","is_ascension_mode":true,"campfire_choices":[{"data":"A Thousand Cuts","floor":8.0,"key":"SMITH"},{"floor":10.0,"key":"REST"},{"data":"Noxious Fumes","floor":12.0,"key":"SMITH"},{"data":"Quick Slash","floor":15.0,"key":"SMITH"},{"floor":23.0,"key":"REST"},{"floor":27.0,"key":"REST"},{"data":"Cloak And Dagger","floor":30.0,"key":"SMITH"},{"data":"Cloak And Dagger","floor":32.0,"key":"SMITH"}],"neow_cost":"NONE","seed_source_timestamp":883376368512787,"circlet_count":0,"master_deck":["Defend_G","Defend_G","Defend_G","Defend_G","Defend_G","Strike_G","Strike_G","Strike_G","Survivor","Neutralize","Noxious Fumes+1","Backstab","Dagger Throw","Crippling Poison","A Thousand Cuts+1","Heel Hook","Quick Slash+1","A Thousand Cuts","Finisher","Noxious Fumes+1","Cloak And Dagger+1","Cloak And Dagger+1","Backstab","Blade Dance","Blade Dance","Blade Dance"],"special_seed":0,"relics":["Ring of the Snake","NeowsBlessing","Mercury Hourglass","Matryoshka","Bottled Flame","WristBlade","Blood Vial","Tiny Chest","Omamori","Gremlin Horn","Oddly Smooth Stone","Shuriken"],"potions_floor_usage":[33],"damage_taken":[{"damage":0.0,"enemies":"Jaw Worm","floor":1.0,"turns":1.0},{"damage":0.0,"enemies":"Cultist","floor":3.0,"turns":1.0},{"damage":0.0,"enemies":"2 Louse","floor":4.0,"turns":1.0},{"damage":25.0,"enemies":"Gremlin Nob","floor":6.0,"turns":5.0},{"damage":3.0,"enemies":"Large Slime","floor":7.0,"turns":4.0},{"damage":5.0,"enemies":"Blue Slaver","floor":11.0,"turns":2.0},{"damage":8.0,"enemies":"Lagavulin","floor":13.0,"turns":6.0},{"damage":27.0,"enemies":"The Guardian","floor":16.0,"turns":9.0},{"damage":35.0,"enemies":"Shell Parasite","floor":18.0,"turns":6.0},{"damage":13.0,"enemies":"3 Byrds","floor":20.0,"turns":4.0},{"damage":10.0,"enemies":"Snecko","floor":22.0,"turns":4.0},{"damage":17.0,"enemies":"Book of Stabbing","floor":24.0,"turns":5.0},{"damage":2.0,"enemies":"Sentry and Sphere","floor":25.0,"turns":3.0},{"damage":47,"enemies":"Champ","floor":33,"turns":8}],"seed_played":"7063043755137157637","potions_obtained":[{"floor":1.0,"key":"EssenceOfSteel"},{"floor":4.0,"key":"GamblersBrew"},{"floor":13.0,"key":"LiquidBronze"},{"floor":16.0,"key":"Dexterity Potion"},{"floor":18.0,"key":"SpeedPotion"},{"floor":24.0,"key":"Explosive Potion"},{"floor":25.0,"key":"Ancient Potion"}],"is_trial":false,"path_per_floor":["?","M","?","?","?","M","T","?"],"character_chosen":"THE_SILENT","items_purchased":["Cloak And Dagger","Backstab","Blood Vial"],"campfire_rested":3,"item_purchase_floors":[21,21,21],"current_hp_per_floor":[70,70,70,70,70,45,42,42,42,63,58,58,50,50,50,23,70,35,35,22,22,14,35,20,20,20,41,41,41,41,41,41,0],"gold":171,"neow_bonus":"THREE_ENEMY_KILL","is_prod":false,"is_daily":false,"chose_seed":false,"campfire_upgraded":5,"win_rate":0,"timestamp":1556094586,"path_taken":["M","?","M","?","?","E","M","R","T","R","M","R","E","?","R","BOSS","M","?","?","$","M","R","E","M","T","R","?","$","R","?","R","BOSS"],"build_version":"2019-01-23","purchased_purges":1,"victory":false,"max_hp_per_floor":[70,70,70,70,70,70,70,70,70,70,70,70,70,70,70,70,70,70,70,70,70,70,70,70,70,70,70,70,70,70,70,70,70],"card_choices":[{"not_picked":["Reflex","Dagger Throw"],"picked":"Noxious Fumes","floor":1.0},{"not_picked":["Prepared","Blade Dance"],"picked":"Dagger Throw","floor":3.0},{"not_picked":["Deflect","Underhanded Strike"],"picked":"Crippling Poison","floor":4.0},{"not_picked":["Bane","Accuracy"],"picked":"A Thousand Cuts","floor":6.0},{"not_picked":["Backflip","Bane"],"picked":"Heel Hook","floor":7.0},{"not_picked":["Deadly Poison","Accuracy","Phantasmal Killer"],"picked":"SKIP","floor":11.0},{"not_picked":["Bouncing Flask","Catalyst"],"picked":"Quick Slash","floor":13.0},{"not_picked":["Grand Finale","Bullet Time"],"picked":"A Thousand Cuts","floor":16.0},{"not_picked":["Backflip","Dodge and Roll"],"picked":"Finisher","floor":18.0},{"not_picked":["Flechettes","Deadly Poison"],"picked":"Cloak And Dagger","floor":20.0},{"not_picked":["Masterful Stab","Deadly Poison"],"picked":"Blade Dance","floor":22.0},{"not_picked":["Flechettes","Backflip"],"picked":"Blade Dance","floor":24.0},{"not_picked":["Crippling Poison+1","Poisoned Stab"],"picked":"Blade Dance","floor":25.0}],"player_experience":151546,"relics_obtained":[{"floor":6.0,"key":"Mercury Hourglass"},{"floor":9.0,"key":"Matryoshka"},{"floor":13.0,"key":"Bottled Flame"},{"floor":24.0,"key":"Tiny Chest"},{"floor":26.0,"key":"Omamori"},{"floor":26.0,"key":"Gremlin Horn"},{"floor":28.0,"key":"Oddly Smooth Stone"},{"floor":28.0,"key":"Shuriken"}],"event_choices":[{"damage_healed":0.0,"max_hp_gain":0.0,"max_hp_loss":0.0,"gold_gain":0.0,"event_name":"Match and Keep!","player_choice":"1 cards matched","floor":2.0,"gold_loss":0.0,"damage_taken":0.0,"cards_obtained":["Backstab"]},{"cards_removed":["Strike_G"],"damage_healed":0.0,"max_hp_gain":0.0,"max_hp_loss":0.0,"gold_gain":0.0,"event_name":"The Cleric","player_choice":"Card Removal","floor":5.0,"gold_loss":50.0,"damage_taken":0.0},{"damage_healed":0.0,"max_hp_gain":0.0,"max_hp_loss":0.0,"gold_gain":0.0,"event_name":"Liars Game","player_choice":"Ignored","floor":14.0,"gold_loss":0.0,"damage_taken":0.0},{"damage_healed":0.0,"max_hp_gain":0.0,"max_hp_loss":0.0,"gold_gain":0.0,"event_name":"Duplicator","player_choice":"Copied","floor":19.0,"gold_loss":0.0,"damage_taken":0.0,"cards_obtained":["Noxious Fumes"]},{"damage_healed":0.0,"max_hp_gain":0.0,"max_hp_loss":0.0,"gold_gain":99.0,"event_name":"Nest","player_choice":"Stole From Cult","floor":31.0,"gold_loss":0.0,"damage_taken":0.0}],"is_beta":false,"boss_relics":[{"not_picked":["Philosopher\u0027s Stone","Eternal Feather"],"picked":"WristBlade"}],"items_purged_floors":[29],"is_endless":false,"potions_floor_spawned":[1,4,13,16,18,24,25],"killed_by":"Champ","ascension_level":4}