{"path_per_floor":["M","$","M","M","M","R","?","M","T","E","R","M","M","?","R","B",null,"M","?","$","M","?","R","M","R","T","R","M","?","M","$","R"],"character_chosen":"THE_SILENT","items_purchased":["PiercingWail","Block Potion","Block Potion"],"gold_per_floor":[119,44,60,78,90,90,40,57,109,137,137,147,160,160,160,262,262,279,204,51,66,66,66,80,80,80,80,96,96,106,4,4,4],"floor_reached":33,"campfire_rested":3,"playtime":2551,"current_hp_per_floor":[68,68,68,67,56,56,56,54,54,50,50,45,35,58,70,13,70,60,60,60,40,40,40,36,57,57,57,42,26,5,5,41,0],"items_purged":["Strike_G","Defend_G"],"gold":4,"score":249,"play_id":"17a9058e-083d-47a0-b5af-003550699507","local_time":"20180416023816","is_prod":false,"is_daily":false,"chose_seed":false,"is_ascension_mode":false,"campfire_upgraded":4,"timestamp":1523860696,"path_taken":["M","$","M","M","M","R","?","?","T","E","R","?","M","?","R","BOSS","M","?","$","M","?","R","M","R","T","R","M","?","M","?","R","BOSS"],"build_version":"2018-04-12","seed_source_timestamp":375437719567949,"purchased_purges":2,"victory":false,"master_deck":["Defend_G","Defend_G","Strike_G","Strike_G","Strike_G","Strike_G","Survivor+1","Neutralize","Bane","Crippling Poison+1","Acrobatics","Slice","Poisoned Stab","Night Terror","Distraction","Infinite Blades+1","Tools of the Trade+1","Quick Slash","PiercingWail","Flying Knee+1","Dagger Throw","Flying Knee","Necronomicurse","Terror"],"max_hp_per_floor":[70,70,70,70,70,70,70,70,70,70,70,70,70,70,70,70,70,70,70,70,70,70,70,70,70,70,70,70,70,70,70,70,70],"relics":["Ring of the Snake","Vajra","Question Card","Velvet Choker","Regal Pillow","Necronomicon"],"card_choices":[{"not_picked":["Dash","Leg Sweep"],"picked":"Bane","floor":1},{"not_picked":["Deflect","Masterful Stab"],"picked":"Crippling Poison","floor":3},{"not_picked":["Catalyst","Underhanded Strike"],"picked":"Acrobatics","floor":4},{"not_picked":["Bane","Blur"],"picked":"Slice","floor":5},{"not_picked":["Dodge and Roll","Outmaneuver"],"picked":"Poisoned Stab","floor":8},{"not_picked":["Caltrops","Acrobatics"],"picked":"Night Terror","floor":10},{"not_picked":["Escape Plan","Dagger Throw","Deadly Poison"],"picked":"Distraction","floor":12},{"not_picked":["PiercingWail","Deflect","Blur"],"picked":"Infinite Blades","floor":13},{"not_picked":["After Image","Tactician","Bullet Time"],"picked":"Tools of the Trade","floor":16},{"not_picked":["Acrobatics","Outmaneuver","Backstab"],"picked":"Quick Slash","floor":18},{"not_picked":["Dodge and Roll","Quick Slash","Crippling Poison"],"picked":"Flying Knee","floor":21},{"not_picked":["Finisher","Noxious Fumes","Underhanded Strike"],"picked":"Dagger Throw","floor":24},{"not_picked":["Deadly Poison","Outmaneuver","Dodge and Roll"],"picked":"Flying Knee","floor":28},{"not_picked":["PiercingWail","Poisoned Stab","Blur"],"picked":"Terror","floor":30}],"player_experience":91889,"potions_floor_usage":[10,12,16,30,30,33,33,33],"damage_taken":[{"damage":2,"enemies":"Small Slimes","floor":1,"turns":5},{"damage":0,"enemies":"2 Louse","floor":3,"turns":2},{"damage":1,"enemies":"Cultist","floor":4,"turns":4},{"damage":11,"enemies":"Lots of Slimes","floor":5,"turns":7},{"damage":2,"enemies":"Large Slime","floor":8,"turns":6},{"damage":4,"enemies":"Gremlin Nob","floor":10,"turns":3},{"damage":5,"enemies":"Exordium Wildlife","floor":12,"turns":4},{"damage":10,"enemies":"Exordium Thugs","floor":13,"turns":5},{"damage":57,"enemies":"Slime Boss","floor":16,"turns":14},{"damage":10,"enemies":"Chosen","floor":18,"turns":6},{"damage":20,"enemies":"Spheric Guardian","floor":21,"turns":4},{"damage":4,"enemies":"Snake Plant","floor":24,"turns":5},{"damage":15,"enemies":"Centurion and Healer","floor":28,"turns":5},{"damage":21,"enemies":"Sentry and Sphere","floor":30,"turns":4},{"damage":51,"enemies":"Champ","floor":33,"turns":8}],"event_choices":[{"event_name":"The Cleric","player_choice":"Card Removal","floor":7,"damage_taken":0},{"event_name":"Big Fish","player_choice":"Banana","floor":14,"damage_taken":0},{"event_name":"Beggar","player_choice":"Gave Gold","floor":19,"damage_taken":0},{"event_name":"Addict","player_choice":"Ignored","floor":22,"damage_taken":0},{"event_name":"Cursed Tome","player_choice":"Obtained Book","floor":29,"damage_taken":0}],"boss_relics":[{"not_picked":["Eternal Feather","Cursed Key"],"picked":"Velvet Choker"}],"potions_floor_spawned":[3,4,5,8,21,24,30],"seed_played":"4362424443615980493","killed_by":"Champ","ascension_level":0,"is_trial":false}