{"gold_per_floor":[114,114,135,214,42,85,85,106,106,118,130,158,214,36,36,130,130,150,28,46,46,96,120,156,177,177,177,200,200,225,238,238,337,337,355,355,374,101,116,116,157,157,157,86,86,101,101,115,115,115],"floor_reached":51,"playtime":2697,"items_purged":["Strike_G","Strike_G","Pain"],"score":1441,"play_id":"503fd53d-7b5e-4cc1-9814-c5757bed515a","local_time":"20190510002541","is_ascension_mode":true,"campfire_choices":[{"data":"Wraith Form v2","floor":7,"key":"SMITH"},{"data":"Neutralize","floor":10,"key":"SMITH"},{"data":"Noxious Fumes","floor":15,"key":"SMITH"},{"floor":27,"key":"REST"},{"floor":29,"key":"REST"},{"floor":32,"key":"REST"},{"floor":40,"key":"REST"},{"floor":42,"key":"REST"},{"floor":45,"key":"RECALL"},{"floor":47,"key":"REST"},{"floor":49,"key":"REST"}],"neow_cost":"NONE","seed_source_timestamp":344322977310500,"circlet_count":0,"master_deck":["AscendersBane","Defend_G","Defend_G","Defend_G","Defend_G","Defend_G","Strike_G","Strike_G","Strike_G","Survivor","Neutralize+1","Deadly Poison","Footwork+1","Wraith Form v2+1","Deadly Poison","Escape Plan","Noxious Fumes+1","Catalyst","Malaise","PiercingWail","Acrobatics","Prepared+1","Wraith Form v2","Well Laid Plans","Noxious Fumes","Backflip","Adrenaline","Wraith Form v2+1","Dodge and Roll","Well Laid Plans","Malaise"],"relics":["Ring of the Snake","Golden Idol","The Courier","Bronze Scales","Question Card","MawBank","Snake Skull","Fusion Hammer","Regal Pillow","Bag of Marbles","Philosopher\u0027s Stone","WarpedTongs","DollysMirror","Mercury Hourglass","Omamori"],"potions_floor_usage":[13,50,50],"damage_taken":[{"damage":3,"enemies":"Small Slimes","floor":1,"turns":6},{"damage":0,"enemies":"Jaw Worm","floor":3,"turns":5},{"damage":33,"enemies":"Lagavulin","floor":6,"turns":9},{"damage":3,"enemies":"2 Louse","floor":8,"turns":4},{"damage":0,"enemies":"Looter","floor":12,"turns":3},{"damage":3,"enemies":"Gremlin Nob","floor":13,"turns":5},{"damage":0,"enemies":"Hexaghost","floor":16,"turns":6},{"damage":5,"enemies":"Chosen","floor":18,"turns":7},{"damage":1,"enemies":"Shell Parasite","floor":20,"turns":5},{"damage":11,"enemies":"Centurion and Healer","floor":23,"turns":7},{"damage":14,"enemies":"Book of Stabbing","floor":24,"turns":6},{"damage":4,"enemies":"3 Cultists","floor":25,"turns":5},{"damage":6,"enemies":"Snake Plant","floor":28,"turns":4},{"damage":2,"enemies":"Sentry and Sphere","floor":30,"turns":4},{"damage":9,"enemies":"Centurion and Healer","floor":31,"turns":8},{"damage":9,"enemies":"Champ","floor":33,"turns":14},{"damage":34,"enemies":"3 Darklings","floor":35,"turns":5},{"damage":8,"enemies":"Orb Walker","floor":37,"turns":4},{"damage":14,"enemies":"Writhing Mass","floor":39,"turns":5},{"damage":4,"enemies":"Reptomancer","floor":41,"turns":5},{"damage":3,"enemies":"4 Shapes","floor":46,"turns":5},{"damage":0,"enemies":"Maw","floor":48,"turns":7},{"damage":31,"enemies":"Time Eater","floor":50,"turns":15}],"seed_played":"7061495319593120814","potions_obtained":[{"floor":3,"key":"Regen Potion"},{"floor":8,"key":"Ancient Potion"},{"floor":23,"key":"Swift Potion"},{"floor":37,"key":"GhostInAJar"}],"is_trial":false,"path_per_floor":["M","?","M","T","$","E","R","M","T","R","?","M","E","$","R","B",null,"M","$","M","?","?","M","E","M","T","R","M","R","M","M","R","B",null,"M","?","M","$","M","R","E","R","T","$","R","M","R","M","R","B",null],"character_chosen":"THE_SILENT","items_purchased":["Footwork","Bronze Scales","Noxious Fumes","Catalyst","Acrobatics","DollysMirror","Well Laid Plans"],"campfire_rested":7,"item_purchase_floors":[5,5,14,14,19,38,44],"current_hp_per_floor":[62,62,62,62,62,29,29,26,26,26,26,26,38,38,38,38,58,53,53,52,52,46,35,21,17,17,51,45,65,63,54,65,56,63,29,29,21,21,7,41,37,65,65,65,65,62,65,65,65,34],"gold":115,"neow_bonus":"TEN_PERCENT_HP_BONUS","is_prod":false,"is_daily":false,"chose_seed":false,"campfire_upgraded":3,"win_rate":0,"timestamp":1557473141,"path_taken":["M","?","M","?","$","E","R","M","T","R","?","M","E","$","R","BOSS","M","$","M","?","?","M","E","M","T","R","M","R","?","M","R","BOSS","M","?","?","$","?","R","E","R","T","$","R","M","R","M","R","BOSS"],"build_version":"2019-01-23","purchased_purges":3,"victory":true,"max_hp_per_floor":[72,65,65,65,65,65,65,65,65,65,65,65,65,65,65,65,65,65,65,65,65,65,65,65,65,65,65,65,65,65,65,65,65,65,65,65,65,65,65,65,65,65,65,65,65,65,65,65,65,65],"card_choices":[{"not_picked":["Blade Dance","All Out Attack"],"picked":"Deadly Poison","floor":1},{"not_picked":["Riddle With Holes","Expertise","Sucker Punch"],"picked":"SKIP","floor":3},{"not_picked":["Deflect","Predator"],"picked":"Wraith Form v2","floor":6},{"not_picked":["Calculated Gamble","Underhanded Strike","Expertise"],"picked":"Deadly Poison","floor":8},{"not_picked":["Expertise","Reflex","Endless Agony","Deadly Poison"],"picked":"SKIP","floor":12},{"not_picked":["Deflect","Poisoned Stab","Envenom"],"picked":"Escape Plan","floor":13},{"not_picked":["After Image","Storm of Steel","Unload"],"picked":"Malaise","floor":16},{"not_picked":["Underhanded Strike","Dagger Throw+1","Bane"],"picked":"PiercingWail","floor":18},{"not_picked":["Sucker Punch","Prepared+1","Choke","Poisoned Stab"],"picked":"SKIP","floor":20},{"not_picked":["Sucker Punch","Choke","Poisoned Stab"],"picked":"Prepared+1","floor":20},{"not_picked":["Acrobatics","Bane","Calculated Gamble","Prepared"],"picked":"SKIP","floor":23},{"not_picked":["Slice","Acrobatics","Heel Hook"],"picked":"Wraith Form v2","floor":24},{"not_picked":["Underhanded Strike+1","Dagger Spray","Dodge and Roll"],"picked":"Well Laid Plans","floor":25},{"not_picked":["Bane","Blade Dance+1","Outmaneuver"],"picked":"Noxious Fumes","floor":28},{"not_picked":["Flying Knee","Caltrops","Escape Plan","Tools of the Trade"],"picked":"SKIP","floor":30},{"not_picked":["Leg Sweep","Cloak And Dagger+1","Blade Dance"],"picked":"Backflip","floor":31},{"not_picked":["Doppelganger","Tools of the Trade","Venomology"],"picked":"Adrenaline","floor":33},{"not_picked":["Quick Slash","Setup","Bane","Sucker Punch"],"picked":"SKIP","floor":35},{"not_picked":["Outmaneuver","All Out Attack","Flying Knee","Setup+1"],"picked":"SKIP","floor":37},{"not_picked":["Skewer","Endless Agony+1","Bouncing Flask","Deflect"],"picked":"SKIP","floor":39},{"not_picked":["Flying Knee+1","Sucker Punch","Acrobatics"],"picked":"Dodge and Roll","floor":41},{"not_picked":["Flying Knee","Endless Agony","Backflip"],"picked":"Malaise","floor":46},{"not_picked":["Dagger Spray+1","Quick Slash","Backflip","Footwork+1"],"picked":"SKIP","floor":48}],"player_experience":455492,"relics_obtained":[{"floor":4,"key":"The Courier"},{"floor":6,"key":"Question Card"},{"floor":9,"key":"MawBank"},{"floor":13,"key":"Snake Skull"},{"floor":24,"key":"Regal Pillow"},{"floor":26,"key":"Bag of Marbles"},{"floor":41,"key":"Mercury Hourglass"},{"floor":43,"key":"Omamori"}],"event_choices":[{"damage_healed":0,"gold_gain":0,"player_choice":"Lose Max HP","damage_taken":0,"relics_obtained":["Golden Idol"],"max_hp_gain":0,"max_hp_loss":7,"event_name":"Golden Idol","floor":2,"gold_loss":0},{"damage_healed":0,"gold_gain":0,"player_choice":"Grow","damage_taken":0,"max_hp_gain":0,"max_hp_loss":0,"event_name":"Living Wall","floor":11,"gold_loss":0,"cards_upgraded":["Footwork"]},{"damage_healed":0,"gold_gain":0,"player_choice":"Ignored","damage_taken":0,"max_hp_gain":0,"max_hp_loss":0,"event_name":"The Mausoleum","floor":21,"gold_loss":0},{"damage_healed":0,"gold_gain":50,"player_choice":"Touch","damage_taken":6,"max_hp_gain":0,"max_hp_loss":0,"event_name":"FaceTrader","floor":22,"gold_loss":0},{"damage_healed":0,"gold_gain":0,"player_choice":"Rummage","damage_taken":0,"relics_obtained":["WarpedTongs"],"max_hp_gain":0,"max_hp_loss":0,"event_name":"Accursed Blacksmith","floor":36,"gold_loss":0,"cards_obtained":["Pain"]}],"is_beta":false,"boss_relics":[{"not_picked":["Runic Dome","Astrolabe"],"picked":"Fusion Hammer"},{"not_picked":["Calling Bell","White Beast Statue"],"picked":"Philosopher\u0027s Stone"}],"items_purged_floors":[14,19,38],"is_endless":false,"potions_floor_spawned":[3,8,23,24,28,33,35,37],"ascension_level":18}