{"gold_per_floor":[363,438,363,33,48,48,80,80,80,80,80,99,99,127,127,200,200,216,234,246,6,6,6],"floor_reached":23,"playtime":930,"items_purged":["Clumsy"],"score":355,"play_id":"1e3d10d7-0c19-4d32-afcb-c69a465acc46","local_time":"20190504173616","is_ascension_mode":true,"campfire_choices":[{"data":"Noxious Fumes","floor":6.0,"key":"SMITH"},{"floor":8.0,"key":"REST"},{"data":"Neutralize","floor":10.0,"key":"SMITH"},{"floor":15.0,"key":"REST"}],"neow_cost":"CURSE","seed_source_timestamp":162336200969720,"circlet_count":0,"master_deck":["AscendersBane","Defend_G","Defend_G","Defend_G","Defend_G","Defend_G","Strike_G","Strike_G+1","Survivor","Neutralize+1","Slice","Noxious Fumes+1","Flying Knee+1","Bane","Terror","Poisoned Stab","Bane","Riddle With Holes","Flying Knee","Corpse Explosion","Backstab","Dodge and Roll","Cloak And Dagger+1","Shame"],"special_seed":0,"relics":["Ring of the Serpent","Blood Vial","Whetstone","Gremlin Horn","Bag of Marbles","Boot","PreservedInsect"],"potions_floor_usage":[23],"damage_taken":[{"damage":2.0,"enemies":"2 Louse","floor":1.0,"turns":3.0},{"damage":5.0,"enemies":"Small Slimes","floor":5.0,"turns":3.0},{"damage":22.0,"enemies":"Lagavulin","floor":7.0,"turns":7.0},{"damage":0.0,"enemies":"Cultist","floor":12.0,"turns":3.0},{"damage":22.0,"enemies":"3 Sentries","floor":14.0,"turns":7.0},{"damage":40.0,"enemies":"The Guardian","floor":16.0,"turns":10.0},{"damage":25.0,"enemies":"Shell Parasite","floor":18.0,"turns":4.0},{"damage":16.0,"enemies":"Spheric Guardian","floor":19.0,"turns":4.0},{"damage":0.0,"enemies":"3 Cultists","floor":20.0,"turns":2.0},{"damage":19,"enemies":"Book of Stabbing","floor":23,"turns":2}],"seed_played":"2954068187526490562","potions_obtained":[{"floor":7.0,"key":"LiquidBronze"},{"floor":14.0,"key":"AttackPotion"},{"floor":16.0,"key":"FearPotion"},{"floor":18.0,"key":"Weak Potion"}],"is_trial":false,"path_per_floor":["M","?","?","$","M","R","E","R","T","R","?","M","?","E","R","B",null,"M","M","M","$","?","E"],"character_chosen":"THE_SILENT","items_purchased":["Blood Vial","Noxious Fumes","Flying Knee","Bane","Boot"],"campfire_rested":2,"item_purchase_floors":[4,4,4,4,21],"current_hp_per_floor":[57,46,46,46,43,43,23,42,42,42,42,44,44,24,43,5,51,28,14,16,16,16,0],"gold":6,"neow_bonus":"TWO_FIFTY_GOLD","is_prod":false,"is_daily":false,"chose_seed":false,"campfire_upgraded":2,"win_rate":0,"timestamp":1557016576,"path_taken":["M","?","?","$","M","R","E","R","T","R","?","?","?","E","R","BOSS","M","M","M","$","?","E"],"build_version":"2019-01-23","purchased_purges":1,"victory":false,"max_hp_per_floor":[66,66,66,66,66,66,66,66,66,66,66,66,66,66,66,66,66,66,66,66,66,66,66],"card_choices":[{"not_picked":["Dodge and Roll","Finisher"],"picked":"Slice","floor":1.0},{"not_picked":["Masterful Stab","Acrobatics"],"picked":"Terror","floor":5.0},{"not_picked":["Acrobatics","Dagger Throw"],"picked":"Poisoned Stab","floor":7.0},{"not_picked":["Sucker Punch","Masterful Stab"],"picked":"Bane","floor":12.0},{"not_picked":["Slice","Terror"],"picked":"Flying Knee","floor":14.0},{"not_picked":["Wraith Form v2","Burst"],"picked":"Corpse Explosion","floor":16.0},{"not_picked":["Well Laid Plans","Acrobatics"],"picked":"Backstab","floor":18.0},{"not_picked":["Prepared","Underhanded Strike"],"picked":"Dodge and Roll","floor":19.0},{"not_picked":["Dodge and Roll+1","Quick Slash"],"picked":"Cloak And Dagger+1","floor":20.0}],"player_experience":642412,"relics_obtained":[{"floor":7.0,"key":"Whetstone"},{"floor":9.0,"key":"Gremlin Horn"},{"floor":14.0,"key":"Bag of Marbles"}],"event_choices":[{"damage_healed":0.0,"max_hp_gain":0.0,"max_hp_loss":0.0,"gold_gain":75.0,"event_name":"World of Goop","player_choice":"Gather Gold","floor":2.0,"gold_loss":0.0,"damage_taken":11.0},{"cards_removed":["Strike_G"],"damage_healed":0.0,"max_hp_gain":0.0,"max_hp_loss":0.0,"gold_gain":0.0,"event_name":"The Cleric","player_choice":"Card Removal","floor":3.0,"gold_loss":75.0,"damage_taken":0.0},{"cards_removed":["Strike_G"],"damage_healed":0.0,"max_hp_gain":0.0,"max_hp_loss":0.0,"gold_gain":0.0,"event_name":"Wheel of Change","player_choice":"Card Removal","floor":11.0,"gold_loss":0.0,"damage_taken":0.0},{"damage_healed":0.0,"max_hp_gain":0.0,"max_hp_loss":0.0,"gold_gain":0.0,"cards_transformed":["Strike_G"],"event_name":"Living Wall","player_choice":"Change","floor":13.0,"gold_loss":0.0,"damage_taken":0.0,"cards_obtained":["Riddle With Holes"]},{"damage_healed":0.0,"max_hp_gain":0.0,"max_hp_loss":0.0,"gold_gain":0.0,"event_name":"Addict","player_choice":"Stole Relic","floor":22.0,"gold_loss":0.0,"damage_taken":0.0,"relics_obtained":["PreservedInsect"],"cards_obtained":["Shame"]}],"is_beta":false,"boss_relics":[{"not_picked":["Runic Dome","Black Star"],"picked":"Ring of the Serpent"}],"items_purged_floors":[21],"is_endless":false,"potions_floor_spawned":[7,14,16,18],"killed_by":"Book of Stabbing","ascension_level":16}