{"gold_per_floor":[214,214,0,0,19,19,34,34,34,61,61,61,75,106,106,183,183,183,183,183,183,83,83,83,83,83,83,83,83,83,83,83,83,83,83,83,83,83],"floor_reached":38,"playtime":8620,"items_purged":["Strike_G","Strike_G"],"score":856,"play_id":"e3fe6012-969e-4822-80c9-7c9efce61b3e","local_time":"20190128232137","is_ascension_mode":true,"campfire_choices":[{"floor":6.0,"key":"REST"},{"floor":8.0,"key":"REST"},{"data":"Noxious Fumes","floor":11.0,"key":"SMITH"},{"data":"Burst","floor":15.0,"key":"SMITH"},{"floor":24.0,"key":"REST"},{"data":"Calculated Gamble","floor":29.0,"key":"SMITH"},{"floor":32.0,"key":"REST"}],"neow_cost":"NONE","seed_source_timestamp":0,"circlet_count":0,"master_deck":["AscendersBane","Defend_G","Defend_G","Defend_G","Defend_G","Defend_G","Survivor","Neutralize+1","All Out Attack+1","Noxious Fumes+1","Prepared","Dagger Throw","Deadly Poison","Backflip+1","Dash","Burst+1","Tools of the Trade","Caltrops","Deflect+1","Calculated Gamble+1","Deadly Poison+1","Backflip","Well Laid Plans","Acrobatics","Adrenaline","Reflex+1","Finisher+1","Caltrops+1","PiercingWail","Poisoned Stab"],"special_seed":0,"relics":["Ring of the Snake","Thread and Needle","Question Card","Pear","Anchor","Ectoplasm","Regal Pillow","Blue Candle","Vajra","Gambling Chip","Astrolabe"],"potions_floor_usage":[37],"damage_taken":[{"damage":0.0,"enemies":"2 Louse","floor":1.0,"turns":5.0},{"damage":0.0,"enemies":"Small Slimes","floor":5.0,"turns":3.0},{"damage":0.0,"enemies":"Cultist","floor":7.0,"turns":4.0},{"damage":29.0,"enemies":"Gremlin Nob","floor":10.0,"turns":4.0},{"damage":1.0,"enemies":"2 Fungi Beasts","floor":13.0,"turns":3.0},{"damage":1.0,"enemies":"3 Sentries","floor":14.0,"turns":7.0},{"damage":3.0,"enemies":"Hexaghost","floor":16.0,"turns":9.0},{"damage":0.0,"enemies":"Shell Parasite","floor":18.0,"turns":7.0},{"damage":12.0,"enemies":"3 Byrds","floor":20.0,"turns":4.0},{"damage":10.0,"enemies":"Cultist and Chosen","floor":21.0,"turns":7.0},{"damage":28.0,"enemies":"Slavers","floor":23.0,"turns":6.0},{"damage":0.0,"enemies":"Snake Plant","floor":25.0,"turns":4.0},{"damage":11.0,"enemies":"Book of Stabbing","floor":27.0,"turns":6.0},{"damage":0.0,"enemies":"3 Cultists","floor":28.0,"turns":5.0},{"damage":11.0,"enemies":"Sentry and Sphere","floor":30.0,"turns":6.0},{"damage":11.0,"enemies":"Snake Plant","floor":31.0,"turns":4.0},{"damage":43.0,"enemies":"Champ","floor":33.0,"turns":14.0},{"damage":0.0,"enemies":"3 Darklings","floor":35.0,"turns":7.0},{"damage":0.0,"enemies":"3 Shapes","floor":36.0,"turns":5.0},{"damage":4,"enemies":"Transient","floor":37,"turns":6},{"damage":56,"enemies":"2 Orb Walkers","floor":38,"turns":3}],"seed_played":"-1391850240931829324","potions_obtained":[{"floor":1.0,"key":"SmokeBomb"},{"floor":10.0,"key":"AttackPotion"},{"floor":16.0,"key":"SkillPotion"},{"floor":21.0,"key":"EntropicBrew"},{"floor":27.0,"key":"Explosive Potion"},{"floor":28.0,"key":"Dexterity Potion"},{"floor":35.0,"key":"Strength Potion"}],"is_trial":false,"path_per_floor":["M","?","$","?","M","R","M","R","T","E","R","?","M","E","R","B",null,"M","?","M","M","$","E","R","M","T","E","M","R","M","M","R","B",null,"M","M","M","?"],"character_chosen":"THE_SILENT","items_purchased":["Noxious Fumes","Prepared"],"campfire_rested":4,"item_purchase_floors":[3,3],"current_hp_per_floor":[59,39,39,13,13,32,32,51,51,32,32,32,31,30,30,27,64,64,64,52,42,42,14,51,51,51,40,40,40,29,18,55,12,60,60,60,56,0],"gold":83,"neow_bonus":"HUNDRED_GOLD","is_prod":false,"is_daily":false,"chose_seed":false,"campfire_upgraded":3,"win_rate":0,"timestamp":1548714097,"path_taken":["M","?","$","?","M","R","M","R","T","E","R","?","?","E","R","BOSS","M","?","M","M","$","E","R","?","T","E","M","R","M","M","R","BOSS","M","M","M","?"],"build_version":"2019-01-23","purchased_purges":2,"victory":false,"max_hp_per_floor":[66,66,66,66,66,66,66,66,66,76,76,76,76,76,76,76,76,76,76,76,76,76,76,76,76,76,76,76,76,76,76,76,76,76,76,76,76,76],"card_choices":[{"not_picked":["Underhanded Strike","Prepared"],"picked":"All Out Attack","floor":1.0},{"not_picked":["Flying Knee","Dodge and Roll"],"picked":"Dagger Throw","floor":5.0},{"not_picked":["Backstab","Slice"],"picked":"Deadly Poison","floor":7.0},{"not_picked":["Outmaneuver","Heel Hook","Endless Agony"],"picked":"Backflip","floor":10.0},{"not_picked":["Deflect","Quick Slash","Bane"],"picked":"Dash","floor":13.0},{"not_picked":["Acrobatics","Sucker Punch","Cloak And Dagger"],"picked":"Burst","floor":14.0},{"not_picked":["Burst","Doppelganger","Envenom"],"picked":"Tools of the Trade","floor":16.0},{"not_picked":["Flying Knee","Deflect","Dodge and Roll"],"picked":"Caltrops","floor":18.0},{"not_picked":["Dash","Terror","Choke"],"picked":"Deflect+1","floor":20.0},{"not_picked":["Flying Knee","Slice","Backstab"],"picked":"Calculated Gamble","floor":21.0},{"not_picked":["Bane","Dash","Masterful Stab"],"picked":"Deadly Poison+1","floor":23.0},{"not_picked":["Dagger Throw","Cloak And Dagger","Quick Slash"],"picked":"Backflip","floor":25.0},{"not_picked":["Endless Agony","Underhanded Strike","Phantasmal Killer","Backstab"],"picked":"SKIP","floor":27.0},{"not_picked":["Poisoned Stab","Skewer","Heel Hook","Setup+1"],"picked":"SKIP","floor":28.0},{"not_picked":["Dodge and Roll","Flying Knee","Cloak And Dagger"],"picked":"Well Laid Plans","floor":30.0},{"not_picked":["Finisher","Outmaneuver","Heel Hook"],"picked":"Acrobatics","floor":31.0},{"not_picked":["Malaise","Corpse Explosion","Doppelganger"],"picked":"Adrenaline","floor":33.0},{"not_picked":["Eviscerate","Finisher+1","Flying Knee+1"],"picked":"PiercingWail","floor":35.0},{"not_picked":["Masterful Stab","Underhanded Strike","Dagger Throw","Riddle With Holes"],"picked":"SKIP","floor":36.0},{"not_picked":["Underhanded Strike","Concentrate","Outmaneuver"],"picked":"Poisoned Stab","floor":37}],"player_experience":2703690,"relics_obtained":[{"floor":9.0,"key":"Question Card"},{"floor":10.0,"key":"Pear"},{"floor":14.0,"key":"Anchor"},{"floor":23.0,"key":"Blue Candle"},{"floor":26.0,"key":"Vajra"},{"floor":27.0,"key":"Gambling Chip"}],"event_choices":[{"damage_healed":0.0,"max_hp_gain":0.0,"max_hp_loss":0.0,"gold_gain":0.0,"event_name":"Shining Light","player_choice":"Entered Light","floor":2.0,"gold_loss":0.0,"damage_taken":20.0,"cards_upgraded":["Neutralize","All Out Attack"]},{"damage_healed":0.0,"max_hp_gain":0.0,"max_hp_loss":0.0,"gold_gain":0.0,"event_name":"Scrap Ooze","player_choice":"Success","floor":4.0,"gold_loss":0.0,"damage_taken":26.0,"relics_obtained":["Thread and Needle"]},{"damage_healed":0.0,"max_hp_gain":0.0,"max_hp_loss":0.0,"gold_gain":0.0,"event_name":"Accursed Blacksmith","player_choice":"Forge","floor":12.0,"gold_loss":0.0,"damage_taken":0.0,"cards_upgraded":["Backflip"]},{"damage_healed":0.0,"max_hp_gain":0.0,"max_hp_loss":0.0,"gold_gain":0.0,"event_name":"WeMeetAgain","player_choice":"Gave Potion","floor":19.0,"gold_loss":0.0,"damage_taken":0.0,"relics_obtained":["Regal Pillow"]},{"damage_healed":0,"gold_gain":0,"player_choice":"Fight","damage_taken":0,"max_hp_gain":0,"max_hp_loss":0,"event_name":"Mysterious Sphere","floor":38,"gold_loss":0}],"is_beta":false,"boss_relics":[{"not_picked":["Black Star","Runic Pyramid"],"picked":"Ectoplasm"},{"not_picked":["Calling Bell","HoveringKite"],"picked":"Astrolabe"}],"items_purged_floors":[3,22],"is_endless":false,"potions_floor_spawned":[1,10,16,21,27,28,30,35],"killed_by":"2 Orb Walkers","ascension_level":20}