{"gold_per_floor":[114,114,133,153,153,153,178,178,225,225,242,46,58,91,91,165,165,183,200,220,237,0,13,13,13],"floor_reached":25,"playtime":1249,"items_purged":["Strike_G","Strike_G"],"score":409,"play_id":"9f5c062c-5d7e-4249-8bc6-35e23fc7fa69","local_time":"20190306113453","is_ascension_mode":true,"campfire_choices":[{"data":"Dash","floor":6,"key":"SMITH"},{"data":"Blade Dance","floor":8,"key":"SMITH"},{"floor":10,"key":"REST"},{"floor":15,"key":"REST"},{"floor":24,"key":"REST"}],"neow_cost":"NONE","seed_source_timestamp":378636842094052,"circlet_count":0,"master_deck":["AscendersBane","Defend_G","Defend_G","Defend_G","Defend_G","Defend_G","Strike_G","Strike_G","Strike_G","Survivor","Neutralize+1","Dash+1","Blade Dance+1","Die Die Die","Corpse Explosion","Infinite Blades","Footwork","Finisher","Backflip","Venomology","Backflip","Acrobatics","Flechettes","Infinite Blades","PiercingWail","Infinite Blades"],"relics":["Ring of the Snake","Centennial Puzzle","Pen Nib","Pear","Omamori","Potion Belt","Philosopher\u0027s Stone"],"potions_floor_usage":[7,16,16,20,21,21,21,23,25,25],"damage_taken":[{"damage":6,"enemies":"Jaw Worm","floor":1,"turns":8},{"damage":0,"enemies":"Small Slimes","floor":3,"turns":4},{"damage":0,"enemies":"Cultist","floor":4,"turns":4},{"damage":24,"enemies":"Gremlin Nob","floor":7,"turns":5},{"damage":14,"enemies":"Gremlin Gang","floor":11,"turns":3},{"damage":3,"enemies":"Exordium Wildlife","floor":13,"turns":4},{"damage":6,"enemies":"Lagavulin","floor":14,"turns":6},{"damage":21,"enemies":"Slime Boss","floor":16,"turns":5},{"damage":0,"enemies":"3 Byrds","floor":18,"turns":2},{"damage":8,"enemies":"Spheric Guardian","floor":19,"turns":4},{"damage":9,"enemies":"3 Cultists","floor":20,"turns":5},{"damage":3,"enemies":"Chosen and Byrds","floor":21,"turns":7},{"damage":11,"enemies":"Centurion and Healer","floor":23,"turns":6},{"damage":77,"enemies":"Gremlin Leader","floor":25,"turns":6}],"seed_played":"7901882630025883629","potions_obtained":[{"floor":3,"key":"SteroidPotion"},{"floor":7,"key":"Weak Potion"},{"floor":14,"key":"SteroidPotion"},{"floor":16,"key":"Weak Potion"},{"floor":18,"key":"AttackPotion"},{"floor":19,"key":"EssenceOfSteel"}],"is_trial":false,"path_per_floor":["M","?","M","M","?","R","E","R","T","R","M","$","M","E","R","B",null,"M","M","M","M","$","M","R","E"],"character_chosen":"THE_SILENT","items_purchased":["Footwork","Finisher","Infinite Blades","PiercingWail"],"campfire_rested":3,"item_purchase_floors":[12,12,22,22],"current_hp_per_floor":[53,53,53,53,35,35,21,21,21,43,29,29,26,20,42,21,62,62,54,45,57,57,46,68,0],"gold":13,"neow_bonus":"RANDOM_COMMON_RELIC","is_prod":false,"is_daily":false,"chose_seed":false,"campfire_upgraded":2,"win_rate":0,"timestamp":1551868493,"path_taken":["M","?","M","M","?","R","E","R","T","R","M","$","M","E","R","BOSS","M","M","M","M","$","M","R","E"],"build_version":"2019-01-23","purchased_purges":2,"victory":false,"max_hp_per_floor":[66,66,66,66,66,66,76,76,76,76,76,76,76,76,76,76,76,76,76,76,76,76,76,76,76],"card_choices":[{"not_picked":["Cloak And Dagger","Quick Slash"],"picked":"Dash","floor":1},{"not_picked":["Slice","Concentrate"],"picked":"Blade Dance","floor":3},{"not_picked":["Slice","Choke"],"picked":"Die Die Die","floor":4},{"not_picked":["Tools of the Trade","Calculated Gamble"],"picked":"Corpse Explosion","floor":7},{"not_picked":["Sucker Punch","Poisoned Stab"],"picked":"Infinite Blades","floor":11},{"not_picked":["Outmaneuver","Poisoned Stab","Prepared"],"picked":"SKIP","floor":13},{"not_picked":["Prepared","Eviscerate"],"picked":"Backflip","floor":14},{"not_picked":["Grand Finale","Doppelganger"],"picked":"Venomology","floor":16},{"not_picked":["Concentrate","Deflect"],"picked":"Backflip","floor":18},{"not_picked":["Deflect","Bouncing Flask"],"picked":"Acrobatics","floor":19},{"not_picked":["Prepared","Catalyst"],"picked":"Flechettes","floor":20},{"not_picked":["Quick Slash","Dagger Throw","Sucker Punch"],"picked":"SKIP","floor":21},{"not_picked":["Endless Agony+1","Acrobatics"],"picked":"Infinite Blades","floor":23}],"player_experience":905165,"relics_obtained":[{"floor":7,"key":"Pear"},{"floor":9,"key":"Omamori"},{"floor":14,"key":"Potion Belt"}],"event_choices":[{"damage_healed":0,"gold_gain":0,"player_choice":"Grow","damage_taken":0,"max_hp_gain":0,"max_hp_loss":0,"event_name":"Living Wall","floor":2,"gold_loss":0,"cards_upgraded":["Neutralize"]},{"damage_healed":0,"gold_gain":0,"player_choice":"Success","damage_taken":18,"relics_obtained":["Pen Nib"],"max_hp_gain":0,"max_hp_loss":0,"event_name":"Scrap Ooze","floor":5,"gold_loss":0}],"is_beta":false,"boss_relics":[{"not_picked":["Black Star","Astrolabe"],"picked":"Philosopher\u0027s Stone"}],"items_purged_floors":[12,22],"is_endless":false,"potions_floor_spawned":[3,7,14,16,18,19],"killed_by":"Gremlin Leader","ascension_level":18}