{"gold_per_floor":[117,131,58,73,92,92,111,111,111,111,123,123,139,159,159,257,257,269,269,269,284,284,284,301,301,301,301,318,81,91,109,109,206,206,216,216,233,243,243,243,143,160,160,160,35,35,46,62,62,62],"floor_reached":50,"playtime":5023,"items_purged":["Strike_G+1","Wraith Form v2","Defend_G+1"],"score":490,"play_id":"0687737d-6184-4162-ba21-d79ab7cfaae3","local_time":"20190305184829","is_ascension_mode":false,"campfire_choices":[{"data":"Defend_G","floor":6,"key":"SMITH"},{"data":"Accuracy","floor":8,"key":"SMITH"},{"data":"Neutralize","floor":10,"key":"SMITH"},{"data":"Cloak And Dagger","floor":12,"key":"SMITH"},{"data":"Cloak And Dagger","floor":15,"key":"SMITH"},{"data":"Well Laid Plans","floor":25,"key":"SMITH"},{"data":"Survivor","floor":27,"key":"SMITH"},{"floor":32,"key":"REST"},{"data":"Deep Breath","floor":40,"key":"SMITH"},{"data":"Trip","floor":44,"key":"SMITH"},{"floor":49,"key":"REST"}],"neow_cost":"NONE","seed_source_timestamp":13309382567546,"circlet_count":0,"master_deck":["Defend_G+1","Defend_G+1","Defend_G+1","Defend_G+1","Strike_G+1","Strike_G+1","Strike_G+1","Strike_G+1","Survivor+1","Neutralize+1","Well Laid Plans+1","Accuracy+1","Cloak And Dagger+1","Cloak And Dagger+1","Escape Plan","Night Terror+1","Outmaneuver+1","Unload","Footwork","Bandage Up","Trip+1","Secret Technique","Deep Breath+1","Blade Dance+1","Blade Dance+1","Writhe","Blur+1"],"relics":["Ring of the Snake","Bronze Scales","Bottled Flame","Lizard Tail","Tingsha","Sozu","Ice Cream"],"potions_floor_usage":[16,16,21,30,30,33,38,50],"damage_taken":[{"damage":0,"enemies":"Cultist","floor":1,"turns":4},{"damage":0,"enemies":"2 Louse","floor":2,"turns":3},{"damage":2,"enemies":"Small Slimes","floor":4,"turns":3},{"damage":0,"enemies":"Red Slaver","floor":5,"turns":5},{"damage":2,"enemies":"Blue Slaver","floor":7,"turns":4},{"damage":1,"enemies":"3 Louse","floor":11,"turns":4},{"damage":0,"enemies":"2 Fungi Beasts","floor":13,"turns":4},{"damage":3,"enemies":"Exordium Wildlife","floor":14,"turns":4},{"damage":0,"enemies":"The Guardian","floor":16,"turns":10},{"damage":0,"enemies":"3 Byrds","floor":18,"turns":5},{"damage":14,"enemies":"Spheric Guardian","floor":21,"turns":5},{"damage":6,"enemies":"Colosseum Slavers","floor":23,"turns":6},{"damage":8,"enemies":"Snecko","floor":24,"turns":7},{"damage":38,"enemies":"Cultist and Chosen","floor":28,"turns":7},{"damage":9,"enemies":"3 Cultists","floor":30,"turns":8},{"damage":14,"enemies":"Chosen and Byrds","floor":31,"turns":6},{"damage":71,"enemies":"Automaton","floor":33,"turns":16},{"damage":11,"enemies":"3 Shapes","floor":35,"turns":14},{"damage":0,"enemies":"Orb Walker","floor":37,"turns":4},{"damage":40,"enemies":"3 Darklings","floor":38,"turns":5},{"damage":15,"enemies":"Spire Growth","floor":42,"turns":6},{"damage":23,"enemies":"Maw","floor":47,"turns":6},{"damage":20,"enemies":"4 Shapes","floor":48,"turns":7},{"damage":72,"enemies":"Donu and Deca","floor":50,"turns":7}],"seed_played":"-6777752005690635852","potions_obtained":[{"floor":2,"key":"SkillPotion"},{"floor":7,"key":"Strength Potion"},{"floor":13,"key":"SkillPotion"},{"floor":16,"key":"Regen Potion"},{"floor":18,"key":"Ancient Potion"},{"floor":28,"key":"Weak Potion"},{"floor":31,"key":"Energy Potion"},{"floor":33,"key":"Regen Potion"}],"is_trial":false,"path_per_floor":["M","M","$","M","M","R","M","R","T","R","M","R","M","M","R","B",null,"M","?","?","M","?","?","M","R","T","R","M","$","M","M","R","B",null,"M","?","M","M","?","R","$","M","T","R","$","?","M","M","R","B"],"character_chosen":"THE_SILENT","items_purchased":["Well Laid Plans","Footwork","Bandage Up"],"campfire_rested":2,"item_purchase_floors":[3,29,29],"current_hp_per_floor":[70,70,70,68,68,68,66,66,66,66,65,65,65,62,62,62,70,70,70,70,56,56,50,42,42,42,42,4,4,26,28,49,35,70,59,49,65,41,41,41,41,42,42,42,42,60,41,37,58,0],"gold":62,"neow_bonus":"RANDOM_COMMON_RELIC","is_prod":false,"is_daily":false,"chose_seed":false,"campfire_upgraded":9,"win_rate":0.0,"timestamp":1551808109,"path_taken":["M","M","$","M","?","R","M","R","T","R","M","R","M","M","R","BOSS","M","?","?","?","?","?","M","R","T","R","M","$","M","M","R","BOSS","M","?","M","M","?","R","?","?","T","R","?","?","M","M","R","BOSS"],"build_version":"2019-01-23","purchased_purges":3,"victory":false,"max_hp_per_floor":[70,70,70,70,70,70,70,70,70,70,70,70,70,70,70,70,70,70,70,70,70,70,70,70,70,70,70,70,70,70,70,70,70,70,70,70,70,70,70,70,70,70,70,70,70,70,70,70,70,70],"card_choices":[{"not_picked":["Flying Knee","Eviscerate","Dodge and Roll"],"picked":"SKIP","floor":1},{"not_picked":["Skewer","Heel Hook","Dagger Spray"],"picked":"SKIP","floor":2},{"not_picked":["Flying Knee","Flechettes"],"picked":"Accuracy","floor":4},{"not_picked":["PiercingWail","Backstab","Night Terror"],"picked":"SKIP","floor":5},{"not_picked":["Endless Agony","Dagger Spray"],"picked":"Cloak And Dagger","floor":7},{"not_picked":["Flechettes","Dagger Throw","Tactician"],"picked":"SKIP","floor":11},{"not_picked":["PiercingWail","Poisoned Stab"],"picked":"Cloak And Dagger","floor":13},{"not_picked":["Predator","Dagger Spray"],"picked":"Escape Plan","floor":14},{"not_picked":["Venomology","Glass Knife"],"picked":"Night Terror","floor":16},{"not_picked":["Bouncing Flask","Flying Knee"],"picked":"Outmaneuver+1","floor":18},{"not_picked":["Riddle With Holes","Slice","Choke"],"picked":"SKIP","floor":21},{"not_picked":["Flying Knee+1","Quick Slash","PiercingWail"],"picked":"SKIP","floor":24},{"not_picked":["Underhanded Strike","Acrobatics"],"picked":"Unload","floor":28},{"not_picked":["Leg Sweep","Sucker Punch","Dash+1"],"picked":"SKIP","floor":30},{"not_picked":["Caltrops","Slice+1","Cloak And Dagger"],"picked":"SKIP","floor":31},{"not_picked":["Night Terror","Storm of Steel"],"picked":"Wraith Form v2","floor":33},{"not_picked":["Backstab","Crippling Poison+1","Dash"],"picked":"SKIP","floor":35},{"not_picked":["Transmutation","Panacea"],"picked":"Trip","floor":36},{"not_picked":["Jack Of All Trades","Magnetism"],"picked":"Secret Technique","floor":36},{"not_picked":["Trip","Forethought"],"picked":"Deep Breath","floor":36},{"not_picked":["Backflip+1","Reflex"],"picked":"Blade Dance+1","floor":37},{"not_picked":["Dagger Throw+1","Accuracy"],"picked":"Blade Dance+1","floor":38},{"not_picked":["Leg Sweep","Well Laid Plans+1","Predator"],"picked":"SKIP","floor":42},{"not_picked":["Noxious Fumes","Calculated Gamble+1","Acrobatics"],"picked":"SKIP","floor":47},{"not_picked":["Calculated Gamble+1","Well Laid Plans"],"picked":"Blur+1","floor":48}],"player_experience":57664,"relics_obtained":[{"floor":9,"key":"Bottled Flame"},{"floor":26,"key":"Tingsha"},{"floor":43,"key":"Ice Cream"}],"event_choices":[{"damage_healed":0,"gold_gain":0,"player_choice":"Ignored","damage_taken":0,"max_hp_gain":0,"max_hp_loss":0,"event_name":"Vampires","floor":19,"gold_loss":0},{"damage_healed":0,"gold_gain":0,"player_choice":"Upgraded","damage_taken":0,"max_hp_gain":0,"max_hp_loss":0,"event_name":"Upgrade Shrine","floor":20,"gold_loss":0,"cards_upgraded":["Night Terror"]},{"damage_healed":0,"gold_gain":0,"player_choice":"Simplicity","damage_taken":0,"max_hp_gain":0,"max_hp_loss":0,"event_name":"Back to Basics","floor":22,"gold_loss":0,"cards_upgraded":["Defend_G","Defend_G","Defend_G","Defend_G","Strike_G","Strike_G","Strike_G","Strike_G","Strike_G"]},{"damage_healed":0,"gold_gain":0,"player_choice":"Fight","damage_taken":0,"max_hp_gain":0,"max_hp_loss":0,"event_name":"Colosseum","floor":23,"gold_loss":0},{"damage_healed":0,"gold_gain":0,"player_choice":"Fled From Nobs","damage_taken":0,"max_hp_gain":0,"max_hp_loss":0,"event_name":"Colosseum","floor":23,"gold_loss":0},{"damage_healed":0,"gold_gain":0,"player_choice":"Memory 3","damage_taken":10,"max_hp_gain":0,"max_hp_loss":0,"event_name":"SensoryStone","floor":36,"gold_loss":0},{"damage_healed":0,"gold_gain":0,"player_choice":"Ignored","damage_taken":0,"max_hp_gain":0,"max_hp_loss":0,"event_name":"Mysterious Sphere","floor":39,"gold_loss":0},{"damage_healed":18,"gold_gain":0,"player_choice":"Writhe","damage_taken":0,"max_hp_gain":0,"max_hp_loss":0,"event_name":"Winding Halls","floor":46,"gold_loss":0,"cards_obtained":["Writhe"]}],"is_beta":false,"boss_relics":[{"not_picked":["Cursed Key","Runic Dome"],"picked":"Lizard Tail"},{"not_picked":["Empty Cage","White Beast Statue"],"picked":"Sozu"}],"items_purged_floors":[29,41,45],"is_endless":false,"potions_floor_spawned":[2,7,13,16,18,28,31,33,35,38,48],"killed_by":"Donu and Deca","ascension_level":0}