{"gold_per_floor":[119,6,6,16,32,64,64,40,40,50,66,66,66,76,76,151,151,162,180,5,22,35,60,60,92,116,116,133,150,163,177,177,251,251,269,349,366,366],"floor_reached":38,"playtime":2633,"items_purged":["Strike_B","Pain"],"score":717,"play_id":"c2f9b50b-ccbd-4268-a3e7-bcb227005395","local_time":"20190304141330","is_ascension_mode":true,"campfire_choices":[{"floor":7,"key":"REST"},{"floor":13,"key":"REST"},{"floor":15,"key":"REST"},{"floor":24,"key":"REST"},{"data":"Coolheaded","floor":27,"key":"SMITH"},{"floor":32,"key":"REST"}],"neow_cost":"NONE","seed_source_timestamp":1447812843657139,"circlet_count":0,"master_deck":["AscendersBane","Strike_B","Strike_B","Strike_B","Defend_B","Defend_B","Defend_B","Defend_B","Zap","Dualcast","Auto Shields","Defragment","Ball Lightning","Genetic Algorithm","Echo Form","Chill","BootSequence","Coolheaded+1","BootSequence","Echo Form","Glacier","Self Repair","Conserve Battery+1","Ball Lightning","Cold Snap","Tempest","Gash+1","Gash","Streamline","Echo Form","Go for the Eyes","Coolheaded+1"],"relics":["FrozenCore","WarpedTongs","Sundial","Tiny Chest","Blood Vial","Shuriken","Art of War","Centennial Puzzle","Nuclear Battery","Bottled Flame"],"potions_floor_usage":[6,22,23,23,30,30],"damage_taken":[{"damage":1,"enemies":"Cultist","floor":1,"turns":3},{"damage":5,"enemies":"2 Louse","floor":4,"turns":4},{"damage":2,"enemies":"Jaw Worm","floor":5,"turns":3},{"damage":15,"enemies":"3 Sentries","floor":6,"turns":6},{"damage":24,"enemies":"Exordium Wildlife","floor":10,"turns":4},{"damage":4,"enemies":"2 Fungi Beasts","floor":11,"turns":4},{"damage":14,"enemies":"Looter","floor":14,"turns":4},{"damage":44,"enemies":"Slime Boss","floor":16,"turns":11},{"damage":16,"enemies":"Shell Parasite","floor":18,"turns":9},{"damage":25,"enemies":"3 Byrds","floor":19,"turns":7},{"damage":14,"enemies":"Snecko","floor":21,"turns":9},{"damage":5,"enemies":"Centurion and Healer","floor":22,"turns":11},{"damage":32,"enemies":"Slavers","floor":23,"turns":13},{"damage":11,"enemies":"Book of Stabbing","floor":25,"turns":11},{"damage":0,"enemies":"Snake Plant","floor":28,"turns":7},{"damage":7,"enemies":"Shelled Parasite and Fungi","floor":29,"turns":10},{"damage":25,"enemies":"Cultist and Chosen","floor":30,"turns":8},{"damage":39,"enemies":"Chosen and Byrds","floor":31,"turns":6},{"damage":32,"enemies":"Automaton","floor":33,"turns":12},{"damage":58,"enemies":"3 Darklings","floor":35,"turns":7},{"damage":0,"enemies":"3 Shapes","floor":37,"turns":8},{"damage":45,"enemies":"3 Darklings","floor":38,"turns":4}],"seed_played":"-310170869521688429","potions_obtained":[{"floor":5,"key":"AttackPotion"},{"floor":10,"key":"Ancient Potion"},{"floor":11,"key":"EssenceOfSteel"},{"floor":22,"key":"Dexterity Potion"},{"floor":25,"key":"FocusPotion"},{"floor":29,"key":"EssenceOfSteel"},{"floor":37,"key":"Ancient Potion"}],"is_trial":false,"path_per_floor":["M","$","?","M","M","E","R","?","T","M","M","?","R","M","R","B",null,"M","M","$","M","M","E","R","E","T","R","M","M","M","M","R","B",null,"M","T","M","M"],"character_chosen":"DEFECT","items_purchased":["Defragment","Self Repair"],"campfire_rested":5,"item_purchase_floors":[2,20],"current_hp_per_floor":[70,70,70,65,63,48,71,71,71,49,47,47,70,58,78,34,67,53,30,30,32,49,39,62,67,67,67,69,64,61,38,61,31,66,10,10,32,0],"gold":366,"neow_bonus":"TEN_PERCENT_HP_BONUS","is_prod":false,"is_daily":false,"chose_seed":false,"campfire_upgraded":1,"win_rate":0,"timestamp":1551687210,"path_taken":["M","$","?","?","M","E","R","?","T","?","M","?","R","M","R","BOSS","M","M","$","M","M","E","R","E","T","R","M","M","M","M","R","BOSS","M","?","M","M"],"build_version":"2019-01-23","purchased_purges":2,"victory":false,"max_hp_per_floor":[78,78,78,78,78,78,78,78,78,78,78,78,78,78,78,78,78,78,78,78,78,78,78,78,78,78,78,78,78,78,78,78,78,78,78,78,78,78],"card_choices":[{"not_picked":["Turbo","Aggregate"],"picked":"Auto Shields","floor":1},{"not_picked":["Redo","Lockon"],"picked":"Ball Lightning","floor":4},{"not_picked":["Redo","BootSequence"],"picked":"Genetic Algorithm","floor":5},{"not_picked":["Streamline","Coolheaded"],"picked":"Echo Form","floor":6},{"not_picked":["Stack","Steam"],"picked":"Chill","floor":10},{"not_picked":["Stack","Steam Power"],"picked":"BootSequence","floor":11},{"not_picked":["Consume","Steam"],"picked":"BootSequence","floor":14},{"not_picked":["Meteor Strike","Thunder Strike"],"picked":"Echo Form","floor":16},{"not_picked":["Redo","Static Discharge","Turbo"],"picked":"SKIP","floor":18},{"not_picked":["Turbo","Gash"],"picked":"Glacier","floor":19},{"not_picked":["Turbo","Heatsinks"],"picked":"Conserve Battery+1","floor":21},{"not_picked":["Turbo","Scrape","Compile Driver"],"picked":"SKIP","floor":22},{"not_picked":["Recycle","Static Discharge"],"picked":"Ball Lightning","floor":23},{"not_picked":["Scrape+1","Gash"],"picked":"Cold Snap","floor":25},{"not_picked":["Glacier","Steam"],"picked":"Tempest","floor":28},{"not_picked":["Stack","Ball Lightning"],"picked":"Gash+1","floor":29},{"not_picked":["Fission","Conserve Battery+1"],"picked":"Gash","floor":30},{"not_picked":["Ball Lightning","Conserve Battery"],"picked":"Streamline","floor":31},{"not_picked":["Rainbow","Multi-Cast"],"picked":"Echo Form","floor":33},{"not_picked":["Conserve Battery","FTL"],"picked":"Go for the Eyes","floor":35},{"not_picked":["Redo","Gash"],"picked":"Coolheaded+1","floor":37}],"player_experience":935670,"relics_obtained":[{"floor":6,"key":"Sundial"},{"floor":9,"key":"Blood Vial"},{"floor":23,"key":"Shuriken"},{"floor":25,"key":"Art of War"},{"floor":26,"key":"Centennial Puzzle"},{"floor":36,"key":"Bottled Flame"}],"event_choices":[{"damage_healed":0,"gold_gain":0,"player_choice":"Rummage","damage_taken":0,"relics_obtained":["WarpedTongs"],"max_hp_gain":0,"max_hp_loss":0,"event_name":"Accursed Blacksmith","floor":3,"gold_loss":0,"cards_obtained":["Pain"]},{"damage_healed":0,"gold_gain":0,"player_choice":"Paid Gold","damage_taken":0,"relics_obtained":["Tiny Chest"],"max_hp_gain":0,"max_hp_loss":0,"event_name":"WeMeetAgain","floor":8,"gold_loss":54},{"damage_healed":0,"gold_gain":0,"player_choice":"1 cards matched","damage_taken":0,"max_hp_gain":0,"max_hp_loss":0,"event_name":"Match and Keep!","floor":12,"gold_loss":0,"cards_obtained":["Coolheaded"]}],"is_beta":false,"boss_relics":[{"not_picked":["Snecko Eye","White Beast Statue"],"picked":"FrozenCore"},{"not_picked":["Astrolabe","Calling Bell"],"picked":"Nuclear Battery"}],"items_purged_floors":[2,20],"is_endless":false,"potions_floor_spawned":[5,10,11,18,22,25,29,37],"killed_by":"3 Darklings","ascension_level":14}