{"gold_per_floor":[117,131,306,321,341,341,341,341,367,76,89,114,114,139,139,139],"floor_reached":16,"playtime":561,"items_purged":[],"score":201,"play_id":"4ddf0aa1-de3e-4881-a5d5-f26eddcf1a76","local_time":"20190218213725","is_ascension_mode":true,"campfire_choices":[{"floor":6,"key":"RECALL"},{"floor":8,"key":"REST"},{"floor":13,"key":"REST"},{"data":"Armaments","floor":15,"key":"SMITH"}],"neow_cost":"NONE","seed_source_timestamp":480112226531567,"circlet_count":0,"master_deck":["AscendersBane","Strike_R","Strike_R","Strike_R","Strike_R","Strike_R","Defend_R","Defend_R","Defend_R","Defend_R","Bash","Heavy Blade","Spot Weakness","True Grit","Armaments+1","Whirlwind","Double Tap"],"relics":["Burning Blood","Pear","Ancient Tea Set","Toxic Egg 2"],"potions_floor_usage":[3,11,14],"damage_taken":[{"damage":0,"enemies":"2 Louse","floor":1,"turns":4},{"damage":12,"enemies":"Small Slimes","floor":2,"turns":4},{"damage":1,"enemies":"Cultist","floor":4,"turns":3},{"damage":45,"enemies":"Exordium Thugs","floor":5,"turns":7},{"damage":11,"enemies":"2 Fungi Beasts","floor":11,"turns":4},{"damage":36,"enemies":"Gremlin Nob","floor":12,"turns":4},{"damage":18,"enemies":"3 Sentries","floor":14,"turns":5},{"damage":76,"enemies":"Slime Boss","floor":16,"turns":11}],"seed_played":"-8730852205257130235","potions_obtained":[{"floor":2,"key":"Fruit Juice"},{"floor":4,"key":"SteroidPotion"},{"floor":12,"key":"SkillPotion"}],"is_trial":false,"path_per_floor":["M","M","?","M","M","R","?","R","T","$","M","E","R","E","R","B"],"character_chosen":"IRONCLAD","items_purchased":["Armaments","Pear"],"campfire_rested":2,"item_purchase_floors":[10,10],"current_hp_per_floor":[86,80,85,90,51,51,44,71,71,81,76,46,76,64,64,0],"gold":139,"neow_bonus":"TEN_PERCENT_HP_BONUS","is_prod":false,"is_daily":false,"chose_seed":false,"campfire_upgraded":1,"win_rate":0,"timestamp":1550561845,"path_taken":["M","M","?","M","M","R","?","R","T","$","M","E","R","E","R","BOSS"],"build_version":"2019-01-23","purchased_purges":0,"victory":false,"max_hp_per_floor":[88,88,93,93,93,93,93,93,93,103,103,103,103,103,103,103],"card_choices":[{"not_picked":["Havoc","Corruption"],"picked":"Heavy Blade","floor":1},{"not_picked":["Perfected Strike","Iron Wave"],"picked":"Spot Weakness","floor":2},{"not_picked":["Sword Boomerang","Second Wind","Dropkick"],"picked":"SKIP","floor":4},{"not_picked":["Searing Blow","Havoc"],"picked":"True Grit","floor":5},{"not_picked":["Twin Strike","Fire Breathing"],"picked":"Whirlwind","floor":11},{"not_picked":["Wild Strike","Warcry"],"picked":"Double Tap","floor":12},{"not_picked":["Sentinel","Thunderclap","Disarm"],"picked":"SKIP","floor":14}],"player_experience":444090,"relics_obtained":[{"floor":12,"key":"Ancient Tea Set"},{"floor":14,"key":"Toxic Egg 2"}],"event_choices":[{"damage_healed":0,"gold_gain":175,"player_choice":"AGREE","damage_taken":0,"max_hp_gain":0,"max_hp_loss":0,"event_name":"Liars Game","floor":3,"gold_loss":0,"cards_obtained":["Doubt"]},{"cards_removed":["Doubt"],"damage_healed":0,"gold_gain":0,"player_choice":"Card Removal","damage_taken":7,"max_hp_gain":0,"max_hp_loss":0,"event_name":"Golden Wing","floor":7,"gold_loss":0}],"is_beta":false,"boss_relics":[],"items_purged_floors":[],"is_endless":false,"potions_floor_spawned":[2,4,12],"killed_by":"Slime Boss","ascension_level":12}