{"gold_per_floor":[11,186,186,111,86,86,120,28,58,85,102,113,113,128,128,228,228,242,260,31,51,64,64,64,84,108,108,128,128,142,189,189,189],"floor_reached":33,"playtime":1165,"items_purged":["Doubt"],"score":383,"play_id":"8080a302-e50d-44b5-8752-4a5ef48ce1f3","local_time":"20181225021722","is_ascension_mode":true,"campfire_choices":[{"data":"Zap","floor":6,"key":"SMITH"},{"floor":15,"key":"REST"},{"floor":23,"key":"REST"},{"data":"Thunder Strike","floor":29,"key":"SMITH"},{"data":"Hologram","floor":32,"key":"SMITH"}],"neow_cost":"NO_GOLD","seed_source_timestamp":32124355905024,"circlet_count":0,"master_deck":["AscendersBane","Strike_B","Strike_B","Strike_B","Strike_B","Defend_B","Defend_B","Defend_B","Defend_B","Zap+1","Dualcast","Thunder Strike+1","Auto Shields","Ball Lightning","Ball Lightning","Self Repair","Ball Lightning","Genetic Algorithm","Core Surge","Hologram+1","Auto Shields","Cold Snap+1","Cold Snap","Hologram+1","Tempest","BootSequence"],"relics":["Cracked Core","PreservedInsect","Vajra","Tiny Chest","Bronze Scales","Philosopher\u0027s Stone","Chemical X","Art of War","Lantern"],"potions_floor_usage":[16,18,21,21,25,30,33,33,33,33],"damage_taken":[{"damage":0,"enemies":"2 Louse","floor":1,"turns":3},{"damage":20,"enemies":"3 Sentries","floor":7,"turns":8},{"damage":7,"enemies":"Jaw Worm","floor":11,"turns":3},{"damage":4,"enemies":"Small Slimes","floor":12,"turns":3},{"damage":7,"enemies":"3 Louse","floor":14,"turns":3},{"damage":30,"enemies":"The Guardian","floor":16,"turns":10},{"damage":17,"enemies":"Shell Parasite","floor":18,"turns":4},{"damage":7,"enemies":"3 Byrds","floor":19,"turns":2},{"damage":19,"enemies":"Cultist and Chosen","floor":21,"turns":5},{"damage":13,"enemies":"Centurion and Healer","floor":22,"turns":5},{"damage":5,"enemies":"Snecko","floor":25,"turns":6},{"damage":0,"enemies":"Sentry and Sphere","floor":28,"turns":3},{"damage":12,"enemies":"Shelled Parasite and Fungi","floor":30,"turns":4},{"damage":73,"enemies":"Automaton","floor":33,"turns":6}],"seed_played":"-2470451105493378204","potions_obtained":[{"floor":7,"key":"PowerPotion"},{"floor":11,"key":"Swift Potion"},{"floor":16,"key":"Block Potion"},{"floor":19,"key":"SkillPotion"},{"floor":22,"key":"EntropicBrew"},{"floor":30,"key":"EntropicBrew"}],"is_trial":false,"path_per_floor":["M","?","?","$","$","R","E","$","T","T","M","M","?","M","R","B",null,"M","M","$","M","M","R","?","M","T","?","M","R","M","T","R","B"],"character_chosen":"DEFECT","items_purchased":["Ball Lightning","Self Repair","Ball Lightning","Chemical X","Auto Shields"],"campfire_rested":2,"item_purchase_floors":[5,8,8,20,20],"current_hp_per_floor":[68,68,43,43,43,43,23,23,23,23,23,26,31,24,48,25,66,56,49,49,37,31,55,55,57,57,57,57,57,45,45,45,0],"gold":189,"neow_bonus":"THREE_RARE_CARDS","is_prod":false,"is_daily":false,"chose_seed":false,"campfire_upgraded":3,"win_rate":0,"timestamp":1545711442,"path_taken":["M","?","?","?","$","R","E","$","T","?","M","?","?","M","R","BOSS","M","M","$","M","M","R","?","M","T","?","M","R","M","?","R","BOSS"],"build_version":"2018-12-20","purchased_purges":1,"victory":false,"max_hp_per_floor":[75,75,75,75,75,75,75,75,75,75,75,75,80,80,80,80,80,80,80,80,80,80,80,80,80,80,80,80,80,80,80,80,80],"card_choices":[{"not_picked":["Seek","Amplify"],"picked":"Thunder Strike","floor":0},{"not_picked":["Cold Snap","Static Discharge"],"picked":"Auto Shields","floor":1},{"not_picked":["Streamline","Steam"],"picked":"Ball Lightning","floor":7},{"not_picked":["Fusion","Compile Driver"],"picked":"Genetic Algorithm","floor":11},{"not_picked":["Coolheaded","Stack","Blizzard"],"picked":"SKIP","floor":12},{"not_picked":["Rebound","Fusion","Lockon"],"picked":"SKIP","floor":14},{"not_picked":["Multi-Cast","Meteor Strike"],"picked":"Core Surge","floor":16},{"not_picked":["Heatsinks","Chill"],"picked":"Hologram","floor":18},{"not_picked":["Reprogram+1","Aggregate","Coolheaded+1"],"picked":"SKIP","floor":19},{"not_picked":["Reprogram","FTL"],"picked":"Cold Snap+1","floor":21},{"not_picked":["Rebound","Coolheaded+1"],"picked":"Cold Snap","floor":22},{"not_picked":["Barrage","Turbo"],"picked":"Hologram+1","floor":25},{"not_picked":["Recycle","Steam","Genetic Algorithm"],"picked":"SKIP","floor":28},{"not_picked":["Undo+1","Go for the Eyes"],"picked":"BootSequence","floor":30}],"player_experience":629356,"relics_obtained":[{"floor":7,"key":"Vajra"},{"floor":9,"key":"Tiny Chest"},{"floor":10,"key":"Bronze Scales"},{"floor":26,"key":"Art of War"},{"floor":31,"key":"Lantern"}],"event_choices":[{"damage_healed":0,"gold_gain":175,"player_choice":"AGREE","damage_taken":0,"max_hp_gain":0,"max_hp_loss":0,"event_name":"Liars Game","floor":2,"gold_loss":0,"cards_obtained":["Doubt"]},{"damage_healed":0,"gold_gain":0,"player_choice":"Success","damage_taken":25,"relics_obtained":["PreservedInsect"],"max_hp_gain":0,"max_hp_loss":0,"event_name":"Scrap Ooze","floor":3,"gold_loss":0},{"damage_healed":0,"gold_gain":0,"player_choice":"Donut","damage_taken":0,"max_hp_gain":5,"max_hp_loss":0,"event_name":"Big Fish","floor":13,"gold_loss":0},{"damage_healed":0,"gold_gain":0,"player_choice":"Ignored","damage_taken":0,"max_hp_gain":0,"max_hp_loss":0,"event_name":"Ghosts","floor":24,"gold_loss":0},{"damage_healed":0,"gold_gain":0,"player_choice":"Read","damage_taken":0,"max_hp_gain":0,"max_hp_loss":0,"event_name":"The Library","floor":27,"gold_loss":0,"cards_obtained":["Tempest"]}],"is_beta":false,"boss_relics":[{"not_picked":["Orrery","Ectoplasm"],"picked":"Philosopher\u0027s Stone"}],"items_purged_floors":[4],"is_endless":false,"potions_floor_spawned":[7,11,16,19,22,25,30],"killed_by":"Automaton","ascension_level":11}