{"gold_per_floor":[117,42,52,28,47,47,47,47,47,47,59,79,98,98,98,202,202,214,16,16,16,32,32,32,32,32,49,49,60,60,60,60,60],"floor_reached":33,"playtime":1245,"items_purged":["Strike_G","A Thousand Cuts"],"score":235,"play_id":"09e61c85-df4a-4e65-804a-0e2d37d1cedb","local_time":"20190306125247","is_ascension_mode":false,"campfire_choices":[{"data":"Noxious Fumes","floor":6,"key":"SMITH"},{"data":"Neutralize","floor":8,"key":"SMITH"},{"data":"Dagger Spray","floor":10,"key":"SMITH"},{"data":"Survivor","floor":15,"key":"SMITH"},{"data":"Prepared","floor":23,"key":"SMITH"},{"data":"Good Instincts","floor":25,"key":"SMITH"},{"data":"Cloak And Dagger","floor":28,"key":"SMITH"},{"data":"Slice","floor":32,"key":"SMITH"}],"neow_cost":"NONE","seed_source_timestamp":82139398239860,"circlet_count":0,"master_deck":["Defend_G","Defend_G","Defend_G","Defend_G","Defend_G","Strike_G","Strike_G","Strike_G","Survivor+1","Neutralize+1","Prepared+1","Cloak And Dagger+1","Dagger Spray+1","Noxious Fumes+1","Bouncing Flask+1","Good Instincts+1","Deadly Poison+1","Accuracy+1","Slice+1"],"relics":["Ring of the Snake","NeowsBlessing","FaceOfCleric","Sundial","Sozu","Paper Crane"],"potions_floor_usage":[33,33],"damage_taken":[{"damage":0,"enemies":"Cultist","floor":1,"turns":1},{"damage":0,"enemies":"Jaw Worm","floor":3,"turns":1},{"damage":0,"enemies":"2 Louse","floor":5,"turns":1},{"damage":11,"enemies":"Exordium Thugs","floor":11,"turns":3},{"damage":0,"enemies":"Gremlin Gang","floor":12,"turns":3},{"damage":2,"enemies":"Exordium Wildlife","floor":13,"turns":3},{"damage":25,"enemies":"The Guardian","floor":16,"turns":13},{"damage":8,"enemies":"Spheric Guardian","floor":18,"turns":6},{"damage":0,"enemies":"Chosen","floor":22,"turns":4},{"damage":12,"enemies":"3 Cultists","floor":27,"turns":4},{"damage":10,"enemies":"Sentry and Sphere","floor":29,"turns":4},{"damage":54,"enemies":"Automaton","floor":33,"turns":6}],"seed_played":"7309372558401643708","potions_obtained":[{"floor":5,"key":"Fire Potion"},{"floor":11,"key":"AttackPotion"},{"floor":12,"key":"PowerPotion"}],"is_trial":false,"path_per_floor":["M","$","M","$","M","R","?","R","T","R","M","M","M","?","R","B",null,"M","$","?","$","M","R","$","R","T","M","R","M","?","?","R","B"],"character_chosen":"THE_SILENT","items_purchased":["Dagger Spray","Good Instincts"],"campfire_rested":0,"item_purchase_floors":[4,19],"current_hp_per_floor":[70,70,70,70,70,70,70,70,70,70,60,61,60,53,53,29,74,67,67,67,67,68,68,68,68,68,57,57,48,48,48,48,0],"gold":60,"neow_bonus":"THREE_ENEMY_KILL","is_prod":false,"is_daily":false,"chose_seed":false,"campfire_upgraded":8,"win_rate":0.0,"timestamp":1551873167,"path_taken":["M","$","M","$","M","R","?","R","T","R","M","M","?","?","R","BOSS","M","$","?","$","M","R","?","R","T","M","R","?","?","?","R","BOSS"],"build_version":"2019-01-23","purchased_purges":2,"victory":false,"max_hp_per_floor":[70,70,70,70,70,70,70,70,70,70,71,72,73,73,73,74,74,75,75,75,75,76,76,76,76,76,77,77,78,78,78,78,78],"card_choices":[{"not_picked":["Bane","Flying Knee"],"picked":"Prepared","floor":1},{"not_picked":["Acrobatics","Flying Knee"],"picked":"Cloak And Dagger","floor":3},{"not_picked":["Reflex","Dagger Throw"],"picked":"Noxious Fumes","floor":5},{"not_picked":["Heel Hook","Dodge and Roll","Flying Knee"],"picked":"SKIP","floor":11},{"not_picked":["Caltrops","Bane","Venomology"],"picked":"SKIP","floor":12},{"not_picked":["Dodge and Roll","Poisoned Stab","Quick Slash"],"picked":"SKIP","floor":13},{"not_picked":["Doppelganger","Burst"],"picked":"A Thousand Cuts","floor":16},{"not_picked":["Slice+1","Choke+1"],"picked":"Bouncing Flask+1","floor":18},{"not_picked":["Terror","Distraction"],"picked":"Deadly Poison+1","floor":22},{"not_picked":["Infinite Blades","Masterful Stab+1"],"picked":"Accuracy+1","floor":27},{"not_picked":["Sucker Punch","Deadly Poison"],"picked":"Slice","floor":29}],"player_experience":75733,"relics_obtained":[{"floor":9,"key":"Sundial"},{"floor":26,"key":"Paper Crane"}],"event_choices":[{"damage_healed":0,"gold_gain":0,"player_choice":"Trade","damage_taken":0,"relics_obtained":["FaceOfCleric"],"max_hp_gain":0,"max_hp_loss":0,"event_name":"FaceTrader","floor":7,"gold_loss":0},{"cards_removed":["Strike_G"],"damage_healed":0,"gold_gain":0,"player_choice":"Card Removal","damage_taken":7,"max_hp_gain":0,"max_hp_loss":0,"event_name":"Golden Wing","floor":14,"gold_loss":0},{"damage_healed":0,"gold_gain":0,"player_choice":"Ignored","damage_taken":0,"max_hp_gain":0,"max_hp_loss":0,"event_name":"Vampires","floor":20,"gold_loss":0},{"damage_healed":0,"gold_gain":0,"player_choice":"Ignored","damage_taken":0,"max_hp_gain":0,"max_hp_loss":0,"event_name":"Ghosts","floor":30,"gold_loss":0},{"damage_healed":0,"gold_gain":0,"player_choice":"Bought 0 Potions","damage_taken":0,"max_hp_gain":0,"max_hp_loss":0,"event_name":"The Woman in Blue","floor":31,"gold_loss":0}],"is_beta":false,"boss_relics":[{"not_picked":["Astrolabe","Snecko Eye"],"picked":"Sozu"}],"items_purged_floors":[2,19],"is_endless":false,"potions_floor_spawned":[5,11,12,18,27],"killed_by":"Automaton","ascension_level":0}