{"gold_per_floor":[111,111,23,35,45,77,77,77,77,77,77,92,51,51,51,150,150,168,168,206,206,206],"floor_reached":22,"playtime":1070,"items_purged":[],"score":342,"play_id":"72bc3177-e712-45c5-b118-44158deb4a2e","local_time":"20190307235557","is_ascension_mode":true,"campfire_choices":[{"data":"Footwork","floor":7,"key":"SMITH"},{"data":"Flechettes","floor":10,"key":"SMITH"},{"data":"Noxious Fumes","floor":15,"key":"SMITH"}],"neow_cost":"NONE","seed_source_timestamp":108908314346657,"circlet_count":0,"master_deck":["AscendersBane","Defend_G","Defend_G","Defend_G","Defend_G","Defend_G","Strike_G","Strike_G","Strike_G","Strike_G","Survivor","Neutralize","Deadly Poison","Footwork+1","Flechettes+1","Crippling Poison","Dodge and Roll","Noxious Fumes+1","Glass Knife","Noxious Fumes"],"special_seed":0,"relics":["Ring of the Snake","NeowsBlessing","Ninja Scroll","Lantern","Golden Idol","Sozu","Red Mask"],"potions_floor_usage":[6,16,16,21],"damage_taken":[{"damage":0.0,"enemies":"Jaw Worm","floor":1.0,"turns":1.0},{"damage":0.0,"enemies":"Cultist","floor":4.0,"turns":1.0},{"damage":0.0,"enemies":"2 Louse","floor":5.0,"turns":1.0},{"damage":18,"enemies":"Lagavulin","floor":6,"turns":8},{"damage":0,"enemies":"Blue Slaver","floor":12,"turns":2},{"damage":34,"enemies":"Slime Boss","floor":16,"turns":11},{"damage":7,"enemies":"Spheric Guardian","floor":18,"turns":5},{"damage":33,"enemies":"Masked Bandits","floor":20,"turns":4},{"damage":6,"enemies":"Colosseum Slavers","floor":21,"turns":4},{"damage":10,"enemies":"Chosen","floor":22,"turns":3}],"seed_played":"-4204859227715904976","potions_obtained":[{"floor":2.0,"key":"LiquidBronze"},{"floor":2.0,"key":"Fruit Juice"},{"floor":4.0,"key":"GhostInAJar"},{"floor":6,"key":"Energy Potion"},{"floor":16,"key":"SteroidPotion"}],"is_trial":false,"path_per_floor":["M","?","$","M","M","E","R","?","T","R","?","M","$","?","R","B",null,"M","?","?","?","M"],"character_chosen":"THE_SILENT","items_purchased":["Footwork","Noxious Fumes"],"campfire_rested":0,"item_purchase_floors":[3,13],"current_hp_per_floor":[59,64,64,64,64,46,46,39,39,39,39,39,39,39,39,5,49,42,42,9,3,0],"gold":206,"neow_bonus":"THREE_ENEMY_KILL","is_prod":false,"is_daily":false,"chose_seed":false,"campfire_upgraded":3,"win_rate":0,"timestamp":1551999357,"path_taken":["M","?","$","?","M","E","R","?","T","R","?","M","$","?","R","BOSS","M","?","?","?","?"],"build_version":"2019-01-23","purchased_purges":0,"victory":false,"max_hp_per_floor":[66,71,71,71,71,71,71,71,71,71,64,64,64,64,64,64,64,64,64,64,64,64],"card_choices":[{"not_picked":["Prepared","Acrobatics"],"picked":"Deadly Poison","floor":1.0},{"not_picked":["Infinite Blades","Sucker Punch"],"picked":"Flechettes","floor":4.0},{"not_picked":["Concentrate","PiercingWail"],"picked":"Crippling Poison","floor":5.0},{"not_picked":["Skewer","Escape Plan"],"picked":"Dodge and Roll","floor":6},{"not_picked":["Deflect","Venomology","Expertise"],"picked":"SKIP","floor":12},{"not_picked":["Storm of Steel","Phantasmal Killer"],"picked":"Glass Knife","floor":16},{"not_picked":["Accuracy","Reflex","Flying Knee"],"picked":"SKIP","floor":18},{"not_picked":["Underhanded Strike","Deflect"],"picked":"Noxious Fumes","floor":20}],"player_experience":927594,"relics_obtained":[{"floor":6,"key":"Ninja Scroll"},{"floor":9,"key":"Lantern"},{"floor":20,"key":"Red Mask"}],"event_choices":[{"damage_healed":0.0,"max_hp_gain":0.0,"max_hp_loss":0.0,"gold_gain":0.0,"event_name":"Lab","player_choice":"Got Potions","floor":2.0,"gold_loss":0.0,"damage_taken":0.0},{"cards_removed":["Strike_G"],"damage_healed":0,"gold_gain":0,"player_choice":"Card Removal","damage_taken":7,"max_hp_gain":0,"max_hp_loss":0,"event_name":"Golden Wing","floor":8,"gold_loss":0},{"damage_healed":0,"gold_gain":0,"player_choice":"Lose Max HP","damage_taken":0,"relics_obtained":["Golden Idol"],"max_hp_gain":0,"max_hp_loss":7,"event_name":"Golden Idol","floor":11,"gold_loss":0},{"damage_healed":0,"gold_gain":0,"player_choice":"Ignored","damage_taken":0,"max_hp_gain":0,"max_hp_loss":0,"event_name":"Liars Game","floor":14,"gold_loss":0},{"damage_healed":0,"gold_gain":0,"player_choice":"Ignored","damage_taken":0,"max_hp_gain":0,"max_hp_loss":0,"event_name":"The Mausoleum","floor":19,"gold_loss":0},{"damage_healed":0,"gold_gain":0,"player_choice":"Fought Bandits","damage_taken":0,"max_hp_gain":0,"max_hp_loss":0,"event_name":"Masked Bandits","floor":20,"gold_loss":0},{"damage_healed":0,"gold_gain":0,"player_choice":"Fight","damage_taken":0,"max_hp_gain":0,"max_hp_loss":0,"event_name":"Colosseum","floor":21,"gold_loss":0},{"damage_healed":0,"gold_gain":0,"player_choice":"Fled From Nobs","damage_taken":0,"max_hp_gain":0,"max_hp_loss":0,"event_name":"Colosseum","floor":21,"gold_loss":0}],"is_beta":false,"boss_relics":[{"not_picked":["HoveringKite","Tiny House"],"picked":"Sozu"}],"items_purged_floors":[],"is_endless":false,"potions_floor_spawned":[4,6,16,18,20],"killed_by":"Chosen","ascension_level":18}