{"gold_per_floor":[118,118,131,149,161,161,7,7,7,7,7,82,82,94,94,192,192,209,229,229,241,25,25,25,25,25,25,25,38,38,53,53,53],"floor_reached":33,"playtime":1018,"items_purged":["Strike_R"],"score":259,"play_id":"514c3eec-d32f-4cf0-a206-9b22f59c46c0","local_time":"20190304001151","is_ascension_mode":true,"campfire_choices":[{"data":"Body Slam","floor":6,"key":"SMITH"},{"data":"Shrug It Off","floor":8,"key":"SMITH"},{"data":"Bludgeon","floor":10,"key":"SMITH"},{"data":"Bash","floor":13,"key":"SMITH"},{"data":"Body Slam","floor":15,"key":"SMITH"},{"data":"True Grit","floor":23,"key":"SMITH"},{"data":"Defend_R","floor":27,"key":"SMITH"},{"data":"Defend_R","floor":30,"key":"SMITH"},{"data":"Reaper","floor":32,"key":"SMITH"}],"neow_cost":"NONE","seed_source_timestamp":243765071550720,"circlet_count":0,"master_deck":["Strike_R+1","Defend_R+1","Defend_R+1","Defend_R+1","Defend_R+1","Bash+1","Bludgeon+1","Body Slam+1","Shrug It Off+1","Ghostly Armor+1","Body Slam+1","Carnage+1","Burning Pact+1","Double Tap+1","Disarm+1","True Grit+1","Reaper+1","Armaments"],"relics":["Burning Blood","Happy Flower","War Paint","Kunai","Astrolabe","Self Forming Clay","Dodecahedron"],"potions_floor_usage":[16,33],"damage_taken":[{"damage":7,"enemies":"Jaw Worm","floor":1,"turns":3},{"damage":6,"enemies":"Cultist","floor":3,"turns":3},{"damage":0,"enemies":"2 Louse","floor":4,"turns":4},{"damage":14,"enemies":"Large Slime","floor":5,"turns":5},{"damage":3,"enemies":"Exordium Wildlife","floor":14,"turns":4},{"damage":27,"enemies":"Hexaghost","floor":16,"turns":8},{"damage":22,"enemies":"2 Thieves","floor":18,"turns":3},{"damage":16,"enemies":"Spheric Guardian","floor":19,"turns":4},{"damage":3,"enemies":"Snecko","floor":21,"turns":4},{"damage":7,"enemies":"Cultist and Chosen","floor":29,"turns":6},{"damage":4,"enemies":"3 Cultists","floor":31,"turns":6},{"damage":69,"enemies":"Collector","floor":33,"turns":6}],"seed_played":"-4760377915385450678","potions_obtained":[{"floor":1,"key":"SkillPotion"},{"floor":5,"key":"LiquidBronze"},{"floor":19,"key":"Explosive Potion"}],"is_trial":false,"path_per_floor":["M","?","M","M","M","R","$","R","T","R","?","?","R","M","R","B",null,"M","M","?","M","$","R","?","$","T","R","T","M","R","M","R","B"],"character_chosen":"IRONCLAD","items_purchased":["War Paint","Reaper"],"campfire_rested":0,"item_purchase_floors":[7,22],"current_hp_per_floor":[79,79,79,80,72,72,72,72,72,72,56,45,45,48,48,27,80,64,54,39,42,42,42,42,42,42,42,42,41,41,55,55,0],"gold":53,"neow_bonus":"ONE_RANDOM_RARE_CARD","is_prod":false,"is_daily":false,"chose_seed":false,"campfire_upgraded":9,"win_rate":0,"timestamp":1551676311,"path_taken":["M","?","?","M","M","R","$","R","T","R","?","?","R","M","R","BOSS","M","M","?","M","$","R","?","?","T","R","?","M","R","M","R","BOSS"],"build_version":"2019-01-23","purchased_purges":1,"victory":false,"max_hp_per_floor":[80,80,80,80,80,80,80,80,80,80,80,80,80,80,80,80,80,80,80,85,85,85,85,85,85,85,85,85,85,85,85,85,85],"card_choices":[{"not_picked":["Burning Pact","Headbutt"],"picked":"Body Slam","floor":1},{"not_picked":["Intimidate","Body Slam"],"picked":"Shrug It Off","floor":3},{"not_picked":["Pummel","Wild Strike","Warcry"],"picked":"SKIP","floor":4},{"not_picked":["Heavy Blade","Warcry"],"picked":"Ghostly Armor","floor":5},{"not_picked":["Exhume","Headbutt"],"picked":"Body Slam","floor":14},{"not_picked":["Shrug It Off","Anger"],"picked":"Disarm+1","floor":18},{"not_picked":["Reckless Charge","Perfected Strike"],"picked":"True Grit","floor":19},{"not_picked":["Sever Soul+1","Power Through","True Grit"],"picked":"SKIP","floor":21},{"not_picked":["Heavy Blade","Warcry","Sever Soul"],"picked":"SKIP","floor":29},{"not_picked":["Infernal Blade+1","Ghostly Armor"],"picked":"Armaments","floor":31}],"player_experience":1135038,"relics_obtained":[{"floor":9,"key":"Kunai"},{"floor":26,"key":"Self Forming Clay"},{"floor":28,"key":"Dodecahedron"}],"event_choices":[{"damage_healed":0,"gold_gain":0,"player_choice":"Gave Potion","damage_taken":0,"relics_obtained":["Happy Flower"],"max_hp_gain":0,"max_hp_loss":0,"event_name":"WeMeetAgain","floor":2,"gold_loss":0},{"damage_healed":0,"gold_gain":0,"player_choice":"Entered Light","damage_taken":16,"max_hp_gain":0,"max_hp_loss":0,"event_name":"Shining Light","floor":11,"gold_loss":0,"cards_upgraded":["Strike_R","Ghostly Armor"]},{"damage_healed":0,"gold_gain":75,"player_choice":"Gather Gold","damage_taken":11,"max_hp_gain":0,"max_hp_loss":0,"event_name":"World of Goop","floor":12,"gold_loss":0},{"damage_healed":0,"gold_gain":0,"player_choice":"Shed Blood","damage_taken":20,"max_hp_gain":5,"max_hp_loss":0,"event_name":"Forgotten Altar","floor":20,"gold_loss":0},{"damage_healed":0,"gold_gain":0,"player_choice":"Ignored","damage_taken":0,"max_hp_gain":0,"max_hp_loss":0,"event_name":"Beggar","floor":24,"gold_loss":0}],"is_beta":false,"boss_relics":[{"not_picked":["Black Star","Runic Pyramid"],"picked":"Astrolabe"}],"items_purged_floors":[22],"is_endless":false,"potions_floor_spawned":[1,5,19],"killed_by":"Collector","ascension_level":2}