{"gold_per_floor":[111,286,54,54,14,41,52,66,138,138,169,187,201,221,221,326,326,337,356,356,376,376],"floor_reached":22,"playtime":3685,"items_purged":["Doubt"],"score":234,"play_id":"b2324653-343e-4d8c-8711-083bdb0880a6","local_time":"20190301225806","is_ascension_mode":true,"campfire_choices":[{"data":"Echo Form","floor":15,"key":"SMITH"}],"neow_cost":"NONE","seed_source_timestamp":1974629671880,"circlet_count":0,"master_deck":["Strike_B","Strike_B","Strike_B","Strike_B","Defend_B","Defend_B","Defend_B","Defend_B","Zap","Dualcast","Cold Snap","Loop","Cold Snap","Conserve Battery","Creative AI","Stack","Coolheaded","Go for the Eyes","Echo Form+1","Barrage","Sunder","Defragment","Seek","Consume","Stack","Cold Snap","Writhe","Capacitor"],"relics":["Cracked Core","NeowsBlessing","DataDisk","Pen Nib","StoneCalendar","Bottled Lightning","Prayer Wheel","Sozu","Du-Vu Doll"],"potions_floor_usage":[16,16,22],"damage_taken":[{"damage":0,"enemies":"Cultist","floor":1,"turns":1},{"damage":0,"enemies":"Lagavulin","floor":6,"turns":1},{"damage":0,"enemies":"2 Louse","floor":7,"turns":1},{"damage":6,"enemies":"Jaw Worm","floor":8,"turns":3},{"damage":6,"enemies":"Gremlin Nob","floor":11,"turns":5},{"damage":0,"enemies":"Blue Slaver","floor":12,"turns":4},{"damage":13,"enemies":"Large Slime","floor":13,"turns":7},{"damage":11,"enemies":"Looter","floor":14,"turns":3},{"damage":20,"enemies":"Slime Boss","floor":16,"turns":7},{"damage":19,"enemies":"2 Thieves","floor":18,"turns":5},{"damage":8,"enemies":"Shell Parasite","floor":19,"turns":6},{"damage":14,"enemies":"Centurion and Healer","floor":21,"turns":7},{"damage":28,"enemies":"Colosseum Slavers","floor":22,"turns":6},{"damage":11,"enemies":"Colosseum Nobs","floor":22,"turns":2}],"seed_played":"-270123289286775253","potions_obtained":[{"floor":8,"key":"EssenceOfSteel"},{"floor":12,"key":"Poison Potion"},{"floor":13,"key":"LiquidBronze"},{"floor":14,"key":"AttackPotion"}],"is_trial":false,"path_per_floor":["M","?","$","?","$","E","M","M","T","?","E","M","M","M","R","B",null,"M","M","?","M","?"],"character_chosen":"DEFECT","items_purchased":["DataDisk","Loop"],"campfire_rested":0,"item_purchase_floors":[3,5],"current_hp_per_floor":[75,75,75,72,72,72,72,66,66,71,65,65,52,41,41,21,80,61,53,53,39,0],"gold":376,"neow_bonus":"THREE_ENEMY_KILL","is_prod":false,"is_daily":false,"chose_seed":false,"campfire_upgraded":1,"win_rate":0,"timestamp":1551502686,"path_taken":["M","?","$","?","$","E","M","M","T","?","E","M","M","M","R","BOSS","M","M","?","M","?"],"build_version":"2019-01-23","purchased_purges":1,"victory":false,"max_hp_per_floor":[75,75,75,75,75,75,75,75,75,80,80,80,80,80,80,80,80,80,80,80,80,80],"card_choices":[{"not_picked":["Sweeping Beam","Coolheaded"],"picked":"Cold Snap","floor":1},{"not_picked":["Turbo","Beam Cell"],"picked":"Cold Snap","floor":6},{"not_picked":["Beam Cell","Static Discharge"],"picked":"Conserve Battery","floor":7},{"not_picked":["Streamline","Compile Driver"],"picked":"Creative AI","floor":8},{"not_picked":["Reprogram","Steam"],"picked":"Stack","floor":11},{"not_picked":["Go for the Eyes","Heatsinks"],"picked":"Coolheaded","floor":12},{"not_picked":["Compile Driver","Barrage"],"picked":"Go for the Eyes","floor":12},{"not_picked":["Turbo","Streamline"],"picked":"Echo Form","floor":13},{"not_picked":["Hello World","Gash"],"picked":"Barrage","floor":13},{"not_picked":["Scrape","Beam Cell"],"picked":"Sunder","floor":14},{"not_picked":["Compile Driver","Storm"],"picked":"Defragment","floor":14},{"not_picked":["Multi-Cast","Biased Cognition"],"picked":"Seek","floor":16},{"not_picked":["Cold Snap","Sweeping Beam"],"picked":"Consume","floor":18},{"not_picked":["Barrage","Gash"],"picked":"Stack","floor":18},{"not_picked":["Melter","Stack"],"picked":"Cold Snap","floor":19},{"not_picked":["Compile Driver","Steam","Stack+1"],"picked":"SKIP","floor":19},{"not_picked":["Steam","Barrage"],"picked":"Capacitor","floor":21},{"not_picked":["Streamline","Chaos","Steam"],"picked":"SKIP","floor":21}],"player_experience":135238,"relics_obtained":[{"floor":6,"key":"StoneCalendar"},{"floor":9,"key":"Bottled Lightning"},{"floor":11,"key":"Prayer Wheel"}],"event_choices":[{"damage_healed":0,"gold_gain":175,"player_choice":"AGREE","damage_taken":0,"max_hp_gain":0,"max_hp_loss":0,"event_name":"Liars Game","floor":2,"gold_loss":0,"cards_obtained":["Doubt"]},{"damage_healed":0,"gold_gain":0,"player_choice":"Success","damage_taken":3,"relics_obtained":["Pen Nib"],"max_hp_gain":0,"max_hp_loss":0,"event_name":"Scrap Ooze","floor":4,"gold_loss":0},{"damage_healed":0,"gold_gain":0,"player_choice":"Donut","damage_taken":0,"max_hp_gain":5,"max_hp_loss":0,"event_name":"Big Fish","floor":10,"gold_loss":0},{"damage_healed":0,"gold_gain":0,"player_choice":"Opened","damage_taken":0,"relics_obtained":["Du-Vu Doll"],"max_hp_gain":0,"max_hp_loss":0,"event_name":"The Mausoleum","floor":20,"gold_loss":0,"cards_obtained":["Writhe"]},{"damage_healed":0,"gold_gain":0,"player_choice":"Fight","damage_taken":0,"max_hp_gain":0,"max_hp_loss":0,"event_name":"Colosseum","floor":22,"gold_loss":0},{"damage_healed":0,"gold_gain":0,"player_choice":"Fought Nobs","damage_taken":0,"max_hp_gain":0,"max_hp_loss":0,"event_name":"Colosseum","floor":22,"gold_loss":0}],"is_beta":false,"boss_relics":[{"not_picked":["Ectoplasm","Runic Pyramid"],"picked":"Sozu"}],"items_purged_floors":[3],"is_endless":false,"potions_floor_spawned":[8,12,13,14,19,22],"killed_by":"Colosseum Nobs","ascension_level":1}