{"gold_per_floor":[117,117,132,143,154,154,154,177,223,45,45,63,102,117,117,241,241,266,266,252,271,139,139,172,172,172,172,172,196,216,232,232,357,357,382,332,1331,1351,1371,1371,1246,1246,1246,1265,249,265,284,307,307,307],"floor_reached":51,"playtime":2782,"items_purged":["Shame","Injury","Normality"],"score":825,"play_id":"5aa16936-936c-4ef3-a477-e8a31c3d144f","local_time":"20190227221814","is_ascension_mode":true,"campfire_choices":[{"data":"Deadly Poison","floor":6,"key":"SMITH"},{"data":"Apotheosis","floor":11,"key":"SMITH"},{"floor":15,"key":"REST"},{"floor":23,"key":"REST"},{"floor":25,"key":"REST"},{"data":"Malaise","floor":28,"key":"SMITH"},{"floor":32,"key":"REST"},{"floor":40,"key":"REST"},{"data":"Calculated Gamble","floor":42,"key":"SMITH"},{"floor":49,"key":"REST"}],"neow_cost":"NONE","seed_source_timestamp":653230626725445,"circlet_count":0,"master_deck":["Defend_G+1","Defend_G","Defend_G","Defend_G","Defend_G","Strike_G","Strike_G","Strike_G","Strike_G","Strike_G","Survivor","Neutralize","Terror","Leg Sweep","PiercingWail","Deadly Poison+1","Bouncing Flask","Apotheosis+1","Noxious Fumes","Malaise","Deflect","Backflip+1","Sucker Punch+1","Blur","Dodge and Roll","Flash of Steel","Malaise+1","Dodge and Roll+1","Calculated Gamble","Calculated Gamble+1","Backflip","Normality","Backflip","Deflect","Footwork","Heel Hook+1","Parasite","Distraction+1","Distraction+1"],"relics":["Ring of the Snake","Smiling Mask","Golden Idol","Potion Belt","Ornamental Fan","Orrery","Ancient Tea Set","War Paint","Letter Opener","Eternal Feather","Art of War","Blue Candle","Toolbox","Bird Faced Urn","Whetstone"],"potions_floor_usage":[13,18,21,21,33,33,38,38,47,50,50,50,50,50],"damage_taken":[{"damage":4,"enemies":"Small Slimes","floor":1,"turns":4},{"damage":0,"enemies":"2 Louse","floor":3,"turns":3},{"damage":0,"enemies":"Jaw Worm","floor":4,"turns":4},{"damage":1,"enemies":"Exordium Wildlife","floor":5,"turns":8},{"damage":5,"enemies":"Red Slaver","floor":8,"turns":4},{"damage":6,"enemies":"3 Louse","floor":12,"turns":4},{"damage":18,"enemies":"Gremlin Nob","floor":13,"turns":4},{"damage":4,"enemies":"Blue Slaver","floor":14,"turns":4},{"damage":2,"enemies":"Hexaghost","floor":16,"turns":7},{"damage":14,"enemies":"3 Byrds","floor":18,"turns":6},{"damage":20,"enemies":"2 Thieves","floor":20,"turns":4},{"damage":17,"enemies":"Chosen and Byrds","floor":21,"turns":9},{"damage":9,"enemies":"Book of Stabbing","floor":24,"turns":7},{"damage":14,"enemies":"Snake Plant","floor":29,"turns":5},{"damage":11,"enemies":"Centurion and Healer","floor":30,"turns":8},{"damage":5,"enemies":"Snecko","floor":31,"turns":10},{"damage":43,"enemies":"Automaton","floor":33,"turns":14},{"damage":9,"enemies":"Orb Walker","floor":35,"turns":7},{"damage":30,"enemies":"3 Darklings","floor":38,"turns":8},{"damage":29,"enemies":"4 Shapes","floor":39,"turns":6},{"damage":0,"enemies":"Sphere and 2 Shapes","floor":44,"turns":4},{"damage":28,"enemies":"Writhing Mass","floor":46,"turns":10},{"damage":7,"enemies":"4 Shapes","floor":47,"turns":9},{"damage":34,"enemies":"Spire Growth","floor":48,"turns":7},{"damage":27,"enemies":"Awakened One","floor":50,"turns":20}],"seed_played":"4480963940193020211","potions_obtained":[{"floor":1,"key":"Fire Potion"},{"floor":3,"key":"Dexterity Potion"},{"floor":5,"key":"PowerPotion"},{"floor":20,"key":"Energy Potion"},{"floor":29,"key":"SkillPotion"},{"floor":31,"key":"Dexterity Potion"},{"floor":33,"key":"GamblersBrew"},{"floor":35,"key":"SkillPotion"},{"floor":38,"key":"Energy Potion"},{"floor":39,"key":"Poison Potion"},{"floor":48,"key":"PowerPotion"}],"is_trial":false,"path_per_floor":["M","?","M","M","M","R","?","M","T","$","R","M","E","M","R","B",null,"M","?","M","M","$","R","E","R","T","?","R","M","M","M","R","B",null,"M","$","?","M","M","R","?","R","T","M","$","M","M","M","R","B",null],"character_chosen":"THE_SILENT","items_purchased":["Apotheosis","Flash of Steel","Footwork","SkillPotion","Weak Potion","Heel Hook","Toolbox","Bird Faced Urn","Strength Potion","Whetstone"],"campfire_rested":6,"item_purchase_floors":[10,22,45,45,45,45,45,45,45,45],"current_hp_per_floor":[66,66,66,66,65,65,65,60,60,60,60,54,36,32,53,51,70,56,56,36,19,19,40,31,52,52,70,70,56,45,40,61,18,70,61,61,61,31,2,44,44,65,65,65,65,42,35,5,47,26],"gold":307,"neow_bonus":"RANDOM_COMMON_RELIC","is_prod":false,"is_daily":false,"chose_seed":false,"campfire_upgraded":4,"win_rate":0,"timestamp":1551341894,"path_taken":["M","?","M","M","M","R","?","M","T","$","R","M","E","M","R","BOSS","M","?","M","M","$","R","E","R","T","?","R","?","M","M","R","BOSS","M","$","?","M","M","R","?","R","T","M","$","M","?","M","R","BOSS"],"build_version":"2019-01-23","purchased_purges":3,"victory":true,"max_hp_per_floor":[70,70,70,70,70,70,70,70,70,70,70,70,70,70,70,70,70,70,70,70,70,70,70,70,70,70,70,70,70,70,70,70,70,70,70,70,70,70,70,70,70,70,70,70,70,70,70,70,70,70],"card_choices":[{"not_picked":["Flying Knee","Escape Plan"],"picked":"Terror","floor":1},{"not_picked":["Dagger Throw","Dagger Spray"],"picked":"Leg Sweep","floor":3},{"not_picked":["Dagger Spray","Underhanded Strike"],"picked":"PiercingWail","floor":4},{"not_picked":["Dagger Spray","Deflect"],"picked":"Deadly Poison","floor":5},{"not_picked":["Endless Agony","PiercingWail"],"picked":"Bouncing Flask","floor":8},{"not_picked":["Blade Dance","Finisher"],"picked":"Noxious Fumes","floor":12},{"not_picked":["Outmaneuver","Prepared","Concentrate"],"picked":"SKIP","floor":13},{"not_picked":["Deadly Poison","Caltrops","Bouncing Flask"],"picked":"SKIP","floor":14},{"not_picked":["A Thousand Cuts","Venomology"],"picked":"Malaise","floor":16},{"not_picked":["Slice","Eviscerate"],"picked":"Deflect","floor":17},{"not_picked":["Eviscerate","Dagger Throw"],"picked":"Backflip","floor":17},{"not_picked":["Quick Slash","Slice"],"picked":"Sucker Punch","floor":17},{"not_picked":["Setup","Deadly Poison"],"picked":"Blur","floor":17},{"not_picked":["Bane","Flying Knee"],"picked":"Dodge and Roll","floor":18},{"not_picked":["Dodge and Roll","Poisoned Stab","Flechettes"],"picked":"SKIP","floor":20},{"not_picked":["Masterful Stab","Eviscerate","Terror"],"picked":"SKIP","floor":21},{"not_picked":["Quick Slash","Concentrate"],"picked":"Malaise","floor":24},{"not_picked":["Slice","Dagger Throw"],"picked":"Dodge and Roll+1","floor":29},{"not_picked":["Expertise+1","Riddle With Holes"],"picked":"Calculated Gamble","floor":30},{"not_picked":["Cloak And Dagger","Heel Hook"],"picked":"Calculated Gamble","floor":31},{"not_picked":["Eviscerate+1","Poisoned Stab+1"],"picked":"Backflip","floor":35},{"not_picked":["Quick Slash","Blade Dance"],"picked":"Backflip","floor":38},{"not_picked":["Acrobatics+1","Accuracy"],"picked":"Deflect","floor":39},{"not_picked":["Poisoned Stab+1","Dagger Throw+1","Prepared+1"],"picked":"SKIP","floor":44},{"not_picked":["Poisoned Stab","Blade Dance","Bane"],"picked":"SKIP","floor":46},{"not_picked":["Tactician+1","Dodge and Roll+1"],"picked":"Distraction+1","floor":47},{"not_picked":["Bouncing Flask+1","Doppelganger"],"picked":"Distraction+1","floor":48}],"player_experience":474335,"relics_obtained":[{"floor":9,"key":"Potion Belt"},{"floor":13,"key":"Ornamental Fan"},{"floor":24,"key":"War Paint"},{"floor":26,"key":"Letter Opener"},{"floor":43,"key":"Blue Candle"}],"event_choices":[{"damage_healed":0,"gold_gain":0,"player_choice":"Ignored","damage_taken":0,"max_hp_gain":0,"max_hp_loss":0,"event_name":"Golden Wing","floor":2,"gold_loss":0},{"damage_healed":0,"gold_gain":0,"player_choice":"Take Wound","damage_taken":0,"relics_obtained":["Golden Idol"],"max_hp_gain":0,"max_hp_loss":0,"event_name":"Golden Idol","floor":7,"gold_loss":0,"cards_obtained":["Injury"]},{"damage_healed":0,"gold_gain":0,"player_choice":"Stole Relic","damage_taken":0,"relics_obtained":["Ancient Tea Set"],"max_hp_gain":0,"max_hp_loss":0,"event_name":"Addict","floor":19,"gold_loss":0,"cards_obtained":["Shame"]},{"damage_healed":18,"gold_gain":0,"player_choice":"Full Heal","damage_taken":0,"max_hp_gain":0,"max_hp_loss":0,"event_name":"Wheel of Change","floor":27,"gold_loss":0},{"damage_healed":0,"gold_gain":999,"player_choice":"Gold","damage_taken":0,"max_hp_gain":0,"max_hp_loss":0,"event_name":"MindBloom","floor":37,"gold_loss":0,"cards_obtained":["Normality","Normality"]},{"damage_healed":0,"gold_gain":0,"player_choice":"Paid Gold","damage_taken":0,"relics_obtained":["Art of War"],"max_hp_gain":0,"max_hp_loss":0,"event_name":"WeMeetAgain","floor":41,"gold_loss":125}],"is_beta":false,"boss_relics":[{"not_picked":["Runic Dome","White Beast Statue"],"picked":"Orrery"},{"not_picked":["Runic Pyramid","Sozu"],"picked":"Eternal Feather"}],"items_purged_floors":[22,36,45],"is_endless":false,"potions_floor_spawned":[1,3,5,8,20,29,31,33,35,38,39,48],"ascension_level":4}