{"gold_per_floor":[111,125,140,140,15,47,65,65,116,116,127,127,153,164,164,236,236,249,266,5,5,104,136,155,155,155,155,189,189,220,83,83,157,157,168,168,187,207,207,207,242,242,242,252,252,192,202,36,36,36,36,36,36,36],"floor_reached":54,"playtime":2202,"items_purged":["Shame"],"score":1317,"play_id":"b1666a96-460e-458e-93ef-3c3ab4a46cc1","local_time":"20190219203307","is_ascension_mode":true,"campfire_choices":[{"floor":10.0,"key":"REST"},{"floor":12.0,"key":"RECALL"},{"floor":15.0,"key":"REST"},{"floor":27.0,"key":"REST"},{"floor":29.0,"key":"REST"},{"floor":32.0,"key":"REST"},{"floor":40.0,"key":"REST"},{"floor":42.0,"key":"REST"},{"data":"Evolve","floor":45,"key":"SMITH"},{"data":"Rupture","floor":49,"key":"SMITH"},{"floor":52,"key":"REST"}],"neow_cost":"NONE","seed_source_timestamp":0,"circlet_count":0,"master_deck":["AscendersBane","Strike_R","Strike_R","Strike_R","Strike_R","Strike_R","Defend_R+1","Defend_R","Defend_R+1","Defend_R","Bash","Blind","Whirlwind","Headbutt","Anger","Burning Pact+1","Bandage Up+1","Immolate","Shockwave+1","Ghostly Armor+1","Flex+1","Infernal Blade+1","Offering+1","Heavy Blade+1","Rage+1","Flex+1","Writhe","True Grit+1","Spot Weakness+1","Sentinel+1","Jack Of All Trades+1","Evolve+1","Feed","Regret","Shrug It Off+1","Regret","Shockwave+1","Flame Barrier+1","Rupture+1"],"special_seed":0,"relics":["Burning Blood","Toxic Egg 2","Bag of Marbles","War Paint","Sozu","Regal Pillow","Meat on the Bone","Potion Belt","Mummified Hand","Paper Frog","The Courier","Magic Flower","Calling Bell","Pen Nib","Gremlin Horn","Thread and Needle","Bottled Tornado","Pantograph","Brimstone"],"potions_floor_usage":[],"damage_taken":[{"damage":2.0,"enemies":"Jaw Worm","floor":1.0,"turns":5.0},{"damage":14.0,"enemies":"2 Louse","floor":2.0,"turns":2.0},{"damage":0.0,"enemies":"Cultist","floor":3.0,"turns":3.0},{"damage":43.0,"enemies":"Gremlin Nob","floor":6.0,"turns":5.0},{"damage":10.0,"enemies":"Red Slaver","floor":7.0,"turns":3.0},{"damage":11.0,"enemies":"Exordium Wildlife","floor":11.0,"turns":3.0},{"damage":30.0,"enemies":"Lagavulin","floor":13.0,"turns":6.0},{"damage":8.0,"enemies":"Looter","floor":14.0,"turns":3.0},{"damage":0.0,"enemies":"Slime Boss","floor":16.0,"turns":6.0},{"damage":8.0,"enemies":"3 Byrds","floor":18.0,"turns":5.0},{"damage":16.0,"enemies":"2 Thieves","floor":19.0,"turns":2.0},{"damage":40.0,"enemies":"Gremlin Leader","floor":23.0,"turns":3.0},{"damage":25.0,"enemies":"Snake Plant","floor":24.0,"turns":3.0},{"damage":35.0,"enemies":"Slavers","floor":28.0,"turns":5.0},{"damage":47.0,"enemies":"Book of Stabbing","floor":30.0,"turns":7.0},{"damage":64.0,"enemies":"Automaton","floor":33.0,"turns":7.0},{"damage":30.0,"enemies":"3 Darklings","floor":35.0,"turns":3.0},{"damage":8.0,"enemies":"Orb Walker","floor":37.0,"turns":3.0},{"damage":55.0,"enemies":"Maw","floor":38.0,"turns":9.0},{"damage":61.0,"enemies":"Reptomancer","floor":41.0,"turns":8.0},{"damage":6,"enemies":"3 Darklings","floor":44,"turns":4},{"damage":19,"enemies":"Spire Growth","floor":47,"turns":5},{"damage":83,"enemies":"Time Eater","floor":50,"turns":7},{"damage":105,"enemies":"Shield and Spear","floor":54,"turns":3}],"seed_played":"-2233484043753676256","potions_obtained":[{"floor":2.0,"key":"SpeedPotion"},{"floor":7.0,"key":"Ancient Potion"},{"floor":8.0,"key":"BloodPotion"},{"floor":11.0,"key":"FearPotion"},{"floor":13.0,"key":"Dexterity Potion"}],"is_trial":false,"path_per_floor":["M","M","M","?","$","E","M","?","T","R","M","R","E","M","R","B",null,"M","M","$","?","?","E","M","T","T","R","E","R","E","$","R","B",null,"M","?","M","M","?","R","E","R","T","M","R","$","M","$","R","B",null,"R","$","E"],"character_chosen":"IRONCLAD","items_purchased":["Burning Pact+1","Bandage Up+1","Regal Pillow","Rage+1","Flex+1","Jack Of All Trades+1","Evolve","Brimstone"],"campfire_rested":8,"item_purchase_floors":[5,5,20,20,20,31,31,48],"current_hp_per_floor":[76,68,74,62,62,31,33,33,33,57,66,66,48,46,70,80,80,78,68,68,68,68,52,51,51,51,80,57,80,57,57,80,52,73,61,80,80,61,61,80,46,80,80,80,80,80,79,79,79,33,68,80,80,0],"gold":36,"neow_bonus":"RANDOM_COLORLESS","is_prod":false,"is_daily":false,"chose_seed":false,"campfire_upgraded":2,"win_rate":0,"timestamp":1550644387,"path_taken":["M","M","M","?","$","E","M","?","T","R","M","R","E","M","R","BOSS","M","?","?","?","?","E","M","?","T","R","E","R","E","?","R","BOSS","M","?","M","?","?","R","E","R","T","M","R","$","M","$","R","BOSS","R","$","E"],"build_version":"2019-01-23","purchased_purges":1,"victory":false,"max_hp_per_floor":[80,80,80,80,80,80,80,80,80,80,80,80,80,80,80,80,80,80,80,80,80,80,80,80,80,80,80,80,80,80,80,80,80,80,80,80,80,80,80,80,80,80,80,80,80,80,80,80,80,80,80,80,80,80],"card_choices":[{"not_picked":["Warcry","Anger"],"picked":"Whirlwind","floor":1.0},{"not_picked":["Havoc","Rupture"],"picked":"Headbutt","floor":2.0},{"not_picked":["Iron Wave","Perfected Strike"],"picked":"Anger","floor":3.0},{"not_picked":["Wild Strike","Clash"],"picked":"Immolate","floor":6.0},{"not_picked":["Entrench+1","Perfected Strike"],"picked":"Shockwave+1","floor":7.0},{"not_picked":["True Grit+1","Pommel Strike"],"picked":"Ghostly Armor+1","floor":11.0},{"not_picked":["Bloodletting+1","Feel No Pain"],"picked":"Flex+1","floor":13.0},{"not_picked":["Rupture","True Grit+1"],"picked":"Infernal Blade+1","floor":14.0},{"not_picked":["Exhume+1","Barricade"],"picked":"Offering+1","floor":16.0},{"not_picked":["Ghostly Armor+1","Rupture"],"picked":"Heavy Blade+1","floor":18.0},{"not_picked":["Warcry+1","Thunderclap","Metallicize"],"picked":"SKIP","floor":19.0},{"not_picked":["Anger","Iron Wave"],"picked":"Disarm+1","floor":23.0},{"not_picked":["Metallicize","Havoc+1"],"picked":"True Grit+1","floor":24.0},{"not_picked":["Intimidate+1","Rage+1"],"picked":"Spot Weakness+1","floor":28.0},{"not_picked":["True Grit+1","Battle Trance+1"],"picked":"Sentinel+1","floor":30.0},{"not_picked":["Bludgeon","Double Tap+1"],"picked":"Feed","floor":33.0},{"not_picked":["Pummel+1","Heavy Blade+1","Iron Wave+1"],"picked":"SKIP","floor":35.0},{"not_picked":["Rampage","Cleave","Heavy Blade"],"picked":"SKIP","floor":37.0},{"not_picked":["Heavy Blade","Warcry+1"],"picked":"Shrug It Off+1","floor":38.0},{"not_picked":["Cleave+1","Headbutt"],"picked":"Shockwave+1","floor":41.0},{"not_picked":["Fiend Fire","Heavy Blade"],"picked":"Flame Barrier+1","floor":44},{"not_picked":["Wild Strike","Flex+1"],"picked":"Rupture","floor":47}],"player_experience":453086,"relics_obtained":[{"floor":6.0,"key":"Bag of Marbles"},{"floor":13.0,"key":"War Paint"},{"floor":23.0,"key":"Potion Belt"},{"floor":25.0,"key":"Mummified Hand"},{"floor":26.0,"key":"Paper Frog"},{"floor":28.0,"key":"The Courier"},{"floor":30.0,"key":"Magic Flower"},{"floor":34.0,"key":"Pen Nib"},{"floor":34.0,"key":"Gremlin Horn"},{"floor":34.0,"key":"Thread and Needle"},{"floor":41.0,"key":"Bottled Tornado"},{"floor":43.0,"key":"Pantograph"}],"event_choices":[{"damage_healed":0.0,"max_hp_gain":0.0,"max_hp_loss":0.0,"gold_gain":0.0,"event_name":"Scrap Ooze","player_choice":"Success","floor":4.0,"gold_loss":0.0,"damage_taken":12.0,"relics_obtained":["Toxic Egg 2"]},{"damage_healed":0.0,"max_hp_gain":0.0,"max_hp_loss":0.0,"gold_gain":0.0,"event_name":"Lab","player_choice":"Got Potions","floor":8.0,"gold_loss":0.0,"damage_taken":0.0},{"damage_healed":0.0,"max_hp_gain":0.0,"max_hp_loss":0.0,"gold_gain":0.0,"event_name":"The Mausoleum","player_choice":"Opened","floor":21.0,"gold_loss":0.0,"damage_taken":0.0,"relics_obtained":["Meat on the Bone"],"cards_obtained":["Writhe"]},{"damage_healed":0.0,"max_hp_gain":0.0,"max_hp_loss":0.0,"gold_gain":99.0,"event_name":"Nest","player_choice":"Stole From Cult","floor":22.0,"gold_loss":0.0,"damage_taken":0.0},{"cards_removed":["Disarm"],"damage_healed":19.0,"max_hp_gain":0.0,"max_hp_loss":0.0,"gold_gain":0.0,"event_name":"Bonfire Elementals","player_choice":"Offered Uncommon","floor":36.0,"gold_loss":0.0,"damage_taken":0.0},{"damage_healed":0.0,"max_hp_gain":0.0,"max_hp_loss":0.0,"gold_gain":0.0,"cards_transformed":["Normality"],"event_name":"Transmorgrifier","player_choice":"Transformed","floor":39.0,"gold_loss":0.0,"damage_taken":0.0,"cards_obtained":["Regret"]}],"is_beta":false,"boss_relics":[{"not_picked":["Lizard Tail","Coffee Dripper"],"picked":"Sozu"},{"not_picked":["Pandora\u0027s Box","Snecko Eye"],"picked":"Calling Bell"}],"items_purged_floors":[46],"is_endless":false,"potions_floor_spawned":[2,7,11,13,24,33,35,41],"killed_by":"Shield and Spear","ascension_level":13}