{"gold_per_floor":[110,110,110,130,14,49,68,22,47,47,47,47,57,71,71,172,172,192,192],"floor_reached":19,"playtime":642,"items_purged":["Strike_R"],"score":292,"play_id":"c8f2159d-2f7f-412c-beff-84d7f3c574b1","local_time":"20190218215904","is_ascension_mode":true,"campfire_choices":[{"floor":10,"key":"REST"},{"data":"Rampage","floor":15,"key":"SMITH"}],"neow_cost":"NONE","seed_source_timestamp":481329765839453,"circlet_count":0,"master_deck":["AscendersBane","Strike_R","Defend_R","Defend_R","Defend_R","Defend_R","Bash","Rampage+1","Ghostly Armor","Shrug It Off","Double Tap","Regret","Regret","Parasite"],"relics":["Burning Blood","Art of War","Darkstone Periapt","Calling Bell","Orichalcum","Singing Bowl","Prayer Wheel"],"potions_floor_usage":[14,16,18],"damage_taken":[{"damage":6,"enemies":"Cultist","floor":1,"turns":4},{"damage":2,"enemies":"Jaw Worm","floor":4,"turns":5},{"damage":56,"enemies":"Gremlin Nob","floor":6,"turns":5},{"damage":5,"enemies":"Small Slimes","floor":7,"turns":3},{"damage":0,"enemies":"3 Louse","floor":13,"turns":6},{"damage":5,"enemies":"Looter","floor":14,"turns":4},{"damage":39,"enemies":"The Guardian","floor":16,"turns":9},{"damage":25,"enemies":"2 Thieves","floor":18,"turns":5},{"damage":82,"enemies":"Chosen","floor":19,"turns":8}],"seed_played":"-7401653734890968284","potions_obtained":[{"floor":6,"key":"SkillPotion"},{"floor":13,"key":"Poison Potion"},{"floor":16,"key":"SkillPotion"}],"is_trial":false,"path_per_floor":["M","?","?","M","$","E","M","$","T","R","?","T","M","M","R","B",null,"M","M"],"character_chosen":"IRONCLAD","items_purchased":["Ghostly Armor","Shrug It Off"],"campfire_rested":1,"item_purchase_floors":[5,8],"current_hp_per_floor":[72,72,65,69,69,19,20,20,20,44,44,44,50,51,51,18,83,68,0],"gold":192,"neow_bonus":"REMOVE_CARD","is_prod":false,"is_daily":false,"chose_seed":false,"campfire_upgraded":1,"win_rate":0,"timestamp":1550563144,"path_taken":["M","?","?","M","$","E","M","?","T","R","?","?","M","M","R","BOSS","M","M"],"build_version":"2019-01-23","purchased_purges":1,"victory":false,"max_hp_per_floor":[80,80,80,80,80,80,80,80,80,80,80,80,80,80,80,80,98,102,102],"card_choices":[{"not_picked":["Pommel Strike","Sword Boomerang"],"picked":"Rampage","floor":1},{"not_picked":["Heavy Blade","Body Slam","Rupture"],"picked":"SKIP","floor":4},{"not_picked":["Shockwave","Whirlwind","Heavy Blade"],"picked":"SKIP","floor":6},{"not_picked":["Clothesline","Flex","Sword Boomerang"],"picked":"SKIP","floor":7},{"not_picked":["Second Wind","Sword Boomerang","Clash"],"picked":"SKIP","floor":13},{"not_picked":["Fire Breathing","Rage","Reaper"],"picked":"SKIP","floor":14},{"not_picked":["Berserk","Immolate"],"picked":"Double Tap","floor":16},{"not_picked":["Corruption","Spot Weakness","Pummel"],"picked":"Singing Bowl","floor":18},{"not_picked":["Seeing Red","Corruption","Clothesline"],"picked":"Singing Bowl","floor":18}],"player_experience":445289,"relics_obtained":[{"floor":6,"key":"Art of War"},{"floor":12,"key":"Darkstone Periapt"},{"floor":17,"key":"Orichalcum"},{"floor":17,"key":"Singing Bowl"},{"floor":17,"key":"Prayer Wheel"}],"event_choices":[{"cards_removed":["Strike_R"],"damage_healed":0,"gold_gain":0,"player_choice":"Forget","damage_taken":0,"max_hp_gain":0,"max_hp_loss":0,"event_name":"Living Wall","floor":2,"gold_loss":0},{"cards_removed":["Strike_R"],"damage_healed":0,"gold_gain":0,"player_choice":"Card Removal","damage_taken":7,"max_hp_gain":0,"max_hp_loss":0,"event_name":"Golden Wing","floor":3,"gold_loss":0},{"damage_healed":0,"gold_gain":0,"player_choice":"Ignored","damage_taken":0,"max_hp_gain":0,"max_hp_loss":0,"event_name":"Liars Game","floor":11,"gold_loss":0}],"is_beta":false,"boss_relics":[{"not_picked":["Black Blood","Snecko Eye"],"picked":"Calling Bell"}],"items_purged_floors":[5],"is_endless":false,"potions_floor_spawned":[6,13,16],"killed_by":"Chosen","ascension_level":12}