{"gold_per_floor":[113,40,140,18,18,45,56,8,8,38,50,5,37,37,37,133,183,123,134,34,34,34,34,46,46],"floor_reached":25,"playtime":1373,"items_purged":["Strike_R","Strike_R+1"],"score":278,"play_id":"934aaaf2-3298-4442-9b12-20dc5ff9a5fb","local_time":"20190309190813","is_ascension_mode":true,"campfire_choices":[{"floor":15,"key":"REST"},{"data":"Barricade","floor":23,"key":"SMITH"}],"neow_cost":"NONE","seed_source_timestamp":3010930856784,"circlet_count":0,"master_deck":["Strike_R","Defend_R","Defend_R","Defend_R","Defend_R","Bash","Armaments","Spot Weakness","Shrug It Off","Spot Weakness","True Grit","Sentinel+1","Power Through+1","True Grit+1","Heavy Blade","Barricade+1","Intimidate+1","Flex+1","Armaments+1","Shame"],"relics":["Burning Blood","NeowsBlessing","Pen Nib","Toxic Egg 2","Centennial Puzzle","Ornamental Fan","Tiny House","Ancient Tea Set","MutagenicStrength"],"potions_floor_usage":[13,16,16,19,25],"damage_taken":[{"damage":0,"enemies":"Small Slimes","floor":1,"turns":1},{"damage":0,"enemies":"Lagavulin","floor":6,"turns":4},{"damage":0,"enemies":"Cultist","floor":7,"turns":1},{"damage":19,"enemies":"3 Sentries","floor":10,"turns":13},{"damage":0,"enemies":"Jaw Worm","floor":11,"turns":5},{"damage":40,"enemies":"Lagavulin","floor":13,"turns":11},{"damage":89,"enemies":"Slime Boss","floor":16,"turns":20},{"damage":9,"enemies":"2 Thieves","floor":18,"turns":4},{"damage":41,"enemies":"Chosen","floor":19,"turns":11},{"damage":9,"enemies":"Shelled Parasite and Fungi","floor":24,"turns":7},{"damage":50,"enemies":"Slavers","floor":25,"turns":4}],"seed_played":"-2714507714422152650","potions_obtained":[{"floor":7,"key":"Regen Potion"},{"floor":10,"key":"FearPotion"},{"floor":11,"key":"Regen Potion"},{"floor":17,"key":"Fruit Juice"},{"floor":24,"key":"Explosive Potion"}],"is_trial":false,"path_per_floor":["M","$","?","$","?","E","M","$","T","E","M","$","E","?","R","B",null,"M","M","$","?","?","R","M","E"],"character_chosen":"IRONCLAD","items_purchased":["Spot Weakness","Shrug It Off","True Grit","True Grit+1"],"campfire_rested":1,"item_purchase_floors":[2,4,8,12],"current_hp_per_floor":[80,80,80,80,80,80,80,80,80,67,73,73,39,39,63,10,85,82,52,52,52,52,52,49,0],"gold":46,"neow_bonus":"THREE_ENEMY_KILL","is_prod":false,"is_daily":false,"chose_seed":false,"campfire_upgraded":1,"win_rate":0,"timestamp":1552154893,"path_taken":["M","$","?","?","?","E","?","$","T","E","?","$","E","?","R","BOSS","M","M","$","?","?","R","M","E"],"build_version":"2019-01-23","purchased_purges":2,"victory":false,"max_hp_per_floor":[80,80,80,80,80,80,80,80,80,80,80,80,80,80,80,80,85,85,90,90,90,90,90,90,90],"card_choices":[{"not_picked":["Sword Boomerang","Searing Blow"],"picked":"Armaments","floor":1},{"not_picked":["Thunderclap","Uppercut"],"picked":"Spot Weakness","floor":6},{"not_picked":["Rupture","Corruption","Wild Strike"],"picked":"SKIP","floor":7},{"not_picked":["Heavy Blade","Reckless Charge"],"picked":"Sentinel+1","floor":10},{"not_picked":["Flex+1","Wild Strike"],"picked":"Power Through+1","floor":11},{"not_picked":["Offering+1","Combust"],"picked":"Heavy Blade","floor":13},{"not_picked":["Impervious+1","Brutality"],"picked":"Barricade","floor":16},{"not_picked":["Cleave","Uppercut"],"picked":"Intimidate+1","floor":17},{"not_picked":["Pommel Strike+1","Sever Soul"],"picked":"Flex+1","floor":18},{"not_picked":["Burning Pact+1","Disarm+1"],"picked":"Armaments+1","floor":19},{"not_picked":["Havoc+1","Perfected Strike","Sever Soul+1"],"picked":"SKIP","floor":24}],"player_experience":125388,"relics_obtained":[{"floor":6,"key":"Pen Nib"},{"floor":9,"key":"Toxic Egg 2"},{"floor":10,"key":"Centennial Puzzle"},{"floor":13,"key":"Ornamental Fan"}],"event_choices":[{"damage_healed":0,"gold_gain":100,"player_choice":"Pray","damage_taken":0,"max_hp_gain":0,"max_hp_loss":0,"event_name":"Golden Shrine","floor":3,"gold_loss":0},{"cards_removed":["Strike_R"],"damage_healed":0,"gold_gain":0,"player_choice":"Offered Basic","damage_taken":0,"max_hp_gain":0,"max_hp_loss":0,"event_name":"Bonfire Elementals","floor":5,"gold_loss":0},{"cards_removed":["Strike_R"],"damage_healed":0,"gold_gain":0,"player_choice":"Forget","damage_taken":0,"max_hp_gain":0,"max_hp_loss":0,"event_name":"Living Wall","floor":14,"gold_loss":0},{"damage_healed":0,"gold_gain":0,"player_choice":"Stole Relic","damage_taken":0,"relics_obtained":["Ancient Tea Set"],"max_hp_gain":0,"max_hp_loss":0,"event_name":"Addict","floor":21,"gold_loss":0,"cards_obtained":["Shame"]},{"damage_healed":0,"gold_gain":0,"player_choice":"Inject Mutagens","damage_taken":0,"relics_obtained":["MutagenicStrength"],"max_hp_gain":0,"max_hp_loss":0,"event_name":"Drug Dealer","floor":22,"gold_loss":0}],"is_beta":false,"boss_relics":[{"not_picked":["Runic Pyramid","Pandora\u0027s Box"],"picked":"Tiny House"}],"items_purged_floors":[4,20],"is_endless":false,"potions_floor_spawned":[7,10,11,24],"killed_by":"Slavers","ascension_level":1}