{"gold_per_floor":[111,111,111,130,56,56,99,99,99,138,161,204,89,113,113,233,233,246,246,271,26,49,49,87,103,103,202,215,234,234,248,248,379,379,403,403,427,443,466,466,504,195,219,219,239,114,139,159,159,159],"floor_reached":51,"playtime":4013,"items_purged":["Strike_R+1","Strike_R+1","Strike_R+1"],"score":833,"play_id":"bed6fcd4-6c2f-4923-bb1d-1c501ae4e55d","local_time":"20181002120135","is_ascension_mode":true,"campfire_choices":[{"data":"Inflame","floor":6,"key":"SMITH"},{"floor":8,"key":"REST"},{"data":"Flame Barrier","floor":15,"key":"SMITH"},{"data":"Barricade","floor":23,"key":"SMITH"},{"data":"Metallicize","floor":30,"key":"SMITH"},{"data":"Bash","floor":32,"key":"SMITH"},{"data":"Shrug It Off","floor":40,"key":"SMITH"},{"data":"Thinking Ahead","floor":49,"key":"SMITH"}],"neow_cost":"NONE","seed_source_timestamp":2007401024463,"circlet_count":0,"master_deck":["Defend_R+1","Defend_R+1","Defend_R+1","Defend_R+1","Bash+1","Shrug It Off","Inflame+1","Metallicize+1","Body Slam+1","Body Slam+1","Feed+1","Flame Barrier+1","Shrug It Off","Barricade+1","Shrug It Off","Shrug It Off","Body Slam+1","Shrug It Off+1","Armaments+1","Body Slam+1","Shrug It Off+1","Thinking Ahead+1"],"relics":["Burning Blood","NeowsBlessing","Golden Idol","Lantern","Molten Egg 2","Centennial Puzzle","Paper Frog","Empty Cage","Oddly Smooth Stone","Bag of Marbles","Letter Opener","Black Star","Boot","Blood Vial","Juzu Bracelet"],"potions_floor_usage":[16,28,41,50,50,50],"damage_taken":[{"damage":0,"enemies":"2 Louse","floor":1,"turns":1},{"damage":0,"enemies":"Jaw Worm","floor":4,"turns":1},{"damage":0,"enemies":"Lagavulin","floor":7,"turns":1},{"damage":14,"enemies":"Gremlin Nob","floor":10,"turns":4},{"damage":0,"enemies":"Cultist","floor":11,"turns":4},{"damage":25,"enemies":"Lagavulin","floor":12,"turns":5},{"damage":19,"enemies":"3 Louse","floor":14,"turns":6},{"damage":45,"enemies":"Hexaghost","floor":16,"turns":11},{"damage":7,"enemies":"Shell Parasite","floor":18,"turns":5},{"damage":0,"enemies":"Spheric Guardian","floor":20,"turns":4},{"damage":9,"enemies":"Centurion and Healer","floor":22,"turns":7},{"damage":0,"enemies":"Gremlin Leader","floor":24,"turns":6},{"damage":27,"enemies":"Sentry and Sphere","floor":25,"turns":8},{"damage":3,"enemies":"Snecko","floor":28,"turns":5},{"damage":0,"enemies":"Centurion and Healer","floor":29,"turns":5},{"damage":0,"enemies":"Snake Plant","floor":31,"turns":1},{"damage":14,"enemies":"Champ","floor":33,"turns":8},{"damage":0,"enemies":"3 Shapes","floor":35,"turns":4},{"damage":0,"enemies":"Orb Walker","floor":37,"turns":1},{"damage":2,"enemies":"Spire Growth","floor":38,"turns":5},{"damage":0,"enemies":"4 Shapes","floor":39,"turns":6},{"damage":26,"enemies":"Giant Head","floor":41,"turns":10},{"damage":0,"enemies":"Transient","floor":45,"turns":5},{"damage":4,"enemies":"3 Darklings","floor":47,"turns":4},{"damage":1,"enemies":"Reptomancer","floor":48,"turns":6},{"damage":15,"enemies":"Time Eater","floor":50,"turns":6}],"seed_played":"5619384693559348914","potions_obtained":[{"floor":1,"key":"Swift Potion"},{"floor":11,"key":"EssenceOfSteel"},{"floor":12,"key":"Ancient Potion"},{"floor":18,"key":"LiquidBronze"},{"floor":28,"key":"PowerPotion"},{"floor":44,"key":"PowerPotion"},{"floor":44,"key":"Dexterity Potion"}],"is_trial":false,"path_per_floor":["M","?","?","M","$","R","E","R","T","E","M","E","$","M","R","B",null,"M","?","M","$","M","R","E","M","T","?","M","M","R","M","R","B",null,"M","?","M","M","M","R","E","$","T","?","M","$","M","M","R","B"],"character_chosen":"IRONCLAD","items_purchased":["Metallicize","Flame Barrier","Shrug It Off","Oddly Smooth Stone","Shrug It Off","Thinking Ahead"],"campfire_rested":1,"item_purchase_floors":[5,13,13,21,21,42],"current_hp_per_floor":[80,60,44,50,50,50,56,80,80,72,78,59,59,50,50,11,84,83,83,84,84,81,81,84,63,63,63,66,72,72,78,78,70,84,84,84,84,84,84,84,64,64,64,64,72,72,76,83,83,75],"gold":159,"neow_bonus":"THREE_ENEMY_KILL","is_prod":false,"is_daily":false,"chose_seed":false,"campfire_upgraded":7,"win_rate":0,"timestamp":1538499695,"path_taken":["M","?","?","M","$","R","E","R","T","E","?","E","$","M","R","BOSS","M","?","M","$","M","R","E","M","T","?","?","M","R","M","R","BOSS","M","?","M","M","M","R","E","$","T","?","M","?","M","M","R","BOSS"],"build_version":"2018-09-27","purchased_purges":3,"victory":true,"max_hp_per_floor":[80,80,80,80,80,80,80,80,80,80,80,80,80,84,84,84,84,84,84,84,84,84,84,84,84,84,84,84,84,84,84,84,84,84,84,84,84,84,84,84,84,84,84,84,84,84,84,84,84,84],"card_choices":[{"not_picked":["Power Through","Sever Soul"],"picked":"Shrug It Off","floor":1},{"not_picked":["Sever Soul","Anger"],"picked":"Inflame","floor":4},{"not_picked":["Anger","Berserk","Rampage"],"picked":"SKIP","floor":7},{"not_picked":["Clothesline+1","Sever Soul+1"],"picked":"Body Slam+1","floor":10},{"not_picked":["Combust","Havoc"],"picked":"Body Slam+1","floor":11},{"not_picked":["Heavy Blade+1","Warcry"],"picked":"Feed+1","floor":12},{"not_picked":["Pummel+1","Flex","Shrug It Off"],"picked":"SKIP","floor":14},{"not_picked":["Feed+1","Berserk"],"picked":"Barricade","floor":16},{"not_picked":["Burning Pact","Rupture","Anger+1"],"picked":"SKIP","floor":18},{"not_picked":["Anger+1","True Grit"],"picked":"Shrug It Off","floor":20},{"not_picked":["Iron Wave+1","Corruption"],"picked":"Body Slam+1","floor":22},{"not_picked":["Heavy Blade+1","Headbutt+1","Wild Strike+1"],"picked":"SKIP","floor":24},{"not_picked":["Iron Wave+1","Havoc"],"picked":"Shrug It Off","floor":25},{"not_picked":["Ghostly Armor","Seeing Red"],"picked":"Armaments+1","floor":28},{"not_picked":["Seeing Red+1","Armaments","Warcry+1"],"picked":"SKIP","floor":29},{"not_picked":["Whirlwind+1","Twin Strike+1"],"picked":"Body Slam+1","floor":31},{"not_picked":["Dropkick+1","Flex","Havoc+1"],"picked":"SKIP","floor":35},{"not_picked":["Heavy Blade+1","Inflame","Corruption+1"],"picked":"SKIP","floor":37},{"not_picked":["Flex","Clash+1"],"picked":"Shrug It Off+1","floor":38},{"not_picked":["Armaments+1","Anger+1","Heavy Blade+1"],"picked":"SKIP","floor":39},{"not_picked":["Blood for Blood+1","Dropkick+1","Hemokinesis+1"],"picked":"SKIP","floor":41},{"not_picked":["Pommel Strike+1","Twin Strike+1","Armaments"],"picked":"SKIP","floor":45},{"not_picked":["Brutality","Feel No Pain","Flame Barrier"],"picked":"SKIP","floor":47},{"not_picked":["Combust+1","Flame Barrier","Warcry"],"picked":"SKIP","floor":48}],"player_experience":79206,"relics_obtained":[{"floor":7,"key":"Lantern"},{"floor":9,"key":"Molten Egg 2"},{"floor":10,"key":"Centennial Puzzle"},{"floor":12,"key":"Paper Frog"},{"floor":24,"key":"Bag of Marbles"},{"floor":26,"key":"Letter Opener"},{"floor":41,"key":"Boot"},{"floor":41,"key":"Blood Vial"},{"floor":43,"key":"Juzu Bracelet"}],"event_choices":[{"event_name":"Golden Idol","player_choice":"Take Damage","floor":2,"damage_taken":0},{"event_name":"Shining Light","player_choice":"Entered Light","floor":3,"damage_taken":0},{"event_name":"Back to Basics","player_choice":"Simplicity","floor":19,"damage_taken":0},{"event_name":"Nest","player_choice":"Stole From Cult","floor":27,"damage_taken":0},{"event_name":"Mysterious Sphere","player_choice":"Ignore","floor":36,"damage_taken":0},{"event_name":"The Lab","player_choice":"Got Potions","floor":44,"damage_taken":0}],"is_beta":false,"boss_relics":[{"not_picked":["Runic Dome","Tiny House"],"picked":"Empty Cage"},{"not_picked":["Astrolabe","White Beast Statue"],"picked":"Black Star"}],"items_purged_floors":[21,42,46],"is_endless":false,"potions_floor_spawned":[1,11,12,14,18,28,29,35,38,47,48],"ascension_level":1}