{"gold_per_floor":[111,111,111,130,130,162,162,175,175,175,201,5,19,33,33,131,131,141,153,153,171,181,181,195,195,270,282,282,282,282,293,293,389,389,401,401,259,259,259,259,294,314,385,385,398,417,436,460,460,460],"floor_reached":51,"playtime":5941,"items_purged":["Strike_G"],"score":747,"play_id":"8cdaad28-7f8f-4a36-a272-49818d75d65d","local_time":"20190311230658","is_ascension_mode":true,"campfire_choices":[{"data":"Corpse Explosion","floor":7,"key":"SMITH"},{"data":"Sucker Punch","floor":10,"key":"SMITH"},{"floor":15,"key":"REST"},{"floor":23,"key":"REST"},{"data":"Finisher","floor":29,"key":"SMITH"},{"data":"Footwork","floor":32,"key":"SMITH"},{"data":"Panache","floor":40,"key":"SMITH"},{"floor":44,"key":"REST"},{"floor":49,"key":"REST"}],"neow_cost":"NONE","seed_source_timestamp":2676972511200,"circlet_count":0,"master_deck":["Defend_G","Defend_G","Defend_G","Defend_G","Strike_G","Strike_G","Strike_G","Survivor+1","Neutralize+1","Dagger Throw","Acrobatics","Corpse Explosion+1","Sucker Punch+1","Night Terror+1","PiercingWail+1","Footwork+1","Storm of Steel+1","Catalyst+1","Finisher+1","Defend_G","Cloak And Dagger+1","Bouncing Flask+1","Dash","Backflip+1","After Image","Caltrops+1","Madness+1","Madness+1","Accuracy","Panache+1","Dramatic Entrance","Noxious Fumes+1","Dagger Throw","Backflip+1","Slice+1","Parasite","Acrobatics+1"],"relics":["Ring of the Snake","NeowsBlessing","Tough Bandages","Pear","Toxic Egg 2","Chemical X","Runic Pyramid","Sundial","Happy Flower","Anchor","Philosopher\u0027s Stone","Lantern","Kunai","Blood Vial"],"potions_floor_usage":[11,13,22,33,50,50,50],"damage_taken":[{"damage":0,"enemies":"Small Slimes","floor":1,"turns":1},{"damage":0,"enemies":"Jaw Worm","floor":4,"turns":1},{"damage":0,"enemies":"3 Sentries","floor":6,"turns":1},{"damage":0,"enemies":"Cultist","floor":8,"turns":3},{"damage":18,"enemies":"Gremlin Nob","floor":11,"turns":5},{"damage":0,"enemies":"2 Fungi Beasts","floor":13,"turns":3},{"damage":2,"enemies":"Exordium Thugs","floor":14,"turns":4},{"damage":46,"enemies":"Slime Boss","floor":16,"turns":14},{"damage":0,"enemies":"Shell Parasite","floor":18,"turns":6},{"damage":0,"enemies":"Chosen","floor":19,"turns":4},{"damage":12,"enemies":"3 Cultists","floor":21,"turns":4},{"damage":11,"enemies":"Cultist and Chosen","floor":22,"turns":6},{"damage":2,"enemies":"Snake Plant","floor":24,"turns":5},{"damage":0,"enemies":"3 Cultists","floor":27,"turns":2},{"damage":2,"enemies":"Centurion and Healer","floor":31,"turns":4},{"damage":42,"enemies":"Automaton","floor":33,"turns":14},{"damage":0,"enemies":"Orb Walker","floor":35,"turns":3},{"damage":17,"enemies":"Nemesis","floor":41,"turns":7},{"damage":0,"enemies":"3 Shapes","floor":42,"turns":3},{"damage":0,"enemies":"Jaw Worm Horde","floor":45,"turns":4},{"damage":4,"enemies":"Sphere and 2 Shapes","floor":46,"turns":4},{"damage":9,"enemies":"Writhing Mass","floor":47,"turns":8},{"damage":68,"enemies":"Awakened One","floor":50,"turns":13}],"seed_played":"-6974306809522517187","potions_obtained":[{"floor":4,"key":"EssenceOfSteel"},{"floor":8,"key":"FearPotion"},{"floor":14,"key":"SteroidPotion"},{"floor":21,"key":"SpeedPotion"},{"floor":22,"key":"Dexterity Potion"},{"floor":24,"key":"SpeedPotion"},{"floor":27,"key":"GamblersBrew"},{"floor":42,"key":"LiquidBronze"},{"floor":47,"key":"Swift Potion"}],"is_trial":false,"path_per_floor":["M","?","?","M","?","E","R","M","T","R","E","$","M","M","R","B",null,"M","M","?","M","M","R","M","?","T","M","?","R","T","M","R","B",null,"M","?","$","?","?","R","E","M","T","R","M","M","M","T","R","B",null],"character_chosen":"THE_SILENT","items_purchased":["Chemical X","Accuracy"],"campfire_rested":4,"item_purchase_floors":[12,37],"current_hp_per_floor":[70,63,63,63,63,63,63,63,73,73,55,55,55,53,77,31,80,80,80,80,68,57,80,78,80,80,80,80,80,80,78,78,36,80,80,70,70,70,65,65,48,48,48,72,72,68,59,59,80,12],"gold":460,"neow_bonus":"THREE_ENEMY_KILL","is_prod":false,"is_daily":false,"chose_seed":false,"campfire_upgraded":5,"win_rate":0,"timestamp":1552342018,"path_taken":["M","?","?","M","?","E","R","?","T","R","E","$","M","M","R","BOSS","M","M","?","?","M","R","M","?","T","?","?","R","?","M","R","BOSS","M","?","$","?","?","R","E","?","T","R","M","M","M","?","R","BOSS"],"build_version":"2019-01-23","purchased_purges":1,"victory":true,"max_hp_per_floor":[70,70,70,70,70,70,70,70,80,80,80,80,80,80,80,80,80,80,80,80,80,80,80,80,80,80,80,80,80,80,80,80,80,80,80,80,80,80,80,80,80,80,80,80,80,80,80,80,80,80],"card_choices":[{"not_picked":["Blade Dance","Catalyst"],"picked":"Dagger Throw","floor":1},{"not_picked":["Escape Plan","Concentrate"],"picked":"Acrobatics","floor":4},{"not_picked":["Accuracy","Eviscerate"],"picked":"Corpse Explosion","floor":6},{"not_picked":["Bane","Underhanded Strike"],"picked":"Sucker Punch","floor":8},{"not_picked":["Sucker Punch","Slice"],"picked":"Night Terror","floor":11},{"not_picked":["Accuracy","Choke"],"picked":"PiercingWail+1","floor":13},{"not_picked":["Concentrate+1","All Out Attack"],"picked":"Footwork","floor":14},{"not_picked":["Night Terror+1","Unload"],"picked":"Storm of Steel+1","floor":16},{"not_picked":["Tactician+1","Predator"],"picked":"Catalyst+1","floor":18},{"not_picked":["Cloak And Dagger+1","Acrobatics+1"],"picked":"Finisher","floor":19},{"not_picked":["All Out Attack","Poisoned Stab"],"picked":"Heel Hook","floor":21},{"not_picked":["PiercingWail+1","Predator"],"picked":"Cloak And Dagger+1","floor":22},{"not_picked":["Blade Dance+1","Underhanded Strike"],"picked":"Bouncing Flask+1","floor":24},{"not_picked":["Dagger Spray","Masterful Stab"],"picked":"Dash","floor":27},{"not_picked":["Slice","Bane"],"picked":"Backflip+1","floor":31},{"not_picked":["Bullet Time+1","Adrenaline+1"],"picked":"After Image","floor":33},{"not_picked":["Underhanded Strike+1","Deadly Poison+1"],"picked":"Caltrops+1","floor":35},{"not_picked":["Deep Breath+1","Secret Weapon+1"],"picked":"Panache","floor":39},{"not_picked":["Panacea+1","Impatience+1"],"picked":"Dramatic Entrance","floor":39},{"not_picked":["Cloak And Dagger+1","Bouncing Flask+1"],"picked":"Noxious Fumes+1","floor":41},{"not_picked":["Deadly Poison+1","Dash"],"picked":"Dagger Throw","floor":42},{"not_picked":["Acrobatics+1","Masterful Stab+1"],"picked":"Backflip+1","floor":45},{"not_picked":["Acrobatics+1","Finisher"],"picked":"Slice+1","floor":46},{"not_picked":["Dash","All Out Attack"],"picked":"Acrobatics+1","floor":47}],"player_experience":114583,"relics_obtained":[{"floor":6,"key":"Tough Bandages"},{"floor":9,"key":"Pear"},{"floor":11,"key":"Toxic Egg 2"},{"floor":26,"key":"Sundial"},{"floor":30,"key":"Anchor"},{"floor":41,"key":"Lantern"},{"floor":43,"key":"Kunai"},{"floor":48,"key":"Blood Vial"}],"event_choices":[{"cards_removed":["Strike_G"],"damage_healed":0,"gold_gain":0,"player_choice":"Card Removal","damage_taken":7,"max_hp_gain":0,"max_hp_loss":0,"event_name":"Golden Wing","floor":2,"gold_loss":0},{"damage_healed":0,"gold_gain":0,"player_choice":"Grow","damage_taken":0,"max_hp_gain":0,"max_hp_loss":0,"event_name":"Living Wall","floor":3,"gold_loss":0,"cards_upgraded":["Neutralize"]},{"damage_healed":0,"gold_gain":0,"player_choice":"Upgraded","damage_taken":0,"max_hp_gain":0,"max_hp_loss":0,"event_name":"Upgrade Shrine","floor":5,"gold_loss":0,"cards_upgraded":["Survivor"]},{"cards_removed":["Defend_G"],"damage_healed":0,"gold_gain":0,"player_choice":"Took Card","damage_taken":0,"max_hp_gain":0,"max_hp_loss":0,"event_name":"NoteForYourself","floor":20,"gold_loss":0,"cards_obtained":["Defend_G"]},{"cards_removed":["Heel Hook"],"damage_healed":2,"gold_gain":0,"player_choice":"Offered Uncommon","damage_taken":0,"max_hp_gain":0,"max_hp_loss":0,"event_name":"Bonfire Elementals","floor":25,"gold_loss":0},{"damage_healed":0,"gold_gain":0,"player_choice":"Opened","damage_taken":0,"relics_obtained":["Happy Flower"],"max_hp_gain":0,"max_hp_loss":0,"event_name":"The Mausoleum","floor":28,"gold_loss":0},{"damage_healed":0,"gold_gain":0,"player_choice":"Embrace Madness","damage_taken":10,"max_hp_gain":0,"max_hp_loss":0,"event_name":"Winding Halls","floor":36,"gold_loss":0,"cards_obtained":["Madness","Madness"]},{"damage_healed":0,"gold_gain":0,"player_choice":"Ignored","damage_taken":0,"max_hp_gain":0,"max_hp_loss":0,"event_name":"Tomb of Lord Red Mask","floor":38,"gold_loss":0},{"damage_healed":0,"gold_gain":0,"player_choice":"Memory 2","damage_taken":5,"max_hp_gain":0,"max_hp_loss":0,"event_name":"SensoryStone","floor":39,"gold_loss":0}],"is_beta":false,"boss_relics":[{"not_picked":["Busted Crown","Ring of the Serpent"],"picked":"Runic Pyramid"},{"not_picked":["Calling Bell","Velvet Choker"],"picked":"Philosopher\u0027s Stone"}],"items_purged_floors":[37],"is_endless":false,"potions_floor_spawned":[4,8,14,21,22,24,27,42,45,47],"ascension_level":1}