{"gold_per_floor":[214,62,77,96,112,144,157,171,198,210,229,259,259,328,328,328],"floor_reached":16,"playtime":1021,"items_purged":[],"score":177,"play_id":"da01a717-5922-4f9b-abc4-7cc00f7ac0c2","local_time":"20181223200150","is_ascension_mode":true,"campfire_choices":[{"data":"Sucker Punch","floor":15,"key":"SMITH"}],"neow_cost":"NONE","seed_source_timestamp":5445529457221,"circlet_count":0,"master_deck":["AscendersBane","Defend_G","Defend_G","Defend_G","Defend_G","Defend_G","Strike_G","Strike_G","Strike_G","Strike_G","Strike_G","Survivor","Neutralize","Slice","Leg Sweep","Dash","Well Laid Plans","Footwork","Sucker Punch+1","Wraith Form v2","Quick Slash","Escape Plan"],"relics":["Ring of the Snake","Snake Skull","Pocketwatch","Bronze Scales","Omamori","SsserpentHead"],"potions_floor_usage":[6,8,10,12],"damage_taken":[{"damage":0,"enemies":"Cultist","floor":1,"turns":5},{"damage":7,"enemies":"Jaw Worm","floor":3,"turns":5},{"damage":5,"enemies":"2 Louse","floor":4,"turns":4},{"damage":0,"enemies":"2 Fungi Beasts","floor":5,"turns":4},{"damage":7,"enemies":"3 Sentries","floor":6,"turns":13},{"damage":1,"enemies":"Looter","floor":7,"turns":4},{"damage":0,"enemies":"Red Slaver","floor":8,"turns":4},{"damage":6,"enemies":"3 Louse","floor":10,"turns":4},{"damage":1,"enemies":"Gremlin Gang","floor":11,"turns":5},{"damage":5,"enemies":"Lagavulin","floor":12,"turns":8},{"damage":0,"enemies":"2 Fungi Beasts","floor":14,"turns":4},{"damage":46,"enemies":"Hexaghost","floor":16,"turns":14}],"seed_played":"5212120462399172852","potions_obtained":[{"floor":4,"key":"Block Potion"},{"floor":5,"key":"SkillPotion"},{"floor":8,"key":"Regen Potion"},{"floor":10,"key":"Fire Potion"}],"is_trial":false,"path_per_floor":["M","$","M","M","M","E","M","M","T","M","M","E","?","M","R","B"],"character_chosen":"THE_SILENT","items_purchased":["Snake Skull"],"campfire_rested":0,"item_purchase_floors":[2],"current_hp_per_floor":[63,63,56,51,51,44,43,43,43,49,48,43,43,43,43,0],"gold":328,"neow_bonus":"HUNDRED_GOLD","is_prod":false,"is_daily":false,"chose_seed":false,"campfire_upgraded":1,"win_rate":0,"timestamp":1545602510,"path_taken":["M","$","M","M","M","E","M","M","T","?","M","E","?","?","R","BOSS"],"build_version":"2018-12-20","purchased_purges":0,"victory":false,"max_hp_per_floor":[70,70,70,70,70,70,70,70,70,70,70,70,70,70,70,70],"card_choices":[{"not_picked":["PiercingWail","Outmaneuver"],"picked":"Slice","floor":1},{"not_picked":["Infinite Blades","Tactician"],"picked":"Leg Sweep","floor":3},{"not_picked":["PiercingWail","Dodge and Roll"],"picked":"Dash","floor":4},{"not_picked":["Acrobatics","Underhanded Strike"],"picked":"Well Laid Plans","floor":5},{"not_picked":["Prepared","Dagger Throw"],"picked":"Footwork","floor":6},{"not_picked":["Deflect","Cloak And Dagger"],"picked":"Sucker Punch","floor":7},{"not_picked":["Poisoned Stab","Acrobatics"],"picked":"Wraith Form v2","floor":8},{"not_picked":["Poisoned Stab","Choke","Cloak And Dagger"],"picked":"SKIP","floor":10},{"not_picked":["Dodge and Roll","Underhanded Strike"],"picked":"Quick Slash","floor":11},{"not_picked":["Masterful Stab","Slice"],"picked":"Escape Plan","floor":12},{"not_picked":["Leg Sweep","Bouncing Flask","Tactician"],"picked":"SKIP","floor":14}],"player_experience":626482,"relics_obtained":[{"floor":6,"key":"Pocketwatch"},{"floor":9,"key":"Bronze Scales"},{"floor":12,"key":"Omamori"}],"event_choices":[{"damage_healed":0,"gold_gain":0,"player_choice":"Trade","damage_taken":0,"relics_obtained":["SsserpentHead"],"max_hp_gain":0,"max_hp_loss":0,"event_name":"FaceTrader","floor":13,"gold_loss":0}],"is_beta":false,"boss_relics":[],"items_purged_floors":[],"is_endless":false,"potions_floor_spawned":[4,5,8,10],"killed_by":"Hexaghost","ascension_level":10}