{"gold_per_floor":[13,24,24,24,43,43,71,71,71,71,100,114,131,162,162,264,264,283,302,24,35,46,46,46,57,87,105,10,27,27,40,40,140,140,151,223,223,239,239,271,271,303,303,303,317,317,328,5,5,5],"floor_reached":50,"playtime":2617,"items_purged":[],"score":849,"play_id":"e74e164d-8701-4626-a3a9-0efbb622065a","local_time":"20181118013305","is_ascension_mode":true,"campfire_choices":[{"data":"Finisher","floor":6.0,"key":"SMITH"},{"data":"1","floor":8.0,"key":"LIFT"},{"data":"2","floor":10.0,"key":"LIFT"},{"floor":15.0,"key":"REST"},{"data":"3","floor":23.0,"key":"LIFT"},{"data":"Footwork","floor":30.0,"key":"SMITH"},{"floor":32.0,"key":"REST"},{"floor":41,"key":"REST"},{"data":"Cloak And Dagger","floor":44,"key":"SMITH"},{"floor":46,"key":"REST"},{"data":"Noxious Fumes","floor":49,"key":"SMITH"}],"neow_cost":"NO_GOLD","seed_source_timestamp":0,"circlet_count":0,"master_deck":["AscendersBane","Defend_G","Defend_G","Defend_G","Strike_G","Strike_G","Strike_G","Strike_G","Survivor","Neutralize","Leg Sweep","Cloak And Dagger+1","Finisher+1","PiercingWail","Well Laid Plans","Unload+1","After Image","After Image","Dagger Throw+1","Skewer+1","Finesse","PiercingWail","Backflip","Footwork+1","Prepared+1","Flying Knee+1","Quick Slash+1","PiercingWail","Quick Slash+1","After Image","Escape Plan+1","Skewer+1","Escape Plan","Cloak And Dagger","Endless Agony+1","Blade Dance+1","Finisher+1","Cloak And Dagger+1","Noxious Fumes+1"],"special_seed":0,"relics":["Ring of the Snake","Gambling Chip","Girya","Molten Egg 2","Gremlin Horn","Potion Belt","Runic Dome","Omamori","Tiny Chest","Orrery","Blue Candle","Mummified Hand","Regal Pillow","Matryoshka","PreservedInsect","Bag of Marbles","Bottled Tornado"],"potions_floor_usage":[50,50],"damage_taken":[{"damage":0.0,"enemies":"Jaw Worm","floor":1.0,"turns":6.0},{"damage":0.0,"enemies":"2 Louse","floor":2.0,"turns":4.0},{"damage":0.0,"enemies":"Cultist","floor":5.0,"turns":3.0},{"damage":18.0,"enemies":"Lagavulin","floor":7.0,"turns":8.0},{"damage":0.0,"enemies":"Gremlin Nob","floor":11.0,"turns":2.0},{"damage":0.0,"enemies":"3 Louse","floor":12.0,"turns":1.0},{"damage":0.0,"enemies":"Lots of Slimes","floor":13.0,"turns":1.0},{"damage":10.0,"enemies":"Lagavulin","floor":14.0,"turns":3.0},{"damage":24.0,"enemies":"The Guardian","floor":16.0,"turns":9.0},{"damage":2.0,"enemies":"Shell Parasite","floor":18.0,"turns":4.0},{"damage":0.0,"enemies":"Spheric Guardian","floor":19.0,"turns":1.0},{"damage":0.0,"enemies":"Chosen and Byrds","floor":21.0,"turns":5.0},{"damage":13.0,"enemies":"3 Cultists","floor":22.0,"turns":5.0},{"damage":4.0,"enemies":"Snake Plant","floor":25.0,"turns":5.0},{"damage":11.0,"enemies":"Cultist and Chosen","floor":27.0,"turns":5.0},{"damage":11.0,"enemies":"Shelled Parasite and Fungi","floor":29.0,"turns":5.0},{"damage":6.0,"enemies":"Snake Plant","floor":31.0,"turns":3.0},{"damage":45.0,"enemies":"Champ","floor":33.0,"turns":10.0},{"damage":0,"enemies":"Orb Walker","floor":35,"turns":3},{"damage":5,"enemies":"3 Darklings","floor":38,"turns":6},{"damage":19,"enemies":"Giant Head","floor":40,"turns":10},{"damage":32,"enemies":"Nemesis","floor":42,"turns":7},{"damage":0,"enemies":"Transient","floor":45,"turns":5},{"damage":0,"enemies":"Jaw Worm Horde","floor":47,"turns":1},{"damage":77,"enemies":"Time Eater","floor":50,"turns":4}],"seed_played":"6994928079716176534","potions_obtained":[{"floor":1.0,"key":"Fire Potion"},{"floor":5.0,"key":"SneckoOil"},{"floor":7.0,"key":"Ancient Potion"},{"floor":13.0,"key":"EssenceOfSteel"},{"floor":14.0,"key":"Explosive Potion"},{"floor":18.0,"key":"Poison Potion"},{"floor":21.0,"key":"Strength Potion"},{"floor":22.0,"key":"Regen Potion"},{"floor":25.0,"key":"PowerPotion"},{"floor":31.0,"key":"Dexterity Potion"},{"floor":38,"key":"Fire Potion"},{"floor":40,"key":"Strength Potion"},{"floor":47,"key":"Strength Potion"}],"is_trial":false,"path_per_floor":["M","M","?","?","M","R","E","R","T","R","E","M","M","E","R","B",null,"M","M","$","M","M","R","?","M","T","M","$","M","R","M","R","B",null,"M","T","?","M","T","E","R","E","T","R","M","R","M","$","R","B"],"character_chosen":"THE_SILENT","items_purchased":["Omamori","Finesse","PiercingWail","Quick Slash+1","PiercingWail","Noxious Fumes","Bottled Tornado"],"campfire_rested":4,"item_purchase_floors":[20,20,20,28,28,48,48],"current_hp_per_floor":[63,63,63,63,63,63,45,45,45,45,45,45,45,35,56,32,61,59,59,59,59,46,46,70,66,66,55,55,44,44,38,59,29,60,60,60,60,55,55,36,70,38,38,38,38,70,70,70,70,0],"gold":5,"neow_bonus":"ONE_RARE_RELIC","is_prod":false,"is_daily":false,"chose_seed":false,"campfire_upgraded":4,"win_rate":0,"timestamp":1542511985,"path_taken":["M","M","?","?","M","R","E","R","T","R","E","?","M","E","R","BOSS","M","M","$","M","M","R","?","?","T","?","?","M","R","M","R","BOSS","M","?","?","?","?","E","R","E","T","R","M","R","M","$","R","BOSS"],"build_version":"2018-11-15","purchased_purges":0,"victory":false,"max_hp_per_floor":[70,70,70,70,70,70,70,70,70,70,70,70,70,70,70,70,70,70,70,70,70,70,70,70,70,70,70,70,70,70,70,70,70,70,70,70,70,70,70,70,70,70,70,70,70,70,70,70,70,70],"card_choices":[{"not_picked":["Deflect","Flechettes"],"picked":"Leg Sweep","floor":1.0},{"not_picked":["Deadly Poison","Poisoned Stab"],"picked":"Cloak And Dagger","floor":2.0},{"not_picked":["Sucker Punch","Reflex"],"picked":"Finisher","floor":5.0},{"not_picked":["Dagger Throw","Heel Hook"],"picked":"PiercingWail","floor":7.0},{"not_picked":["Finisher+1","Distraction"],"picked":"Well Laid Plans","floor":11.0},{"not_picked":["Terror","Bane+1"],"picked":"Unload+1","floor":12.0},{"not_picked":["Catalyst","Deadly Poison","Bane+1"],"picked":"SKIP","floor":13.0},{"not_picked":["Dodge and Roll","Crippling Poison"],"picked":"After Image","floor":14.0},{"not_picked":["Corpse Explosion","Storm of Steel"],"picked":"After Image","floor":16.0},{"not_picked":["Flechettes+1","Reflex"],"picked":"Dagger Throw+1","floor":18.0},{"not_picked":["Flechettes+1","Deflect"],"picked":"Skewer+1","floor":19.0},{"not_picked":["Cloak And Dagger","Outmaneuver"],"picked":"Backflip","floor":21.0},{"not_picked":["Prepared","Leg Sweep"],"picked":"Footwork","floor":22.0},{"not_picked":["Cloak And Dagger","Distraction+1"],"picked":"Prepared+1","floor":25.0},{"not_picked":["Bane+1","Deadly Poison"],"picked":"Flying Knee+1","floor":27.0},{"not_picked":["Underhanded Strike+1","Deflect","Outmaneuver"],"picked":"SKIP","floor":29.0},{"not_picked":["Sucker Punch+1","Cloak And Dagger"],"picked":"Quick Slash+1","floor":31.0},{"not_picked":["Tools of the Trade","Envenom"],"picked":"After Image","floor":33.0},{"not_picked":["Expertise","Accuracy"],"picked":"Escape Plan+1","floor":34},{"not_picked":["Setup","Outmaneuver"],"picked":"Skewer+1","floor":34},{"not_picked":["Underhanded Strike+1","Acrobatics"],"picked":"Escape Plan","floor":34},{"not_picked":["Predator+1","Well Laid Plans"],"picked":"Cloak And Dagger","floor":34},{"not_picked":["Blade Dance","Quick Slash+1"],"picked":"Endless Agony+1","floor":35},{"not_picked":["Accuracy","Blade Dance","Well Laid Plans+1"],"picked":"SKIP","floor":38},{"not_picked":["Phantasmal Killer","All Out Attack+1"],"picked":"Blade Dance+1","floor":40},{"not_picked":["Reflex+1","Underhanded Strike+1","Prepared"],"picked":"SKIP","floor":42},{"not_picked":["Sucker Punch+1","Flying Knee+1"],"picked":"Finisher+1","floor":45},{"not_picked":["PiercingWail+1","Tools of the Trade"],"picked":"Cloak And Dagger+1","floor":47}],"player_experience":605297,"relics_obtained":[{"floor":7.0,"key":"Girya"},{"floor":9.0,"key":"Molten Egg 2"},{"floor":11.0,"key":"Gremlin Horn"},{"floor":14.0,"key":"Potion Belt"},{"floor":26.0,"key":"Tiny Chest"},{"floor":36,"key":"Blue Candle"},{"floor":39,"key":"Mummified Hand"},{"floor":40,"key":"Regal Pillow"},{"floor":42,"key":"Matryoshka"},{"floor":43,"key":"PreservedInsect"},{"floor":43,"key":"Bag of Marbles"}],"event_choices":[{"damage_healed":0.0,"max_hp_gain":0.0,"max_hp_loss":0.0,"gold_gain":0.0,"cards_transformed":["Defend_G"],"event_name":"Living Wall","player_choice":"Change","floor":3.0,"gold_loss":0.0,"damage_taken":0.0,"cards_obtained":["Endless Agony"]},{"cards_removed":["Defend_G"],"damage_healed":0.0,"max_hp_gain":0.0,"max_hp_loss":0.0,"gold_gain":0.0,"event_name":"Purifier","player_choice":"Purged","floor":4.0,"gold_loss":0.0,"damage_taken":0.0},{"cards_removed":["Endless Agony"],"damage_healed":24.0,"max_hp_gain":0.0,"max_hp_loss":0.0,"gold_gain":0.0,"event_name":"Bonfire Elementals","player_choice":"Offered Uncommon","floor":24.0,"gold_loss":0.0,"damage_taken":0.0},{"cards_removed":["Strike_G"],"damage_healed":0,"gold_gain":0,"player_choice":"Purged","damage_taken":0,"max_hp_gain":0,"max_hp_loss":0,"event_name":"Purifier","floor":37,"gold_loss":0}],"is_beta":false,"boss_relics":[{"not_picked":["Philosopher\u0027s Stone","Snecko Eye"],"picked":"Runic Dome"},{"not_picked":["Tiny House","Eternal Feather"],"picked":"Orrery"}],"items_purged_floors":[],"is_endless":false,"potions_floor_spawned":[1,5,7,13,14,18,21,22,25,31,38,40,47],"killed_by":"Time Eater","ascension_level":10}