{"gold_per_floor":[19,19,194,144,161,161,176,189,240,252,264,539,464,475,475,547,547,564,564],"floor_reached":19,"playtime":537,"items_purged":["Regret"],"score":266,"play_id":"b517e32c-c5c3-4960-9922-19daddcaa13c","local_time":"20190219173355","is_ascension_mode":true,"campfire_choices":[{"data":"Uppercut","floor":6,"key":"SMITH"},{"floor":15,"key":"REST"}],"neow_cost":"NO_GOLD","seed_source_timestamp":30638438721506,"circlet_count":0,"master_deck":["AscendersBane","Strike_R+1","Strike_R+1","Strike_R","Strike_R","Strike_R","Defend_R","Defend_R","Defend_R","Defend_R","Bash","Madness","Madness","Heavy Blade","Uppercut+1","Perfected Strike","Entrench","Barricade"],"relics":["Burning Blood","Busted Crown"],"potions_floor_usage":[16,18],"damage_taken":[{"damage":16,"enemies":"Jaw Worm","floor":1,"turns":4},{"damage":7,"enemies":"2 Louse","floor":5,"turns":2},{"damage":6,"enemies":"Cultist","floor":7,"turns":3},{"damage":8,"enemies":"Looter","floor":8,"turns":2},{"damage":16,"enemies":"Lots of Slimes","floor":10,"turns":3},{"damage":14,"enemies":"3 Louse","floor":11,"turns":5},{"damage":14,"enemies":"Red Slaver","floor":14,"turns":2},{"damage":37,"enemies":"Hexaghost","floor":16,"turns":9},{"damage":21,"enemies":"Shell Parasite","floor":18,"turns":5},{"damage":22,"enemies":"Colosseum Slavers","floor":19,"turns":2}],"seed_played":"-2292143507187357049","potions_obtained":[{"floor":1,"key":"PowerPotion"},{"floor":7,"key":"Energy Potion"}],"is_trial":false,"path_per_floor":["M","?","?","?","M","R","M","M","T","M","M","?","$","M","R","B",null,"M","?"],"character_chosen":"IRONCLAD","items_purchased":[],"campfire_rested":1,"item_purchase_floors":[],"current_hp_per_floor":[62,46,46,46,45,45,45,43,43,33,25,25,25,17,41,10,63,48,26],"gold":564,"neow_bonus":"RANDOM_COLORLESS_2","is_prod":false,"is_daily":false,"chose_seed":false,"campfire_upgraded":1,"win_rate":0,"timestamp":1550633635,"path_taken":["M","?","?","?","?","R","M","M","T","M","M","?","$","M","R","BOSS","M","?"],"build_version":"2019-01-23","purchased_purges":1,"victory":false,"max_hp_per_floor":[80,80,80,80,80,80,80,80,80,80,80,80,80,80,80,80,80,80,80],"card_choices":[{"not_picked":["Clash","Power Through"],"picked":"Heavy Blade","floor":1},{"not_picked":["Shrug It Off","Perfected Strike"],"picked":"Uppercut","floor":5},{"not_picked":["Iron Wave","Twin Strike","Body Slam"],"picked":"SKIP","floor":7},{"not_picked":["Shrug It Off","Reckless Charge"],"picked":"Perfected Strike","floor":8},{"not_picked":["Dark Embrace","Heavy Blade"],"picked":"Entrench","floor":10},{"not_picked":["Sentinel","Feel No Pain","Twin Strike"],"picked":"SKIP","floor":11},{"not_picked":["Combust","Clash","Power Through"],"picked":"SKIP","floor":14},{"not_picked":["Exhume","Bludgeon"],"picked":"Barricade","floor":16},{"not_picked":["Cleave"],"picked":"SKIP","floor":18}],"player_experience":451650,"relics_obtained":[],"event_choices":[{"damage_healed":0,"gold_gain":0,"player_choice":"Entered Light","damage_taken":16,"max_hp_gain":0,"max_hp_loss":0,"event_name":"Shining Light","floor":2,"gold_loss":0,"cards_upgraded":["Strike_R","Strike_R"]},{"damage_healed":0,"gold_gain":175,"player_choice":"AGREE","damage_taken":0,"max_hp_gain":0,"max_hp_loss":0,"event_name":"Liars Game","floor":3,"gold_loss":0,"cards_obtained":["Doubt"]},{"cards_removed":["Doubt"],"damage_healed":0,"gold_gain":0,"player_choice":"Card Removal","damage_taken":0,"max_hp_gain":0,"max_hp_loss":0,"event_name":"The Cleric","floor":4,"gold_loss":50},{"damage_healed":0,"gold_gain":275,"player_choice":"Desecrate","damage_taken":0,"max_hp_gain":0,"max_hp_loss":0,"event_name":"Golden Shrine","floor":12,"gold_loss":0,"cards_obtained":["Regret"]},{"damage_healed":0,"gold_gain":0,"player_choice":"Fight","damage_taken":0,"max_hp_gain":0,"max_hp_loss":0,"event_name":"Colosseum","floor":19,"gold_loss":0}],"is_beta":false,"boss_relics":[{"not_picked":["Philosopher\u0027s Stone","Lizard Tail"],"picked":"Busted Crown"}],"items_purged_floors":[13],"is_endless":false,"potions_floor_spawned":[1,7,8,11],"killed_by":"Colosseum Slavers","ascension_level":13}