{"gold_per_floor":[114,134,47,0,0,0,14,49,72,72,91,65,65,85,85,163,163,182,102],"floor_reached":19,"playtime":605,"items_purged":[],"score":334,"play_id":"2cdfade4-d083-4bc9-ad73-d9f54d7d3e2c","local_time":"20190213194045","is_ascension_mode":true,"campfire_choices":[{"data":"White Noise","floor":6.0,"key":"SMITH"},{"floor":10.0,"key":"REST"},{"data":"Go for the Eyes","floor":13.0,"key":"SMITH"},{"data":"Zap","floor":15.0,"key":"SMITH"}],"neow_cost":"NONE","seed_source_timestamp":0,"circlet_count":0,"master_deck":["AscendersBane","Strike_B","Strike_B","Strike_B","Strike_B","Defend_B","Defend_B","Defend_B","Defend_B","Zap+1","Dualcast+1","Cold Snap","Cold Snap+1","White Noise+1","Ball Lightning","Go for the Eyes+1","Sweeping Beam","Leap","Machine Learning"],"special_seed":0,"relics":["Cracked Core","NeowsBlessing","Lantern","Art of War","White Beast Statue"],"potions_floor_usage":[],"damage_taken":[{"damage":0.0,"enemies":"Cultist","floor":1.0,"turns":1.0},{"damage":0.0,"enemies":"Jaw Worm","floor":2.0,"turns":1.0},{"damage":0.0,"enemies":"Small Slimes","floor":7.0,"turns":1.0},{"damage":16.0,"enemies":"Lagavulin","floor":8.0,"turns":6.0},{"damage":4.0,"enemies":"Looter","floor":11.0,"turns":2.0},{"damage":3.0,"enemies":"Blue Slaver","floor":14.0,"turns":3.0},{"damage":32.0,"enemies":"Slime Boss","floor":16.0,"turns":10.0},{"damage":42,"enemies":"3 Byrds","floor":18,"turns":4},{"damage":18,"enemies":"2 Thieves","floor":19,"turns":2}],"seed_played":"8832390951189551642","potions_obtained":[{"floor":2.0,"key":"PowerPotion"},{"floor":8.0,"key":"Regen Potion"},{"floor":11.0,"key":"EssenceOfSteel"},{"floor":18,"key":"Energy Potion"}],"is_trial":false,"path_per_floor":["M","M","$","?","?","R","M","E","T","R","M","$","R","M","R","B",null,"M","M"],"character_chosen":"DEFECT","items_purchased":["White Noise","Leap"],"campfire_rested":1,"item_purchase_floors":[3,12],"current_hp_per_floor":[64,64,64,64,43,43,43,27,27,48,44,44,44,41,41,24,59,17,0],"gold":102,"neow_bonus":"THREE_ENEMY_KILL","is_prod":false,"is_daily":false,"chose_seed":false,"campfire_upgraded":3,"win_rate":0,"timestamp":1550104845,"path_taken":["M","?","$","?","?","R","M","E","T","R","M","$","R","M","R","BOSS","M","M"],"build_version":"2019-01-23","purchased_purges":0,"victory":false,"max_hp_per_floor":[71,71,71,71,71,71,71,71,71,71,71,71,71,71,71,71,71,71,71],"card_choices":[{"not_picked":["Compile Driver","Go for the Eyes"],"picked":"Cold Snap","floor":1.0},{"not_picked":["Hologram","Loop"],"picked":"Cold Snap","floor":2.0},{"not_picked":["Barrage","Gash"],"picked":"Ball Lightning","floor":7.0},{"not_picked":["Ball Lightning","Cold Snap"],"picked":"Go for the Eyes","floor":8.0},{"not_picked":["Turbo","Self Repair"],"picked":"Sweeping Beam","floor":11.0},{"not_picked":["Tempest","Barrage","Beam Cell"],"picked":"SKIP","floor":14.0},{"not_picked":["Amplify","Hyperbeam"],"picked":"Machine Learning","floor":16.0},{"not_picked":["Streamline+1","Sweeping Beam","Beam Cell"],"picked":"SKIP","floor":18}],"player_experience":291082,"relics_obtained":[{"floor":8.0,"key":"Lantern"},{"floor":9.0,"key":"Art of War"}],"event_choices":[{"damage_healed":0.0,"max_hp_gain":0.0,"max_hp_loss":0.0,"gold_gain":0.0,"event_name":"World of Goop","player_choice":"Left Gold","floor":4.0,"gold_loss":47.0,"damage_taken":0.0},{"damage_healed":0.0,"max_hp_gain":0.0,"max_hp_loss":0.0,"gold_gain":0.0,"event_name":"Shining Light","player_choice":"Entered Light","floor":5.0,"gold_loss":0.0,"damage_taken":21.0,"cards_upgraded":["Dualcast","Cold Snap"]}],"is_beta":false,"boss_relics":[{"not_picked":["Tiny House","Black Star"],"picked":"White Beast Statue"}],"items_purged_floors":[],"is_endless":false,"potions_floor_spawned":[2,8,11,18],"killed_by":"2 Thieves","ascension_level":20}