{"gold_per_floor":[115,65,77,2,12,41,61,61,88,145,177,30,45,77,77,180,180,199,298,398,416,124,156,156],"floor_reached":24,"playtime":3037,"items_purged":["Strike_B","Strike_B"],"score":246,"play_id":"52610b2a-9d99-405f-b178-5a7e986de7c0","local_time":"20190302192003","is_ascension_mode":true,"campfire_choices":[{"data":"Conserve Battery","floor":8,"key":"SMITH"},{"floor":15,"key":"REST"}],"neow_cost":"NONE","seed_source_timestamp":68006799074229,"circlet_count":0,"master_deck":["Strike_B","Defend_B","Defend_B","Defend_B","Defend_B","Zap","Dualcast","Barrage","Ball Lightning","Cold Snap","Steam Power","Conserve Battery+1","Genetic Algorithm","BootSequence","Ball Lightning","Consume","Compile Driver","Echo Form","White Noise+1","Static Discharge"],"relics":["Busted Crown","Dream Catcher","PreservedInsect","Blood Vial","Pen Nib","Ice Cream","Inserter","Bird Faced Urn","Dodecahedron","Meat on the Bone","Smiling Mask"],"potions_floor_usage":[11,14,16,18,20,23,24],"damage_taken":[{"damage":5,"enemies":"Small Slimes","floor":1,"turns":3},{"damage":11,"enemies":"Jaw Worm","floor":3,"turns":4},{"damage":0,"enemies":"Cultist","floor":5,"turns":2},{"damage":20,"enemies":"3 Sentries","floor":6,"turns":7},{"damage":4,"enemies":"2 Fungi Beasts","floor":7,"turns":3},{"damage":11,"enemies":"3 Sentries","floor":10,"turns":6},{"damage":6,"enemies":"Lagavulin","floor":11,"turns":5},{"damage":5,"enemies":"Lots of Slimes","floor":13,"turns":4},{"damage":3,"enemies":"Gremlin Nob","floor":14,"turns":3},{"damage":15,"enemies":"The Guardian","floor":16,"turns":11},{"damage":0,"enemies":"Shell Parasite","floor":18,"turns":5},{"damage":34,"enemies":"Colosseum Slavers","floor":20,"turns":5},{"damage":29,"enemies":"Colosseum Nobs","floor":20,"turns":4},{"damage":17,"enemies":"Chosen","floor":21,"turns":5},{"damage":6,"enemies":"Book of Stabbing","floor":23,"turns":5},{"damage":26,"enemies":"Snake Plant","floor":24,"turns":4}],"seed_played":"5095500780579511513","potions_obtained":[{"floor":6,"key":"Energy Potion"},{"floor":7,"key":"PowerPotion"},{"floor":11,"key":"FearPotion"},{"floor":13,"key":"FearPotion"},{"floor":14,"key":"GamblersBrew"},{"floor":16,"key":"Weak Potion"},{"floor":21,"key":"Dexterity Potion"},{"floor":23,"key":"EssenceOfSteel"}],"is_trial":false,"path_per_floor":["M","?","M","$","M","E","M","R","T","?","E","$","M","E","R","B",null,"M","?","?","M","$","E","M"],"character_chosen":"DEFECT","items_purchased":["Ball Lightning","Meat on the Bone","Static Discharge"],"campfire_rested":1,"item_purchase_floors":[12,22,22],"current_hp_per_floor":[70,70,59,59,59,39,35,35,35,24,20,20,17,16,38,25,75,75,75,14,3,3,15,0],"gold":156,"neow_bonus":"BOSS_RELIC","is_prod":false,"is_daily":false,"chose_seed":false,"campfire_upgraded":1,"win_rate":0,"timestamp":1551576003,"path_taken":["M","?","M","$","M","E","M","R","T","?","E","?","M","E","R","BOSS","M","?","?","M","$","E","M"],"build_version":"2019-01-23","purchased_purges":2,"victory":false,"max_hp_per_floor":[75,75,75,75,75,75,75,75,75,75,75,75,75,75,75,75,75,75,75,75,75,75,75,75],"card_choices":[{"not_picked":[],"picked":"Barrage","floor":1},{"not_picked":[],"picked":"Ball Lightning","floor":3},{"not_picked":[],"picked":"Cold Snap","floor":5},{"not_picked":[],"picked":"Steam Power","floor":6},{"not_picked":[],"picked":"Conserve Battery","floor":7},{"not_picked":[],"picked":"Genetic Algorithm","floor":10},{"not_picked":[],"picked":"BootSequence","floor":11},{"not_picked":["Gash"],"picked":"SKIP","floor":13},{"not_picked":[],"picked":"Consume","floor":14},{"not_picked":[],"picked":"Compile Driver","floor":15},{"not_picked":[],"picked":"Echo Form","floor":16},{"not_picked":["Rip and Tear"],"picked":"SKIP","floor":18},{"not_picked":[],"picked":"White Noise+1","floor":20},{"not_picked":["Scrape"],"picked":"SKIP","floor":21},{"not_picked":["Conserve Battery"],"picked":"SKIP","floor":23}],"player_experience":138923,"relics_obtained":[{"floor":6,"key":"Dream Catcher"},{"floor":9,"key":"PreservedInsect"},{"floor":10,"key":"Blood Vial"},{"floor":11,"key":"Pen Nib"},{"floor":14,"key":"Ice Cream"},{"floor":20,"key":"Bird Faced Urn"},{"floor":20,"key":"Dodecahedron"},{"floor":23,"key":"Smiling Mask"}],"event_choices":[{"cards_removed":["Strike_B"],"damage_healed":0,"gold_gain":0,"player_choice":"Card Removal","damage_taken":0,"max_hp_gain":0,"max_hp_loss":0,"event_name":"The Cleric","floor":2,"gold_loss":50},{"damage_healed":0,"gold_gain":30,"player_choice":"Searched \u00273\u0027 times","damage_taken":0,"max_hp_gain":0,"max_hp_loss":0,"event_name":"Dead Adventurer","floor":10,"gold_loss":0},{"damage_healed":0,"gold_gain":99,"player_choice":"Stole From Cult","damage_taken":0,"max_hp_gain":0,"max_hp_loss":0,"event_name":"Nest","floor":19,"gold_loss":0},{"damage_healed":0,"gold_gain":0,"player_choice":"Fight","damage_taken":0,"max_hp_gain":0,"max_hp_loss":0,"event_name":"Colosseum","floor":20,"gold_loss":0},{"damage_healed":0,"gold_gain":0,"player_choice":"Fought Nobs","damage_taken":0,"max_hp_gain":0,"max_hp_loss":0,"event_name":"Colosseum","floor":20,"gold_loss":0}],"is_beta":false,"boss_relics":[{"not_picked":["White Beast Statue","Runic Dome"],"picked":"Inserter"}],"items_purged_floors":[4,12],"is_endless":false,"potions_floor_spawned":[6,7,11,13,14,16,20,21,23],"killed_by":"Snake Plant","ascension_level":1}