{"gold_per_floor":[111,111,125,136,151,151,184,184,210,210,543,185,197,222,222,324,324,344,15,33,137,155,155,310,310,336,353,353,353,353,372,372,532,532],"floor_reached":34,"playtime":5699,"items_purged":["Strike_MRS"],"score":489,"play_id":"2ab19fa9-5118-4b92-b720-50ec7e7cde59","local_time":"20190208213807","is_ascension_mode":true,"campfire_choices":[{"data":"OortCloud","floor":6,"key":"SMITH"},{"floor":10,"key":"REST"},{"floor":15,"key":"REST"},{"floor":23,"key":"REST"},{"floor":25,"key":"REST"},{"floor":28,"key":"REST"},{"floor":32,"key":"REST"}],"neow_cost":"NONE","seed_source_timestamp":4520762096338,"circlet_count":0,"master_deck":["Defend_MRS","Defend_MRS","Defend_MRS","Defend_MRS","MasterSpark+1","UpSweep+1","infinitespire:Pacifist","Hallucinations","OortCloud+1","ShootTheMoon","DragonMeteor","DarkMatter+1","D6C","FinalSpark","SprinkleStarSeal","Singularity","CollectingQuirk+1","ReplayTheSpireMod:Necrogeddon+1","Robbery+1","FairyDestructionRay","GravityBeat+1","StarlightTyphoon","Replay:Fractal Strike","TreasureHunter","StarlightTyphoon","Robbery+1"],"relics":["MiniHakkero","Empty Cage","infinitespire:Golems Mask","infinitespire:Broken Mirror","Gremlin Food","Lantern","Counterbalance","Ancient Tea Set","RampagingMagicTools","Anchor","Omamori","Replay:Rubber Ducky","Bronze Scales","Orrery"],"potions_floor_usage":[11,11,14,24,33,33],"damage_taken":[{"damage":0,"enemies":"2 Louse","floor":1,"turns":3},{"damage":13,"enemies":"Cultist","floor":3,"turns":6},{"damage":0,"enemies":"Jaw Worm","floor":4,"turns":5},{"damage":6,"enemies":"Large Slime","floor":5,"turns":10},{"damage":24,"enemies":"Gremlin Nob","floor":7,"turns":6},{"damage":0,"enemies":"Erikyupuro","floor":11,"turns":5},{"damage":0,"enemies":"Gremlin Gang","floor":13,"turns":4},{"damage":9,"enemies":"Gremlin Nob","floor":14,"turns":4},{"damage":4,"enemies":"The Guardian","floor":16,"turns":13},{"damage":12,"enemies":"2 Thieves","floor":18,"turns":3},{"damage":11,"enemies":"Spheric Guardian","floor":20,"turns":3},{"damage":5,"enemies":"Centurion and Healer","floor":21,"turns":12},{"damage":14,"enemies":"Snecko","floor":22,"turns":5},{"damage":28,"enemies":"Nightmare","floor":24,"turns":7},{"damage":5,"enemies":"Chosen and Byrds","floor":27,"turns":3},{"damage":4,"enemies":"Snake Plant","floor":31,"turns":3},{"damage":56,"enemies":"Automaton","floor":33,"turns":9}],"seed_played":"-1146618588147936746","potions_obtained":[{"floor":4,"key":"SteroidPotion"},{"floor":5,"key":"Explosive Potion"},{"floor":7,"key":"Energy Potion"},{"floor":16,"key":"FearPotion"},{"floor":21,"key":"Poison Potion"},{"floor":22,"key":"Fire Potion"},{"floor":24,"key":"infinitespire:BlackPotion"},{"floor":27,"key":"SmokeBomb"},{"floor":33,"key":"Elixir"}],"is_trial":false,"path_per_floor":["M","?","M","M","M","R","E","?","T","R","E","$","M","E","R","B",null,"M","$","M","M","M","R","NM","R","T","M","R","?","?","M","R","B",null],"character_chosen":"MARISA","items_purchased":["Counterbalance","FinalSpark","ReplayTheSpireMod:Necrogeddon","Anchor"],"campfire_rested":6,"item_purchase_floors":[12,12,19,19],"current_hp_per_floor":[75,75,62,62,56,56,32,25,25,47,47,47,47,38,60,64,75,63,63,52,47,33,55,27,49,49,44,66,66,49,45,67,11,11],"gold":532,"neow_bonus":"CURSED_BOSS_RELIC","is_prod":false,"is_daily":false,"chose_seed":false,"campfire_upgraded":1,"win_rate":0,"timestamp":1549669087,"path_taken":["M","?","?","M","M","R","E","?","T","R","E","$","M","E","R","BOSS","M","$","M","M","M","R","NM","R","T","M","R","?","?","?","R","BOSS"],"build_version":"2019-01-23","purchased_purges":1,"victory":false,"max_hp_per_floor":[75,75,75,75,75,75,75,75,75,75,75,75,75,75,75,75,75,75,75,75,75,75,75,75,75,75,75,75,75,75,75,75,75,75],"card_choices":[{"not_picked":["BlazeAway","LuminesStrike"],"picked":"MachineGunSpark","floor":1},{"not_picked":["GalacticHalo","NonDirectionalLaser"],"picked":"OortCloud","floor":3},{"not_picked":["Occultation","OrrerysSun"],"picked":"ShootTheMoon","floor":4},{"not_picked":["ShootingEcho","IllusionStar"],"picked":"DragonMeteor","floor":5},{"not_picked":["ManaConvection","IllusionStar"],"picked":"DarkMatter","floor":7},{"not_picked":["NonDirectionalLaser","SuperNova"],"picked":"D6C","floor":11},{"not_picked":["FairyDestructionRay","GrandCross"],"picked":"SprinkleStarSeal","floor":13},{"not_picked":["GrandCross","DarkMatter"],"picked":"Singularity","floor":14},{"not_picked":["BigCrunch","EscapeVelocity"],"picked":"CollectingQuirk","floor":16},{"not_picked":["OpenUniverse+1","ManaConvection","MysteriousBeam"],"picked":"SKIP","floor":18},{"not_picked":["UnstableBomb","MysteriousBeam"],"picked":"Robbery","floor":20},{"not_picked":["BlazeAway","WitchOfGreed","EventHorizon"],"picked":"SKIP","floor":21},{"not_picked":["NonDirectionalLaser","LuminesStrike"],"picked":"FairyDestructionRay","floor":22},{"not_picked":["LuminesStrike","DarkSpark"],"picked":"GravityBeat+1","floor":24},{"not_picked":["LuminesStrike+1","DarkMatter+1"],"picked":"StarlightTyphoon","floor":27},{"not_picked":["infinitespire:Gouge","ReplayTheSpireMod:Haul"],"picked":"Replay:Fractal Strike","floor":30},{"not_picked":["GrandCross","OrrerysSun","MeteoricShower"],"picked":"SKIP","floor":31},{"not_picked":["BinaryStars","MaximisePower"],"picked":"TreasureHunter","floor":33},{"not_picked":["DeepEcoloBomb","MagicChant"],"picked":"StarlightTyphoon","floor":34},{"not_picked":["WitchOfGreed","ShootingEcho"],"picked":"Robbery+1","floor":34}],"player_experience":742984,"relics_obtained":[{"floor":7,"key":"infinitespire:Broken Mirror"},{"floor":9,"key":"Gremlin Food"},{"floor":11,"key":"Lantern"},{"floor":14,"key":"Ancient Tea Set"},{"floor":24,"key":"Replay:Rubber Ducky"},{"floor":26,"key":"Bronze Scales"}],"event_choices":[{"cards_removed":["MachineGunSpark"],"damage_healed":0,"gold_gain":0,"player_choice":"Gave Card","damage_taken":0,"relics_obtained":["infinitespire:Golems Mask"],"max_hp_gain":0,"max_hp_loss":0,"event_name":"WeMeetAgain","floor":2,"gold_loss":0},{"cards_removed":["Strike_MRS"],"damage_healed":0,"gold_gain":0,"player_choice":"Card Removal","damage_taken":7,"max_hp_gain":0,"max_hp_loss":0,"event_name":"Golden Wing","floor":8,"gold_loss":0}],"is_beta":false,"boss_relics":[{"not_picked":["Ring of Chaos","White Beast Statue"],"picked":"RampagingMagicTools"},{"not_picked":["Honey Jar","Pandora\u0027s Box"],"picked":"Orrery"}],"items_purged_floors":[12],"is_endless":true,"potions_floor_spawned":[4,5,7,16,21,22,27,33],"ascension_level":1}