{"gold_per_floor":[112,112,287,301,202,202,218,218,269,299,299],"floor_reached":11,"playtime":494,"items_purged":["Doubt"],"score":71,"play_id":"8d4f205d-5546-4543-81d4-d111e110a5c5","local_time":"20190306142836","is_ascension_mode":false,"campfire_choices":[{"data":"Phantasmal Killer","floor":6,"key":"SMITH"},{"data":"Noxious Fumes","floor":8,"key":"SMITH"}],"neow_cost":"NONE","seed_source_timestamp":88641506816369,"circlet_count":0,"master_deck":["Defend_G","Defend_G","Defend_G","Defend_G","Defend_G","Strike_G","Strike_G","Strike_G","Strike_G","Survivor","Neutralize","Phantasmal Killer+1","Noxious Fumes+1","Backflip","Dagger Spray"],"relics":["Ring of the Snake","Bag of Marbles","Art of War"],"potions_floor_usage":[10],"damage_taken":[{"damage":13,"enemies":"Jaw Worm","floor":1,"turns":8},{"damage":0,"enemies":"2 Louse","floor":4,"turns":4},{"damage":7,"enemies":"Small Slimes","floor":7,"turns":6},{"damage":20,"enemies":"3 Sentries","floor":10,"turns":6},{"damage":30,"enemies":"Gremlin Nob","floor":11,"turns":4}],"seed_played":"6656087950679752534","potions_obtained":[{"floor":7,"key":"Explosive Potion"}],"is_trial":false,"path_per_floor":["M","?","?","M","$","R","M","R","T","E","?"],"character_chosen":"THE_SILENT","items_purchased":["Backflip"],"campfire_rested":0,"item_purchase_floors":[5],"current_hp_per_floor":[57,57,57,57,57,57,50,50,50,30,0],"gold":299,"neow_bonus":"ONE_RANDOM_RARE_CARD","is_prod":false,"is_daily":false,"chose_seed":false,"campfire_upgraded":2,"win_rate":0.0,"timestamp":1551878916,"path_taken":["M","?","?","M","?","R","M","R","T","E","?"],"build_version":"2019-01-23","purchased_purges":1,"victory":false,"max_hp_per_floor":[70,70,70,70,70,70,70,70,70,70,70],"card_choices":[{"not_picked":["Dagger Throw","Finisher"],"picked":"Noxious Fumes","floor":1},{"not_picked":["Flechettes","Reflex","Predator"],"picked":"SKIP","floor":4},{"not_picked":["PiercingWail","Bane"],"picked":"Dagger Spray","floor":7},{"not_picked":["Skewer","All Out Attack","Acrobatics"],"picked":"SKIP","floor":10},{"not_picked":["Skewer","All Out Attack","Acrobatics"],"picked":"SKIP","floor":10}],"player_experience":82147,"relics_obtained":[{"floor":9,"key":"Bag of Marbles"},{"floor":10,"key":"Art of War"}],"event_choices":[{"cards_removed":["Strike_G"],"damage_healed":0,"gold_gain":0,"player_choice":"Forget","damage_taken":0,"max_hp_gain":0,"max_hp_loss":0,"event_name":"Living Wall","floor":2,"gold_loss":0},{"damage_healed":0,"gold_gain":175,"player_choice":"AGREE","damage_taken":0,"max_hp_gain":0,"max_hp_loss":0,"event_name":"Liars Game","floor":3,"gold_loss":0,"cards_obtained":["Doubt"]},{"damage_healed":0,"gold_gain":0,"player_choice":"Searched \u00271\u0027 times","damage_taken":0,"max_hp_gain":0,"max_hp_loss":0,"event_name":"Dead Adventurer","floor":11,"gold_loss":0}],"is_beta":false,"boss_relics":[],"items_purged_floors":[5],"is_endless":false,"potions_floor_spawned":[7],"killed_by":"Gremlin Nob","ascension_level":0}