{"gold_per_floor":[114,129,143,159,334,334,334,334,334,354,143,187,16,40,40,169,169,154,177,177,198,222,265,265,265,319,350,350,368,404,74,74,204,204,224,237,261,386,230,273,273,312,312,330,330,351,376,227,227,227,227,227,4,39,39],"floor_reached":56,"playtime":3738,"items_purged":["Doubt","Shame"],"score":1269,"play_id":"bfe4ad58-aa6a-4eb5-9130-f0a6136e2fc6","local_time":"20190218204349","is_ascension_mode":false,"campfire_choices":[{"floor":6,"key":"RECALL"},{"floor":8,"key":"REST"},{"floor":15,"key":"REST"},{"data":"After Image","floor":25,"key":"SMITH"},{"data":"PiercingWail","floor":32,"key":"SMITH"},{"data":"Malaise","floor":41,"key":"SMITH"},{"data":"Burst","floor":49,"key":"SMITH"},{"data":"Infinite Blades","floor":52,"key":"SMITH"}],"neow_cost":"NONE","seed_source_timestamp":473694848021850,"circlet_count":0,"master_deck":["Defend_G","Defend_G","Defend_G","Defend_G","Defend_G","Survivor","Neutralize","Sucker Punch","Infinite Blades+1","Footwork","Envenom","PiercingWail+1","Apotheosis","After Image+1","Riddle With Holes","Bite","Bite","Bite","Bite","Bite","Choke+1","Crippling Poison","Malaise+1","Dodge and Roll+1","Riddle With Holes","Burst+1","Dodge and Roll","Infinite Blades+1","Dodge and Roll+1","Footwork+1","Cloak And Dagger+1","Bullet Time"],"relics":["Ring of the Snake","Golden Idol","Incense Burner","Turnip","Snecko Eye","PreservedInsect","Boot","Gremlin Horn","Juzu Bracelet","Kunai","Cursed Key","Prayer Wheel","Lantern","Bird Faced Urn","Shuriken","Bottled Flame","Strawberry"],"potions_floor_usage":[16,18,18,23,23,23,50,55,55,55],"damage_taken":[{"damage":0,"enemies":"2 Louse","floor":1,"turns":3},{"damage":0,"enemies":"Small Slimes","floor":2,"turns":3},{"damage":0,"enemies":"Jaw Worm","floor":3,"turns":4},{"damage":4,"enemies":"Exordium Wildlife","floor":4,"turns":8},{"damage":17,"enemies":"Lots of Slimes","floor":10,"turns":6},{"damage":22,"enemies":"Gremlin Nob","floor":12,"turns":6},{"damage":0,"enemies":"Looter","floor":14,"turns":4},{"damage":1,"enemies":"The Guardian","floor":16,"turns":13},{"damage":15,"enemies":"2 Thieves","floor":18,"turns":4},{"damage":12,"enemies":"Shell Parasite","floor":19,"turns":10},{"damage":9,"enemies":"Centurion and Healer","floor":21,"turns":8},{"damage":0,"enemies":"Cultist and Chosen","floor":22,"turns":5},{"damage":2,"enemies":"Slavers","floor":23,"turns":6},{"damage":12,"enemies":"Book of Stabbing","floor":27,"turns":5},{"damage":2,"enemies":"Snecko","floor":29,"turns":6},{"damage":15,"enemies":"Gremlin Leader","floor":30,"turns":6},{"damage":21,"enemies":"Champ","floor":33,"turns":9},{"damage":37,"enemies":"3 Shapes","floor":35,"turns":6},{"damage":3,"enemies":"3 Darklings","floor":36,"turns":7},{"damage":21,"enemies":"Jaw Worm Horde","floor":37,"turns":6},{"damage":0,"enemies":"Mind Bloom Boss Battle","floor":38,"turns":6},{"damage":0,"enemies":"Reptomancer","floor":40,"turns":6},{"damage":12,"enemies":"Nemesis","floor":42,"turns":5},{"damage":17,"enemies":"Transient","floor":44,"turns":5},{"damage":12,"enemies":"Maw","floor":46,"turns":6},{"damage":9,"enemies":"Spire Growth","floor":47,"turns":4},{"damage":23,"enemies":"Donu and Deca","floor":50,"turns":10},{"damage":22,"enemies":"Shield and Spear","floor":54,"turns":6},{"damage":17,"enemies":"The Heart","floor":55,"turns":8}],"seed_played":"-8680812811497380507","potions_obtained":[{"floor":3,"key":"AttackPotion"},{"floor":10,"key":"Energy Potion"},{"floor":12,"key":"GamblersBrew"},{"floor":16,"key":"FearPotion"},{"floor":21,"key":"EssenceOfSteel"},{"floor":22,"key":"Poison Potion"},{"floor":23,"key":"EssenceOfSteel"},{"floor":35,"key":"EssenceOfSteel"},{"floor":37,"key":"SteroidPotion"},{"floor":44,"key":"Dexterity Potion"}],"is_trial":false,"path_per_floor":["M","M","M","M","?","R","?","R","T","M","$","E","$","M","R","B",null,"M","M","?","M","M","E","T","R","T","E","$","M","E","$","R","B",null,"M","M","M","?","$","E","R","E","T","M","?","M","M","$","R","B",null,"R","$","E","B",null],"character_chosen":"THE_SILENT","items_purchased":["Envenom","Apotheosis","Kunai","Riddle With Holes","Lantern","Bullet Time","GhostInAJar","Energy Potion"],"campfire_rested":2,"item_purchase_floors":[11,13,31,31,39,48,53,53],"current_hp_per_floor":[77,77,77,73,73,73,54,77,77,60,60,38,38,38,61,60,77,62,50,50,53,53,53,53,53,53,49,49,52,53,53,53,44,53,29,41,30,44,44,53,53,48,48,53,53,53,53,53,53,50,53,53,53,52,57],"gold":39,"neow_bonus":"TEN_PERCENT_HP_BONUS","is_prod":false,"is_daily":false,"chose_seed":false,"campfire_upgraded":5,"win_rate":0,"timestamp":1550558629,"path_taken":["M","M","M","M","?","R","?","R","T","M","$","E","$","M","R","BOSS","M","M","?","M","M","E","?","R","T","E","$","M","E","$","R","BOSS","M","M","M","?","$","E","R","E","T","M","?","M","M","$","R","BOSS","R","$","E","BOSS"],"build_version":"2019-01-23","purchased_purges":2,"victory":true,"max_hp_per_floor":[77,77,77,77,77,77,77,77,77,77,77,77,77,77,77,77,77,77,77,53,53,53,53,53,53,53,53,53,53,53,53,53,53,53,53,53,53,53,53,53,53,53,53,53,53,53,53,53,53,53,53,53,53,60,60],"card_choices":[{"not_picked":["Backflip","Poisoned Stab"],"picked":"Sucker Punch","floor":1},{"not_picked":["Quick Slash","Reflex"],"picked":"Infinite Blades","floor":2},{"not_picked":["Acrobatics","Sucker Punch","Dagger Spray"],"picked":"SKIP","floor":3},{"not_picked":["Bane","Slice","Concentrate"],"picked":"SKIP","floor":4},{"not_picked":["Tools of the Trade","Acrobatics"],"picked":"Footwork","floor":10},{"not_picked":["Dodge and Roll","Outmaneuver"],"picked":"PiercingWail","floor":12},{"not_picked":["Underhanded Strike","Flying Knee","Bouncing Flask"],"picked":"SKIP","floor":14},{"not_picked":["Die Die Die","Storm of Steel"],"picked":"After Image","floor":16},{"not_picked":["Flying Knee","Deadly Poison"],"picked":"Riddle With Holes","floor":18},{"not_picked":["Outmaneuver+1","PiercingWail","Well Laid Plans"],"picked":"SKIP","floor":19},{"not_picked":["Heel Hook","PiercingWail"],"picked":"Choke+1","floor":21},{"not_picked":["Dagger Spray+1","Underhanded Strike","Quick Slash"],"picked":"SKIP","floor":22},{"not_picked":["Predator","Underhanded Strike"],"picked":"Crippling Poison","floor":23},{"not_picked":["Acrobatics","Dagger Throw+1"],"picked":"Malaise","floor":27},{"not_picked":["Poisoned Stab","Bane"],"picked":"Dodge and Roll+1","floor":29},{"not_picked":["Underhanded Strike+1","Storm of Steel","Expertise"],"picked":"SKIP","floor":30},{"not_picked":["Grand Finale","Tools of the Trade"],"picked":"Burst","floor":33},{"not_picked":["All Out Attack+1","Dagger Spray+1","Eviscerate"],"picked":"SKIP","floor":35},{"not_picked":["Deadly Poison","Masterful Stab","Underhanded Strike+1"],"picked":"SKIP","floor":36},{"not_picked":["Blade Dance+1","Footwork"],"picked":"Dodge and Roll","floor":37},{"not_picked":["Backstab+1","Blade Dance"],"picked":"Infinite Blades+1","floor":38},{"not_picked":["Adrenaline","Flying Knee+1"],"picked":"Dodge and Roll+1","floor":40},{"not_picked":["Dagger Spray","Acrobatics+1"],"picked":"Footwork+1","floor":42},{"not_picked":["PiercingWail","Dagger Throw+1"],"picked":"Cloak And Dagger+1","floor":44},{"not_picked":["Quick Slash+1","Sucker Punch+1","Concentrate+1"],"picked":"SKIP","floor":44},{"not_picked":["Underhanded Strike+1","Blade Dance","Tactician"],"picked":"SKIP","floor":46},{"not_picked":["Deadly Poison","Poisoned Stab+1","Eviscerate+1"],"picked":"SKIP","floor":46},{"not_picked":["Tactician+1","Crippling Poison+1","Quick Slash"],"picked":"SKIP","floor":47},{"not_picked":["PiercingWail+1","Bane+1","Dagger Throw+1"],"picked":"SKIP","floor":47},{"not_picked":["Slice","Prepared","Eviscerate+1"],"picked":"SKIP","floor":54}],"player_experience":439656,"relics_obtained":[{"floor":9,"key":"Incense Burner"},{"floor":12,"key":"Turnip"},{"floor":23,"key":"PreservedInsect"},{"floor":26,"key":"Boot"},{"floor":27,"key":"Gremlin Horn"},{"floor":30,"key":"Juzu Bracelet"},{"floor":38,"key":"Prayer Wheel"},{"floor":40,"key":"Bird Faced Urn"},{"floor":42,"key":"Shuriken"},{"floor":43,"key":"Bottled Flame"},{"floor":54,"key":"Strawberry"}],"event_choices":[{"damage_healed":0,"gold_gain":175,"player_choice":"AGREE","damage_taken":0,"max_hp_gain":0,"max_hp_loss":0,"event_name":"Liars Game","floor":5,"gold_loss":0,"cards_obtained":["Doubt"]},{"damage_healed":0,"gold_gain":0,"player_choice":"Take Damage","damage_taken":19,"relics_obtained":["Golden Idol"],"max_hp_gain":0,"max_hp_loss":0,"event_name":"Golden Idol","floor":7,"gold_loss":0},{"damage_healed":0,"gold_gain":0,"player_choice":"Became a vampire","damage_taken":0,"max_hp_gain":0,"max_hp_loss":24,"event_name":"Vampires","floor":20,"gold_loss":0,"cards_obtained":["Bite","Bite","Bite","Bite","Bite"]},{"damage_healed":0,"gold_gain":0,"player_choice":"Fight","damage_taken":0,"max_hp_gain":0,"max_hp_loss":0,"event_name":"MindBloom","floor":38,"gold_loss":0},{"damage_healed":0,"gold_gain":0,"player_choice":"Ignored","damage_taken":0,"max_hp_gain":0,"max_hp_loss":0,"event_name":"Tomb of Lord Red Mask","floor":45,"gold_loss":0}],"is_beta":false,"boss_relics":[{"not_picked":["Orrery","Runic Pyramid"],"picked":"Snecko Eye"},{"not_picked":["HoveringKite","Astrolabe"],"picked":"Cursed Key"}],"items_purged_floors":[11,53],"is_endless":false,"potions_floor_spawned":[3,10,12,16,21,22,23,35,37,44,47],"ascension_level":0}