{"gold_per_floor":[110,129,146,164,164,164,182,182,182,55,55,65,41,52,52,156,156,167,14,14,33,50,50,61,79,79,79,79,94,94,94,94,195,195,211,211,231,131,142,142,142,153,180,0,0,11,27,38,38,38],"floor_reached":51,"playtime":3896,"items_purged":["Defend_R","Defend_R"],"score":620,"play_id":"0a36c152-78e9-4b63-a5d7-2ac5487146f4","local_time":"20190304051137","is_ascension_mode":false,"campfire_choices":[{"data":"Spot Weakness","floor":6,"key":"SMITH"},{"data":"Battle Trance","floor":8,"key":"SMITH"},{"data":"Defend_R","floor":15,"key":"PURGE"},{"data":"Armaments","floor":23,"key":"SMITH"},{"data":"Parasite","floor":27,"key":"PURGE"},{"data":"Shame","floor":30,"key":"PURGE"},{"data":"Whirlwind","floor":32,"key":"SMITH"},{"data":"Strike_R","floor":40,"key":"PURGE"},{"floor":49,"key":"REST"}],"neow_cost":"NONE","seed_source_timestamp":124914062538395,"circlet_count":0,"master_deck":["Strike_R","Strike_R","Strike_R","Strike_R","Bash","Ghostly Armor+1","Spot Weakness+1","Iron Wave","Iron Wave","Battle Trance+1","Shrug It Off","Ghostly Armor","Body Slam","Juggernaut","Shrug It Off+1","Entrench+1","Armaments+1","Flex","Inflame","Whirlwind+1","Reaper","Iron Wave+1","Jack Of All Trades","Parasite","Twin Strike","Iron Wave+1","Writhe","Writhe","Rampage+1","Iron Wave","Iron Wave+1"],"relics":["Burning Blood","Peace Pipe","Cursed Key","Bag of Preparation","Oddly Smooth Stone","Ice Cream","MutagenicStrength","Velvet Choker","CultistMask","Juzu Bracelet","Red Mask"],"potions_floor_usage":[16,16,33,33,33,42,50,50,50],"damage_taken":[{"damage":0,"enemies":"Small Slimes","floor":1,"turns":4},{"damage":14,"enemies":"Jaw Worm","floor":2,"turns":4},{"damage":1,"enemies":"Cultist","floor":3,"turns":3},{"damage":2,"enemies":"Large Slime","floor":4,"turns":7},{"damage":11,"enemies":"Lots of Slimes","floor":7,"turns":5},{"damage":0,"enemies":"Exordium Wildlife","floor":12,"turns":5},{"damage":3,"enemies":"2 Fungi Beasts","floor":14,"turns":3},{"damage":53,"enemies":"The Guardian","floor":16,"turns":15},{"damage":5,"enemies":"3 Byrds","floor":18,"turns":5},{"damage":0,"enemies":"Shell Parasite","floor":21,"turns":4},{"damage":16,"enemies":"Centurion and Healer","floor":22,"turns":6},{"damage":0,"enemies":"Cultist and Chosen","floor":24,"turns":5},{"damage":0,"enemies":"Chosen and Byrds","floor":25,"turns":5},{"damage":7,"enemies":"Sentry and Sphere","floor":29,"turns":5},{"damage":21,"enemies":"Automaton","floor":33,"turns":9},{"damage":12,"enemies":"Orb Walker","floor":35,"turns":4},{"damage":0,"enemies":"3 Shapes","floor":37,"turns":4},{"damage":4,"enemies":"Writhing Mass","floor":39,"turns":5},{"damage":39,"enemies":"Maw","floor":42,"turns":7},{"damage":0,"enemies":"Jaw Worm Horde","floor":46,"turns":2},{"damage":60,"enemies":"4 Shapes","floor":47,"turns":3},{"damage":8,"enemies":"Writhing Mass","floor":48,"turns":4},{"damage":79,"enemies":"Awakened One","floor":50,"turns":11}],"seed_played":"-8916652495312255694","potions_obtained":[{"floor":1,"key":"Dexterity Potion"},{"floor":3,"key":"EssenceOfSteel"},{"floor":4,"key":"SteroidPotion"},{"floor":14,"key":"Strength Potion"},{"floor":16,"key":"Dexterity Potion"},{"floor":24,"key":"Block Potion"},{"floor":33,"key":"EssenceOfSteel"},{"floor":37,"key":"Explosive Potion"},{"floor":39,"key":"SpeedPotion"},{"floor":42,"key":"SpeedPotion"},{"floor":46,"key":"SteroidPotion"}],"is_trial":false,"path_per_floor":["M","M","M","M","?","R","M","R","T","$","?","M","$","M","R","B",null,"M","$","?","M","M","R","M","M","T","R","?","M","R","?","R","B",null,"M","?","M","$","M","R","?","M","T","?","?","M","M","M","R","B",null],"character_chosen":"IRONCLAD","items_purchased":["Shrug It Off","Body Slam","Bag of Preparation"],"campfire_rested":1,"item_purchase_floors":[10,13,19],"current_hp_per_floor":[88,80,85,88,81,81,76,76,76,76,76,82,82,85,85,38,88,88,88,88,88,78,78,84,88,88,85,85,84,84,84,84,69,85,85,85,85,85,85,85,85,62,62,62,83,85,31,29,54,8],"gold":38,"neow_bonus":"TEN_PERCENT_HP_BONUS","is_prod":false,"is_daily":false,"chose_seed":false,"campfire_upgraded":4,"win_rate":0.0,"timestamp":1551672697,"path_taken":["M","M","M","M","?","R","M","R","T","$","?","?","$","M","R","BOSS","M","$","?","?","M","R","M","M","T","R","?","M","R","?","R","BOSS","M","?","M","$","M","R","?","M","T","?","?","M","M","M","R","BOSS"],"build_version":"2019-01-23","purchased_purges":2,"victory":true,"max_hp_per_floor":[88,88,88,88,88,88,88,88,88,88,88,88,88,88,88,88,88,88,88,88,88,88,88,88,88,88,85,85,85,85,85,85,85,85,85,85,85,85,85,85,85,85,85,85,85,85,85,85,85,85],"card_choices":[{"not_picked":["Pummel","Anger"],"picked":"Ghostly Armor","floor":1},{"not_picked":["Pummel","Combust"],"picked":"Spot Weakness","floor":2},{"not_picked":["True Grit","Flame Barrier"],"picked":"Iron Wave","floor":3},{"not_picked":["Headbutt","Corruption"],"picked":"Iron Wave","floor":4},{"not_picked":["Second Wind","Combust"],"picked":"Battle Trance","floor":7},{"not_picked":["Sword Boomerang","Intimidate"],"picked":"Ghostly Armor","floor":12},{"not_picked":["Sever Soul","Warcry","Body Slam"],"picked":"SKIP","floor":14},{"not_picked":["Impervious","Dark Embrace"],"picked":"Juggernaut","floor":16},{"not_picked":["Seeing Red","Bloodletting"],"picked":"Shrug It Off+1","floor":18},{"not_picked":["Twin Strike","Infernal Blade"],"picked":"Entrench+1","floor":21},{"not_picked":["Warcry","Seeing Red+1"],"picked":"Armaments","floor":22},{"not_picked":["Body Slam","Thunderclap"],"picked":"Flex","floor":24},{"not_picked":["Combust+1","Intimidate+1"],"picked":"Inflame","floor":25},{"not_picked":["Burning Pact+1","Power Through"],"picked":"Whirlwind","floor":29},{"not_picked":["Offering","Fiend Fire"],"picked":"Reaper","floor":33},{"not_picked":["Perfected Strike+1","Armaments"],"picked":"Iron Wave+1","floor":35},{"not_picked":["Metamorphosis","Discovery"],"picked":"Jack Of All Trades","floor":36},{"not_picked":["Bloodletting","Clothesline","Burning Pact+1"],"picked":"SKIP","floor":37},{"not_picked":["Inflame","Perfected Strike+1"],"picked":"Twin Strike","floor":39},{"not_picked":["Feel No Pain","Clothesline"],"picked":"Iron Wave+1","floor":42},{"not_picked":["Armaments","Bloodletting+1"],"picked":"Rampage+1","floor":46},{"not_picked":["Heavy Blade","Seeing Red+1"],"picked":"Iron Wave","floor":47},{"not_picked":["Cleave","Heavy Blade"],"picked":"Iron Wave+1","floor":48}],"player_experience":14381,"relics_obtained":[{"floor":9,"key":"Peace Pipe"},{"floor":26,"key":"Oddly Smooth Stone"},{"floor":43,"key":"Juzu Bracelet"}],"event_choices":[{"cards_removed":["Defend_R"],"damage_healed":0,"gold_gain":0,"player_choice":"Card Removal","damage_taken":7,"max_hp_gain":0,"max_hp_loss":0,"event_name":"Golden Wing","floor":5,"gold_loss":0},{"damage_healed":0,"gold_gain":0,"player_choice":"Upgraded","damage_taken":0,"max_hp_gain":0,"max_hp_loss":0,"event_name":"Upgrade Shrine","floor":11,"gold_loss":0,"cards_upgraded":["Ghostly Armor"]},{"damage_healed":0,"gold_gain":0,"player_choice":"Ignored","damage_taken":0,"max_hp_gain":0,"max_hp_loss":0,"event_name":"N\u0027loth","floor":20,"gold_loss":0},{"damage_healed":0,"gold_gain":0,"player_choice":"Stole Relic","damage_taken":0,"relics_obtained":["Ice Cream"],"max_hp_gain":0,"max_hp_loss":0,"event_name":"Addict","floor":28,"gold_loss":0,"cards_obtained":["Shame"]},{"damage_healed":0,"gold_gain":0,"player_choice":"Inject Mutagens","damage_taken":0,"relics_obtained":["MutagenicStrength"],"max_hp_gain":0,"max_hp_loss":0,"event_name":"Drug Dealer","floor":31,"gold_loss":0},{"damage_healed":0,"gold_gain":0,"player_choice":"Memory 1","damage_taken":0,"max_hp_gain":0,"max_hp_loss":0,"event_name":"SensoryStone","floor":36,"gold_loss":0},{"damage_healed":0,"gold_gain":0,"player_choice":"Trade","damage_taken":0,"relics_obtained":["CultistMask"],"max_hp_gain":0,"max_hp_loss":0,"event_name":"FaceTrader","floor":41,"gold_loss":0},{"damage_healed":0,"gold_gain":0,"player_choice":"Paid","damage_taken":0,"relics_obtained":["Red Mask"],"max_hp_gain":0,"max_hp_loss":0,"event_name":"Tomb of Lord Red Mask","floor":44,"gold_loss":180},{"damage_healed":21,"gold_gain":0,"player_choice":"Writhe","damage_taken":0,"max_hp_gain":0,"max_hp_loss":0,"event_name":"Winding Halls","floor":45,"gold_loss":0,"cards_obtained":["Writhe"]}],"is_beta":false,"boss_relics":[{"not_picked":["Empty Cage","Snecko Eye"],"picked":"Cursed Key"},{"not_picked":["Runic Dome","Calling Bell"],"picked":"Velvet Choker"}],"items_purged_floors":[10,38],"is_endless":false,"potions_floor_spawned":[1,3,4,14,16,24,33,37,39,42,46],"ascension_level":0}