{"gold_per_floor":[117,133,150,150,82,95,95,95,95,133,146,169,204,220,220,340,340,356,356,371,296,6,6,29,72,145,145],"floor_reached":27,"playtime":2302,"items_purged":["Defend_G"],"score":320,"play_id":"81e8de6b-5dc3-4915-aa54-1fbe0bcc56c3","local_time":"20180720232927","is_ascension_mode":false,"campfire_choices":[{"data":"Neutralize","floor":8,"key":"SMITH"},{"data":"Infinite Blades","floor":15,"key":"SMITH"},{"floor":23,"key":"REST"}],"neow_cost":"","seed_source_timestamp":173952702526409,"circlet_count":0,"master_deck":["Defend_G","Defend_G","Defend_G","Strike_G","Strike_G","Strike_G","Strike_G","Strike_G","Survivor","Neutralize+1","Riddle With Holes","Footwork","Well Laid Plans","Blade Dance+1","Flechettes","Cloak And Dagger","Flying Knee","Quick Slash","Infinite Blades+1","A Thousand Cuts","Dagger Spray","Backstab","Accuracy","Dagger Spray","Accuracy","Cloak And Dagger+1","PiercingWail"],"relics":["Ring of the Snake","Golden Idol","Shuriken","Gremlin Horn","Ancient Tea Set","Orrery","Vajra","Bag of Marbles","Bottled Lightning"],"potions_floor_usage":[13,13,25,25,25],"damage_taken":[{"damage":2,"enemies":"Cultist","floor":1,"turns":5},{"damage":0,"enemies":"2 Louse","floor":2,"turns":2},{"damage":3,"enemies":"Jaw Worm","floor":3,"turns":4},{"damage":10,"enemies":"Gremlin Gang","floor":6,"turns":7},{"damage":5,"enemies":"Gremlin Nob","floor":10,"turns":4},{"damage":0,"enemies":"Looter","floor":11,"turns":3},{"damage":3,"enemies":"3 Louse","floor":12,"turns":3},{"damage":0,"enemies":"Lagavulin","floor":13,"turns":4},{"damage":5,"enemies":"2 Fungi Beasts","floor":14,"turns":3},{"damage":0,"enemies":"Slime Boss","floor":16,"turns":6},{"damage":27,"enemies":"2 Thieves","floor":18,"turns":3},{"damage":5,"enemies":"3 Byrds","floor":20,"turns":4},{"damage":4,"enemies":"Sentry and Sphere","floor":24,"turns":3},{"damage":41,"enemies":"Slavers","floor":25,"turns":5},{"damage":12,"enemies":"Cultist and Chosen","floor":27,"turns":5}],"seed_played":"5931968653701020120","potions_obtained":[{"floor":1,"key":"Block Potion"},{"floor":2,"key":"Poison Potion"},{"floor":10,"key":"Block Potion"},{"floor":12,"key":"SpeedPotion"},{"floor":14,"key":"Dexterity Potion"},{"floor":18,"key":"Weak Potion"}],"is_trial":false,"path_per_floor":["M","M","M","?","$","M","?","R","T","E","M","M","E","M","R","B",null,"M","?","M","?","$","R","M","E","T"],"character_chosen":"THE_SILENT","items_purchased":["Blade Dance","Accuracy","Vajra"],"campfire_rested":1,"item_purchase_floors":[5,22,22],"current_hp_per_floor":[68,68,65,65,65,55,55,55,55,50,50,47,47,42,42,42,65,38,38,33,33,33,52,48,7,7,0],"gold":145,"neow_bonus":"","is_prod":false,"is_daily":false,"chose_seed":false,"campfire_upgraded":2,"win_rate":0,"timestamp":1532147367,"path_taken":["M","?","M","?","$","M","?","R","T","E","M","M","E","M","R","BOSS","M","?","M","?","$","R","M","E","T","M"],"build_version":"2018-07-19v2","purchased_purges":1,"victory":false,"max_hp_per_floor":[70,70,70,65,65,65,65,65,65,65,65,65,65,65,65,65,65,65,65,65,65,65,65,65,65,65,65],"card_choices":[{"not_picked":["Terror","Dagger Throw"],"picked":"Riddle With Holes","floor":1},{"not_picked":["Deflect","PiercingWail"],"picked":"Footwork","floor":2},{"not_picked":["Prepared","All Out Attack"],"picked":"Well Laid Plans","floor":3},{"not_picked":["Escape Plan","Deflect"],"picked":"Flechettes","floor":6},{"not_picked":["Underhanded Strike","Caltrops"],"picked":"Cloak And Dagger","floor":10},{"not_picked":["Masterful Stab","Bullet Time"],"picked":"Flying Knee","floor":11},{"not_picked":["Underhanded Strike","Deflect"],"picked":"Quick Slash","floor":12},{"not_picked":["Riddle With Holes","Underhanded Strike","Outmaneuver"],"picked":"SKIP","floor":13},{"not_picked":["Footwork","Reflex"],"picked":"Infinite Blades","floor":14},{"not_picked":["Unload","Phantasmal Killer"],"picked":"A Thousand Cuts","floor":16},{"not_picked":["Poisoned Stab","Bane"],"picked":"Dagger Spray","floor":17},{"not_picked":["Heel Hook","Sucker Punch"],"picked":"Backstab","floor":17},{"not_picked":["Slice","Blade Dance"],"picked":"Accuracy","floor":17},{"not_picked":["Wraith Form v2","Underhanded Strike","Poisoned Stab"],"picked":"SKIP","floor":18},{"not_picked":["Sucker Punch","Escape Plan"],"picked":"Dagger Spray","floor":20},{"not_picked":["Deflect","Dagger Throw"],"picked":"Cloak And Dagger+1","floor":24},{"not_picked":["Quick Slash+1","Leg Sweep"],"picked":"PiercingWail","floor":25}],"player_experience":64903,"relics_obtained":[{"floor":9,"key":"Shuriken"},{"floor":10,"key":"Gremlin Horn"},{"floor":13,"key":"Ancient Tea Set"},{"floor":25,"key":"Bag of Marbles"},{"floor":26,"key":"Bottled Lightning"}],"event_choices":[{"event_name":"Golden Idol","player_choice":"Lose Max HP","floor":4,"damage_taken":0},{"event_name":"Living Wall","player_choice":"Grow","floor":7,"damage_taken":0},{"event_name":"Cursed Tome","player_choice":"Ignored","floor":19,"damage_taken":0},{"event_name":"Beggar","player_choice":"Gave Gold","floor":21,"damage_taken":0}],"is_beta":false,"boss_relics":[{"not_picked":["Fusion Hammer","Philosopher\u0027s Stone"],"picked":"Orrery"}],"items_purged_floors":[22],"is_endless":false,"potions_floor_spawned":[1,2,10,12,14,18,24],"killed_by":"Cultist and Chosen","ascension_level":0}