{"gold_per_floor":[363,375,391,149,149,149,159,159,241,241,416,444,719,456,456,456],"floor_reached":16,"playtime":582,"items_purged":["Strike_B","Regret"],"score":98,"play_id":"90021bc6-df70-4d69-b602-2973bfab0f51","local_time":"20190306171805","is_ascension_mode":false,"campfire_choices":[{"data":"Zap","floor":6,"key":"SMITH"},{"data":"Dualcast","floor":8,"key":"SMITH"},{"floor":10,"key":"REST"},{"floor":15,"key":"DIG"}],"neow_cost":"PERCENT_DAMAGE","seed_source_timestamp":98720873818110,"circlet_count":0,"master_deck":["Strike_B","Strike_B","Strike_B","Defend_B","Defend_B","Defend_B","Defend_B","Zap+1","Dualcast+1","Leap","Doubt","Blizzard","Cold Snap","Coolheaded"],"relics":["Cracked Core","Membership Card","Ancient Tea Set","Kunai","Shovel","Shuriken","Toxic Egg 2"],"potions_floor_usage":[],"damage_taken":[{"damage":6,"enemies":"Jaw Worm","floor":1,"turns":3},{"damage":2,"enemies":"2 Louse","floor":2,"turns":3},{"damage":1,"enemies":"Small Slimes","floor":3,"turns":4},{"damage":3,"enemies":"Red Slaver","floor":7,"turns":3},{"damage":15,"enemies":"Lagavulin","floor":12,"turns":8},{"damage":48,"enemies":"Hexaghost","floor":16,"turns":14}],"seed_played":"-2044015297749721330","potions_obtained":[{"floor":2,"key":"Explosive Potion"},{"floor":7,"key":"Strength Potion"},{"floor":12,"key":"Swift Potion"}],"is_trial":false,"path_per_floor":["M","M","M","$","?","R","M","R","T","R","?","E","?","$","R","B"],"character_chosen":"DEFECT","items_purchased":["Membership Card","Shuriken","Blizzard","Cold Snap","Coolheaded"],"campfire_rested":1,"item_purchase_floors":[4,14,14,14,14],"current_hp_per_floor":[48,46,45,45,42,42,39,39,39,61,61,46,46,46,46,0],"gold":456,"neow_bonus":"TWO_FIFTY_GOLD","is_prod":false,"is_daily":false,"chose_seed":false,"campfire_upgraded":2,"win_rate":0.0,"timestamp":1551889085,"path_taken":["M","M","M","$","?","R","M","R","T","R","?","E","?","$","R","BOSS"],"build_version":"2019-01-23","purchased_purges":2,"victory":false,"max_hp_per_floor":[75,75,75,75,75,75,75,75,75,75,75,75,75,75,75,75],"card_choices":[{"not_picked":["Rebound","Melter","Turbo"],"picked":"SKIP","floor":1},{"not_picked":["FTL","Lockon"],"picked":"Leap","floor":2},{"not_picked":["Static Discharge","Rebound","Auto Shields"],"picked":"SKIP","floor":3},{"not_picked":["Turbo","Stack","Steam"],"picked":"SKIP","floor":7},{"not_picked":["Consume","Sunder","Heatsinks"],"picked":"SKIP","floor":12}],"player_experience":91364,"relics_obtained":[{"floor":9,"key":"Kunai"},{"floor":12,"key":"Shovel"},{"floor":15,"key":"Toxic Egg 2"}],"event_choices":[{"damage_healed":0,"gold_gain":0,"player_choice":"Success","damage_taken":3,"relics_obtained":["Ancient Tea Set"],"max_hp_gain":0,"max_hp_loss":0,"event_name":"Scrap Ooze","floor":5,"gold_loss":0},{"damage_healed":0,"gold_gain":175,"player_choice":"AGREE","damage_taken":0,"max_hp_gain":0,"max_hp_loss":0,"event_name":"Liars Game","floor":11,"gold_loss":0,"cards_obtained":["Doubt"]},{"damage_healed":0,"gold_gain":275,"player_choice":"Desecrate","damage_taken":0,"max_hp_gain":0,"max_hp_loss":0,"event_name":"Golden Shrine","floor":13,"gold_loss":0,"cards_obtained":["Regret"]}],"is_beta":false,"boss_relics":[],"items_purged_floors":[4,14],"is_endless":false,"potions_floor_spawned":[2,7,12],"killed_by":"Hexaghost","ascension_level":0}