{"gold_per_floor":[114,129,304,304,341,383,395,407,419,461,503,515,527,569,581,693,705,732,744,756,798,235,565,565,565,590,340,615,615,645,660,660,760,760,775,775,805,820,820,850,880,910,935,107,137,17,117,37,37,37],"floor_reached":51,"playtime":2549,"items_purged":["Strike_R","Inflame"],"score":1242,"play_id":"56a9729d-b735-48b5-9558-55789c05b874","local_time":"20190310155547","daily_mods":["Cursed Run","Flight","DeadlyEvents"],"is_ascension_mode":false,"campfire_choices":[{"data":"Uppercut","floor":8,"key":"SMITH"},{"data":"Rampage","floor":12,"key":"SMITH"},{"data":"Feed","floor":13,"key":"SMITH"},{"floor":15,"key":"REST"},{"data":"True Grit","floor":24,"key":"SMITH"},{"data":"Limit Break","floor":25,"key":"SMITH"},{"data":"Armaments","floor":29,"key":"SMITH"},{"floor":32,"key":"REST"},{"floor":49,"key":"REST"}],"neow_cost":"","seed_source_timestamp":0,"circlet_count":0,"master_deck":["Strike_R","Strike_R","Strike_R","Defend_R","Defend_R","Defend_R","Defend_R","Bash","Rampage+1","Uppercut+1","Doubt","Regret","Clumsy","Feed+1","Regret","Shrug It Off","Spot Weakness","True Grit+1","Decay","Limit Break+1","Armaments+1","Exhume","Shrug It Off","Shame","Regret","Entrench","Shrug It Off","Parasite","Reaper","Regret","Doubt","Doubt","Corruption+1","True Grit","Doubt","Body Slam+1","Feel No Pain+1","Decay","Battle Trance","Whirlwind+1","Flame Barrier","Clumsy"],"special_seed":17965,"relics":["Cursed Key","Darkstone Periapt","Du-Vu Doll","MawBank","Oddly Smooth Stone","Kunai","Dream Catcher","Question Card","Lantern","Strawberry","Lizard Tail","Art of War","Shovel","Dead Branch","Lee\u0027s Waffle","Old Coin","PreservedInsect","Letter Opener","Ginger","Calling Bell","Blood Vial","Matryoshka","Magic Flower","Molten Egg 2","Centennial Puzzle","Pantograph","Champion Belt","Orichalcum","Bottled Tornado","The Courier","Pen Nib","Calipers","Mercury Hourglass","Gremlin Horn","ClockworkSouvenir","Nunchaku","Bag of Marbles","Turnip"],"potions_floor_usage":[6,10,14,16,21,30,33,50,50],"damage_taken":[{"damage":0,"enemies":"Cultist","floor":1,"turns":3},{"damage":0,"enemies":"Small Slimes","floor":2,"turns":3},{"damage":4,"enemies":"Gremlin Nob","floor":6,"turns":3},{"damage":24,"enemies":"Lagavulin","floor":10,"turns":4},{"damage":14,"enemies":"Gremlin Nob","floor":11,"turns":3},{"damage":14,"enemies":"Lagavulin","floor":14,"turns":3},{"damage":27,"enemies":"Slime Boss","floor":16,"turns":9},{"damage":5,"enemies":"Chosen","floor":18,"turns":4},{"damage":35,"enemies":"Slavers","floor":21,"turns":6},{"damage":19,"enemies":"Book of Stabbing","floor":23,"turns":4},{"damage":47,"enemies":"Slavers","floor":30,"turns":6},{"damage":31,"enemies":"2 Thieves","floor":31,"turns":4},{"damage":50,"enemies":"Champ","floor":33,"turns":8},{"damage":31,"enemies":"3 Shapes","floor":35,"turns":6},{"damage":92,"enemies":"Reptomancer","floor":37,"turns":5},{"damage":8,"enemies":"Orb Walker","floor":38,"turns":3},{"damage":10,"enemies":"Giant Head","floor":40,"turns":5},{"damage":48,"enemies":"Reptomancer","floor":41,"turns":4},{"damage":11,"enemies":"Nemesis","floor":42,"turns":3},{"damage":11,"enemies":"Giant Head","floor":45,"turns":2},{"damage":66,"enemies":"Mind Bloom Boss Battle","floor":47,"turns":4},{"damage":71,"enemies":"Awakened One","floor":50,"turns":10}],"seed_played":"-4874959885410320619","potions_obtained":[{"floor":2,"key":"SteroidPotion"},{"floor":6,"key":"SkillPotion"},{"floor":11,"key":"Fire Potion"},{"floor":14,"key":"Explosive Potion"},{"floor":18,"key":"Poison Potion"},{"floor":23,"key":"Block Potion"},{"floor":30,"key":"Poison Potion"},{"floor":33,"key":"FearPotion"},{"floor":40,"key":"Weak Potion"},{"floor":41,"key":"Swift Potion"},{"floor":47,"key":"Strength Potion"}],"is_trial":false,"path_per_floor":["M","M","?","?","T","E","$","R","T","E","E","R","R","E","R","B",null,"M","?","?","E","$","E","R","R","T","$","?","R","E","M","R","B",null,"M","?","E","M","T","E","E","E","T","$","E","$","?","$","R","B",null],"character_chosen":"IRONCLAD","items_purchased":["Dead Branch","Lee\u0027s Waffle","Letter Opener","Calipers","Mercury Hourglass","Gremlin Horn","Battle Trance","ClockworkSouvenir","Bag of Marbles"],"campfire_rested":3,"item_purchase_floors":[22,22,27,44,44,44,44,44,46],"current_hp_per_floor":[80,80,86,92,98,94,94,94,100,76,62,62,62,55,88,67,117,112,112,112,77,124,105,105,105,111,111,117,117,70,39,79,35,160,160,160,107,141,147,140,95,93,99,99,166,166,120,120,175,125],"gold":37,"neow_bonus":"","is_prod":false,"is_daily":true,"chose_seed":false,"campfire_upgraded":6,"win_rate":0,"timestamp":1552229747,"path_taken":["M","?","?","?","?","E","$","R","T","E","?","R","R","E","R","BOSS","M","?","?","?","$","E","R","R","T","$","?","R","?","?","R","BOSS","M","?","?","?","?","E","E","E","T","$","?","$","?","?","R","BOSS"],"build_version":"2019-01-23","purchased_purges":2,"victory":true,"max_hp_per_floor":[80,80,86,92,98,98,98,98,104,104,104,104,104,111,111,117,117,117,117,117,117,124,124,124,124,130,130,136,136,136,136,136,142,160,160,160,160,164,170,170,170,174,180,180,180,180,184,184,184,194],"card_choices":[{"not_picked":["Cleave","Ghostly Armor"],"picked":"Rampage","floor":1},{"not_picked":["Twin Strike","True Grit"],"picked":"Uppercut","floor":2},{"not_picked":["True Grit","Headbutt"],"picked":"Feed","floor":6},{"not_picked":["Pummel","Flex","Warcry"],"picked":"SKIP","floor":10},{"not_picked":["Anger","Clash","Iron Wave"],"picked":"Shrug It Off","floor":11},{"not_picked":["Brutality","True Grit","Pummel"],"picked":"Spot Weakness","floor":14},{"not_picked":["Wild Strike","Anger","Headbutt"],"picked":"True Grit","floor":15},{"not_picked":["Dark Embrace","Exhume","Offering"],"picked":"Limit Break","floor":16},{"not_picked":["Pummel","Wild Strike","Warcry"],"picked":"Armaments","floor":18},{"not_picked":["Warcry+1","Clothesline","Impervious"],"picked":"Shrug It Off","floor":21},{"not_picked":["Clash","Havoc","Wild Strike","Rampage"],"picked":"SKIP","floor":23},{"not_picked":["Rage","Metallicize","Thunderclap"],"picked":"Entrench","floor":30},{"not_picked":["Sever Soul","Twin Strike+1","Flex","Inflame+1"],"picked":"SKIP","floor":31},{"not_picked":["Power Through","Dark Embrace","Perfected Strike+1"],"picked":"Shrug It Off","floor":32},{"not_picked":["Feed","Barricade","Limit Break"],"picked":"Reaper","floor":33},{"not_picked":["Twin Strike+1","Inflame","Evolve+1","Armaments+1"],"picked":"SKIP","floor":35},{"not_picked":["Twin Strike+1","Inflame","Evolve+1","Armaments+1"],"picked":"SKIP","floor":35},{"not_picked":["Wild Strike+1","Clothesline","Bloodletting"],"picked":"Corruption+1","floor":37},{"not_picked":["Combust+1","Evolve+1","Metallicize"],"picked":"True Grit","floor":38},{"not_picked":["Feed+1","Berserk","Havoc+1","Thunderclap+1"],"picked":"SKIP","floor":40},{"not_picked":["Sword Boomerang+1","Seeing Red","Flex"],"picked":"Body Slam+1","floor":41},{"not_picked":["Perfected Strike+1","True Grit","Dark Embrace"],"picked":"Feel No Pain+1","floor":42},{"not_picked":["Heavy Blade+1","Fire Breathing+1","Rampage+1"],"picked":"Whirlwind+1","floor":45},{"not_picked":["True Grit","Perfected Strike+1","Twin Strike+1"],"picked":"Flame Barrier","floor":49}],"player_experience":148971,"relics_obtained":[{"floor":5,"key":"Oddly Smooth Stone"},{"floor":6,"key":"Kunai"},{"floor":9,"key":"Dream Catcher"},{"floor":10,"key":"Question Card"},{"floor":11,"key":"Lantern"},{"floor":14,"key":"Strawberry"},{"floor":21,"key":"Shovel"},{"floor":23,"key":"Old Coin"},{"floor":26,"key":"PreservedInsect"},{"floor":30,"key":"Ginger"},{"floor":34,"key":"Blood Vial"},{"floor":34,"key":"Matryoshka"},{"floor":34,"key":"Magic Flower"},{"floor":37,"key":"Molten Egg 2"},{"floor":39,"key":"Centennial Puzzle"},{"floor":39,"key":"Pantograph"},{"floor":40,"key":"Champion Belt"},{"floor":41,"key":"Orichalcum"},{"floor":42,"key":"Bottled Tornado"},{"floor":43,"key":"The Courier"},{"floor":43,"key":"Pen Nib"},{"floor":45,"key":"Nunchaku"},{"floor":47,"key":"Turnip"}],"event_choices":[{"damage_healed":0,"gold_gain":175,"player_choice":"AGREE","damage_taken":0,"max_hp_gain":0,"max_hp_loss":0,"event_name":"Liars Game","floor":3,"gold_loss":0,"cards_obtained":["Doubt"]},{"damage_healed":0,"gold_gain":0,"player_choice":"Box","damage_taken":0,"relics_obtained":["MawBank"],"max_hp_gain":0,"max_hp_loss":0,"event_name":"Big Fish","floor":4,"gold_loss":0,"cards_obtained":["Regret"]},{"damage_healed":0,"gold_gain":0,"player_choice":"Opened","damage_taken":0,"relics_obtained":["Art of War"],"max_hp_gain":0,"max_hp_loss":0,"event_name":"The Mausoleum","floor":19,"gold_loss":0},{"damage_healed":0,"gold_gain":0,"player_choice":"1 cards matched","damage_taken":0,"max_hp_gain":0,"max_hp_loss":0,"event_name":"Match and Keep!","floor":20,"gold_loss":0,"cards_obtained":["Exhume"]},{"damage_healed":0,"gold_gain":275,"player_choice":"Desecrate","damage_taken":0,"max_hp_gain":0,"max_hp_loss":0,"event_name":"Golden Shrine","floor":28,"gold_loss":0,"cards_obtained":["Regret"]},{"damage_healed":0,"gold_gain":0,"cards_transformed":["Strike_R"],"player_choice":"Transformed","damage_taken":0,"max_hp_gain":0,"max_hp_loss":0,"event_name":"Transmorgrifier","floor":36,"gold_loss":0,"cards_obtained":["Inflame"]},{"damage_healed":0,"gold_gain":0,"player_choice":"Fight","damage_taken":0,"max_hp_gain":0,"max_hp_loss":0,"event_name":"MindBloom","floor":47,"gold_loss":0}],"is_beta":false,"boss_relics":[{"not_picked":["Runic Pyramid","Astrolabe"],"picked":"Lizard Tail"},{"not_picked":["Philosopher\u0027s Stone","Black Star"],"picked":"Calling Bell"}],"items_purged_floors":[22,48],"is_endless":false,"potions_floor_spawned":[2,6,11,14,18,23,30,33,40,41,42,45,47],"ascension_level":0}