{"gold_per_floor":[110,126,126,137,312,338,338,355,355,355,390,390,390,407,407,407],"floor_reached":16,"playtime":528,"items_purged":[],"score":187,"play_id":"c9ca90a5-d522-4ebd-8257-a2f31434254e","local_time":"20190305133703","is_ascension_mode":true,"campfire_choices":[{"floor":7,"key":"REST"},{"floor":12,"key":"REST"},{"floor":15,"key":"REST"}],"neow_cost":"NONE","seed_source_timestamp":1534134118391830,"circlet_count":0,"master_deck":["AscendersBane","Strike_B","Strike_B","Strike_B","Strike_B+1","Defend_B","Defend_B","Defend_B","Defend_B","Zap+1","Dualcast","Rip and Tear","Sweeping Beam","Conserve Battery","Streamline","Compile Driver","Undo","Cold Snap"],"relics":["Cracked Core","Peace Pipe","Du-Vu Doll","Nunchaku","Shuriken"],"potions_floor_usage":[6,11],"damage_taken":[{"damage":0,"enemies":"Cultist","floor":1,"turns":4},{"damage":6,"enemies":"Jaw Worm","floor":2,"turns":4},{"damage":6,"enemies":"2 Louse","floor":4,"turns":2},{"damage":25,"enemies":"Lagavulin","floor":6,"turns":6},{"damage":7,"enemies":"Looter","floor":8,"turns":3},{"damage":20,"enemies":"Gremlin Nob","floor":11,"turns":3},{"damage":28,"enemies":"Exordium Wildlife","floor":14,"turns":4},{"damage":34,"enemies":"Slime Boss","floor":16,"turns":4}],"seed_played":"-1551060720412144329","potions_obtained":[{"floor":2,"key":"Ancient Potion"},{"floor":6,"key":"Strength Potion"}],"is_trial":false,"path_per_floor":["M","M","?","M","?","E","R","M","T","?","E","R","T","M","R","B"],"character_chosen":"DEFECT","items_purchased":[],"campfire_rested":3,"item_purchase_floors":[],"current_hp_per_floor":[71,65,49,43,43,18,41,34,34,27,7,30,30,2,25,0],"gold":407,"neow_bonus":"TEN_PERCENT_HP_BONUS","is_prod":false,"is_daily":false,"chose_seed":false,"campfire_upgraded":0,"win_rate":0,"timestamp":1551771423,"path_taken":["M","M","?","M","?","E","R","M","T","?","E","R","?","M","R","BOSS"],"build_version":"2019-01-23","purchased_purges":0,"victory":false,"max_hp_per_floor":[78,78,78,78,78,78,78,78,78,78,78,78,78,78,78,78],"card_choices":[{"not_picked":["Compile Driver","Redo"],"picked":"Rip and Tear","floor":1},{"not_picked":["Barrage","Consume"],"picked":"Sweeping Beam","floor":2},{"not_picked":["Chaos","Sweeping Beam"],"picked":"Conserve Battery","floor":4},{"not_picked":["Lockon","Chaos"],"picked":"Streamline","floor":6},{"not_picked":["Blizzard","Lockon"],"picked":"Compile Driver","floor":8},{"not_picked":["Reinforced Body","BootSequence"],"picked":"Undo","floor":11},{"not_picked":["Chaos","Rebound"],"picked":"Cold Snap","floor":14}],"player_experience":943685,"relics_obtained":[{"floor":6,"key":"Peace Pipe"},{"floor":9,"key":"Du-Vu Doll"},{"floor":11,"key":"Nunchaku"},{"floor":13,"key":"Shuriken"}],"event_choices":[{"damage_healed":0,"gold_gain":0,"player_choice":"Entered Light","damage_taken":16,"max_hp_gain":0,"max_hp_loss":0,"event_name":"Shining Light","floor":3,"gold_loss":0,"cards_upgraded":["Zap","Strike_B"]},{"damage_healed":0,"gold_gain":175,"player_choice":"AGREE","damage_taken":0,"max_hp_gain":0,"max_hp_loss":0,"event_name":"Liars Game","floor":5,"gold_loss":0,"cards_obtained":["Doubt"]},{"cards_removed":["Doubt"],"damage_healed":0,"gold_gain":0,"player_choice":"Card Removal","damage_taken":7,"max_hp_gain":0,"max_hp_loss":0,"event_name":"Golden Wing","floor":10,"gold_loss":0}],"is_beta":false,"boss_relics":[],"items_purged_floors":[],"is_endless":false,"potions_floor_spawned":[2,6],"killed_by":"Slime Boss","ascension_level":14}