{"gold_per_floor":[112,127,27,27,27,27,37,37,64,64,75,110,110,210,210,210],"floor_reached":16,"playtime":999,"items_purged":["Strike_G"],"score":98,"play_id":"52ec9921-3771-4af5-921e-6af36175d29e","local_time":"20190307191803","is_ascension_mode":false,"campfire_choices":[{"data":"Neutralize","floor":6,"key":"SMITH"},{"data":"Well Laid Plans","floor":8,"key":"SMITH"},{"data":"Survivor","floor":10,"key":"SMITH"},{"data":"Slice","floor":13,"key":"SMITH"},{"data":"Dash","floor":15,"key":"SMITH"}],"neow_cost":"NONE","seed_source_timestamp":191903394754850,"circlet_count":0,"master_deck":["Defend_G","Defend_G","Defend_G","Defend_G","Defend_G","Strike_G","Strike_G","Strike_G","Survivor+1","Neutralize+1","Prepared","Well Laid Plans+1","Slice+1","Dash+1"],"relics":["Ring of the Snake","NeowsBlessing","Dodecahedron","Orichalcum","Sundial"],"potions_floor_usage":[12,16],"damage_taken":[{"damage":0,"enemies":"Jaw Worm","floor":1,"turns":1},{"damage":0,"enemies":"Small Slimes","floor":2,"turns":1},{"damage":0,"enemies":"2 Louse","floor":7,"turns":1},{"damage":7,"enemies":"Lots of Slimes","floor":11,"turns":12},{"damage":15,"enemies":"Gremlin Nob","floor":12,"turns":5},{"damage":36,"enemies":"Hexaghost","floor":16,"turns":17}],"seed_played":"-7976559536065809630","potions_obtained":[{"floor":1,"key":"GamblersBrew"},{"floor":2,"key":"AttackPotion"},{"floor":7,"key":"Ancient Potion"}],"is_trial":false,"path_per_floor":["M","M","$","?","?","R","M","R","T","R","M","E","R","?","R","B"],"character_chosen":"THE_SILENT","items_purchased":["Prepared"],"campfire_rested":0,"item_purchase_floors":[3],"current_hp_per_floor":[70,70,70,58,58,58,58,58,58,58,51,36,36,36,36,0],"gold":210,"neow_bonus":"THREE_ENEMY_KILL","is_prod":false,"is_daily":false,"chose_seed":false,"campfire_upgraded":5,"win_rate":0.0,"timestamp":1551982683,"path_taken":["M","M","$","?","?","R","M","R","T","R","M","E","R","?","R","BOSS"],"build_version":"2019-01-23","purchased_purges":1,"victory":false,"max_hp_per_floor":[70,70,70,70,70,70,70,70,70,70,70,70,70,70,70,70],"card_choices":[{"not_picked":["Terror","Reflex","Quick Slash"],"picked":"SKIP","floor":1},{"not_picked":["Poisoned Stab","Infinite Blades","Dagger Throw"],"picked":"SKIP","floor":2},{"not_picked":["Underhanded Strike","Blade Dance"],"picked":"Well Laid Plans","floor":7},{"not_picked":["Sucker Punch","Backflip"],"picked":"Slice","floor":11},{"not_picked":["Underhanded Strike","Corpse Explosion"],"picked":"Dash","floor":12}],"player_experience":96567,"relics_obtained":[{"floor":9,"key":"Orichalcum"},{"floor":12,"key":"Sundial"}],"event_choices":[{"damage_healed":0,"gold_gain":0,"player_choice":"Success","damage_taken":12,"relics_obtained":["Dodecahedron"],"max_hp_gain":0,"max_hp_loss":0,"event_name":"Scrap Ooze","floor":4,"gold_loss":0},{"cards_removed":["Strike_G"],"damage_healed":0,"gold_gain":0,"player_choice":"Forget","damage_taken":0,"max_hp_gain":0,"max_hp_loss":0,"event_name":"Living Wall","floor":5,"gold_loss":0},{"damage_healed":0,"gold_gain":100,"player_choice":"Gold","damage_taken":0,"max_hp_gain":0,"max_hp_loss":0,"event_name":"Wheel of Change","floor":14,"gold_loss":0}],"is_beta":false,"boss_relics":[],"items_purged_floors":[3],"is_endless":false,"potions_floor_spawned":[1,2,7],"killed_by":"Hexaghost","ascension_level":0}