{"gold_per_floor":[116,116,291,310,310,340,340,265,291,303,315,315,265,281,281,384,384,399,276,191,191,41,41,58,70,70,70,81,81,81,93,93,192,192,211,311,139,139,152,152,176,176,224,241,257,267,279,295,295,295,295,295,51,51],"floor_reached":54,"playtime":2947,"items_purged":["Doubt","Strike_R","Strike_R"],"score":739,"play_id":"f7831a01-fada-4b86-abc4-f91a340f015b","local_time":"20190311001732","is_ascension_mode":false,"campfire_choices":[{"floor":12,"key":"RECALL"},{"data":"Demon Form","floor":15,"key":"SMITH"},{"data":"Limit Break","floor":23,"key":"SMITH"},{"floor":27,"key":"REST"},{"floor":30,"key":"REST"},{"data":"Disarm","floor":32,"key":"SMITH"},{"floor":40,"key":"REST"},{"floor":49,"key":"REST"},{"data":"Limit Break","floor":52,"key":"SMITH"}],"neow_cost":"NONE","seed_source_timestamp":843373721091840,"circlet_count":0,"master_deck":["Strike_R","Strike_R","Defend_R","Defend_R","Defend_R","Defend_R","Bash","Armaments","Disarm","Shockwave","Corruption","Shrug It Off","Demon Form+1","Limit Break+1","Pummel","Flex","Shrug It Off","Heavy Blade+1","Reaper","Heavy Blade+1","Disarm+1","Heavy Blade+1","Limit Break+1","Flame Barrier","Sword Boomerang+1","Flame Barrier","Armaments","Madness","Madness","Shrug It Off","Parasite","Shrug It Off","Limit Break+1"],"relics":["Burning Blood","NeowsBlessing","Prayer Wheel","WingedGreaves","Strawberry","Philosopher\u0027s Stone","Regal Pillow","Blood Vial","Pantograph","White Beast Statue","Mango","Bag of Preparation","DollysMirror"],"potions_floor_usage":[24,29,33,36,50,54,54],"damage_taken":[{"damage":0,"enemies":"Jaw Worm","floor":1,"turns":1},{"damage":0,"enemies":"Small Slimes","floor":4,"turns":1},{"damage":0,"enemies":"Gremlin Nob","floor":6,"turns":1},{"damage":2,"enemies":"Cultist","floor":10,"turns":4},{"damage":15,"enemies":"3 Louse","floor":11,"turns":5},{"damage":13,"enemies":"Exordium Wildlife","floor":14,"turns":4},{"damage":18,"enemies":"The Guardian","floor":16,"turns":11},{"damage":11,"enemies":"Chosen","floor":18,"turns":6},{"damage":29,"enemies":"2 Thieves","floor":24,"turns":5},{"damage":44,"enemies":"Sentry and Sphere","floor":25,"turns":7},{"damage":17,"enemies":"Snecko","floor":28,"turns":5},{"damage":51,"enemies":"Colosseum Slavers","floor":29,"turns":7},{"damage":26,"enemies":"Shelled Parasite and Fungi","floor":31,"turns":5},{"damage":78,"enemies":"Collector","floor":33,"turns":8},{"damage":39,"enemies":"Orb Walker","floor":35,"turns":6},{"damage":49,"enemies":"Mind Bloom Boss Battle","floor":36,"turns":9},{"damage":39,"enemies":"3 Darklings","floor":39,"turns":10},{"damage":45,"enemies":"4 Shapes","floor":44,"turns":8},{"damage":19,"enemies":"Writhing Mass","floor":45,"turns":6},{"damage":48,"enemies":"Sphere and 2 Shapes","floor":46,"turns":6},{"damage":44,"enemies":"Spire Growth","floor":47,"turns":6},{"damage":37,"enemies":"Jaw Worm Horde","floor":48,"turns":8},{"damage":110,"enemies":"Awakened One","floor":50,"turns":8},{"damage":107,"enemies":"Shield and Spear","floor":54,"turns":6}],"seed_played":"-2921353997982673051","potions_obtained":[{"floor":10,"key":"SpeedPotion"},{"floor":14,"key":"Regen Potion"},{"floor":16,"key":"AttackPotion"},{"floor":25,"key":"Regen Potion"},{"floor":31,"key":"Strength Potion"},{"floor":35,"key":"Poison Potion"},{"floor":36,"key":"EntropicBrew"}],"is_trial":false,"path_per_floor":["M","?","?","M","?","E","?","$","T","M","M","R","?","M","R","B",null,"M","$","?","?","$","R","M","M","T","R","M","?","R","M","R","B",null,"M","?","$","?","M","R","T","?","T","M","M","M","M","M","R","B",null,"R","$","E"],"character_chosen":"IRONCLAD","items_purchased":["Flex","Blood Vial","Armaments","PowerPotion","DollysMirror"],"campfire_rested":4,"item_purchase_floors":[19,22,37,53,53],"current_hp_per_floor":[80,85,85,85,67,73,73,73,80,84,75,75,75,68,68,56,92,87,87,87,87,87,87,66,30,30,72,63,30,72,54,54,27,92,59,92,92,79,48,94,94,106,106,104,96,56,48,44,90,43,106,106,106,13],"gold":51,"neow_bonus":"THREE_ENEMY_KILL","is_prod":false,"is_daily":false,"chose_seed":false,"campfire_upgraded":4,"win_rate":0,"timestamp":1552277852,"path_taken":["M","?","?","M","?","E","?","$","T","M","?","R","?","M","R","BOSS","M","$","?","?","$","R","?","M","T","R","M","?","R","M","R","BOSS","M","?","$","?","M","R","?","?","T","?","M","M","M","M","R","BOSS","R","$","E"],"build_version":"2019-01-23","purchased_purges":3,"victory":false,"max_hp_per_floor":[80,85,85,85,85,85,85,85,92,92,92,92,92,92,92,92,92,92,92,92,92,92,92,92,92,92,92,92,92,92,92,92,92,92,92,106,106,106,106,106,106,106,106,106,106,106,106,106,106,106,106,106,106,106],"card_choices":[{"not_picked":["Headbutt","Anger","Bloodletting"],"picked":"SKIP","floor":1},{"not_picked":["Iron Wave","Clash"],"picked":"Armaments","floor":4},{"not_picked":["Power Through","Spot Weakness"],"picked":"Disarm","floor":6},{"not_picked":["Twin Strike","Warcry"],"picked":"Shockwave","floor":10},{"not_picked":["Pummel","Rage","Whirlwind"],"picked":"SKIP","floor":10},{"not_picked":["Hemokinesis","Blood for Blood"],"picked":"Corruption","floor":11},{"not_picked":["Warcry","Pommel Strike","Rage"],"picked":"SKIP","floor":11},{"not_picked":["Heavy Blade","Thunderclap"],"picked":"Shrug It Off","floor":14},{"not_picked":["Warcry","Burning Pact"],"picked":"Demon Form","floor":14},{"not_picked":["Double Tap","Demon Form"],"picked":"Limit Break","floor":16},{"not_picked":["Evolve+1","Wild Strike"],"picked":"Pummel","floor":18},{"not_picked":["Wild Strike","Perfected Strike+1","Hemokinesis+1"],"picked":"SKIP","floor":18},{"not_picked":["Thunderclap","Fire Breathing"],"picked":"Shrug It Off","floor":24},{"not_picked":["Twin Strike","Clash+1","Uppercut"],"picked":"SKIP","floor":24},{"not_picked":["Thunderclap+1","Carnage+1"],"picked":"Heavy Blade+1","floor":25},{"not_picked":["Cleave+1","Armaments"],"picked":"Reaper","floor":25},{"not_picked":["Wild Strike","Flame Barrier+1"],"picked":"Heavy Blade+1","floor":28},{"not_picked":["Anger","Whirlwind","Cleave"],"picked":"SKIP","floor":28},{"not_picked":["Anger","Whirlwind","Cleave"],"picked":"SKIP","floor":28},{"not_picked":["Blood for Blood+1","Entrench"],"picked":"Disarm","floor":31},{"not_picked":["Pummel","Iron Wave"],"picked":"Heavy Blade+1","floor":31},{"not_picked":["Demon Form","Berserk"],"picked":"Limit Break","floor":33},{"not_picked":["True Grit+1","Pommel Strike"],"picked":"Flame Barrier","floor":35},{"not_picked":["Heavy Blade+1","Carnage"],"picked":"Sword Boomerang+1","floor":35},{"not_picked":["Thunderclap+1","Spot Weakness+1"],"picked":"Flame Barrier","floor":36},{"not_picked":["Shockwave","Clothesline+1","Thunderclap"],"picked":"SKIP","floor":39},{"not_picked":["Iron Wave","Bloodletting","Evolve+1"],"picked":"SKIP","floor":39},{"not_picked":["True Grit+1","Iron Wave"],"picked":"Shrug It Off","floor":44},{"not_picked":["Headbutt+1","Feel No Pain","Feed"],"picked":"SKIP","floor":44},{"not_picked":["Burning Pact","Warcry+1","Rampage"],"picked":"SKIP","floor":45},{"not_picked":["Anger+1","Armaments","Flex+1"],"picked":"SKIP","floor":45},{"not_picked":["Perfected Strike","Wild Strike"],"picked":"Shrug It Off","floor":46},{"not_picked":["Blood for Blood","Whirlwind+1","Cleave"],"picked":"SKIP","floor":46},{"not_picked":["Sword Boomerang","Hemokinesis+1","Burning Pact+1"],"picked":"SKIP","floor":47},{"not_picked":["Searing Blow+1","Infernal Blade+1","Blood for Blood"],"picked":"SKIP","floor":47},{"not_picked":["Burning Pact+1","Anger+1","Whirlwind+1"],"picked":"SKIP","floor":48},{"not_picked":["Shockwave+1","Juggernaut","Wild Strike+1"],"picked":"SKIP","floor":48}],"player_experience":1205305,"relics_obtained":[{"floor":6,"key":"WingedGreaves"},{"floor":9,"key":"Strawberry"},{"floor":26,"key":"Pantograph"},{"floor":36,"key":"Mango"},{"floor":41,"key":"Bag of Preparation"}],"event_choices":[{"damage_healed":0,"gold_gain":0,"player_choice":"Donut","damage_taken":0,"max_hp_gain":5,"max_hp_loss":0,"event_name":"Big Fish","floor":2,"gold_loss":0},{"damage_healed":0,"gold_gain":175,"player_choice":"AGREE","damage_taken":0,"max_hp_gain":0,"max_hp_loss":0,"event_name":"Liars Game","floor":3,"gold_loss":0,"cards_obtained":["Doubt"]},{"damage_healed":0,"gold_gain":0,"player_choice":"Success","damage_taken":18,"relics_obtained":["Prayer Wheel"],"max_hp_gain":0,"max_hp_loss":0,"event_name":"Scrap Ooze","floor":5,"gold_loss":0},{"damage_healed":0,"gold_gain":0,"player_choice":"Ignored","damage_taken":0,"max_hp_gain":0,"max_hp_loss":0,"event_name":"NoteForYourself","floor":7,"gold_loss":0},{"cards_removed":["Strike_R"],"damage_healed":0,"gold_gain":0,"player_choice":"Card Removal","damage_taken":0,"max_hp_gain":0,"max_hp_loss":0,"event_name":"The Cleric","floor":13,"gold_loss":50},{"damage_healed":0,"gold_gain":0,"player_choice":"Obtained Relic","damage_taken":0,"relics_obtained":["Regal Pillow"],"max_hp_gain":0,"max_hp_loss":0,"event_name":"Addict","floor":20,"gold_loss":85},{"damage_healed":0,"gold_gain":0,"player_choice":"Bought 0 Potions","damage_taken":0,"max_hp_gain":0,"max_hp_loss":0,"event_name":"The Woman in Blue","floor":21,"gold_loss":0},{"damage_healed":0,"gold_gain":0,"player_choice":"Fight","damage_taken":0,"max_hp_gain":0,"max_hp_loss":0,"event_name":"Colosseum","floor":29,"gold_loss":0},{"damage_healed":0,"gold_gain":0,"player_choice":"Fled From Nobs","damage_taken":0,"max_hp_gain":0,"max_hp_loss":0,"event_name":"Colosseum","floor":29,"gold_loss":0},{"damage_healed":0,"gold_gain":0,"player_choice":"Fight","damage_taken":0,"max_hp_gain":0,"max_hp_loss":0,"event_name":"MindBloom","floor":36,"gold_loss":0},{"damage_healed":0,"gold_gain":0,"player_choice":"Embrace Madness","damage_taken":13,"max_hp_gain":0,"max_hp_loss":0,"event_name":"Winding Halls","floor":38,"gold_loss":0,"cards_obtained":["Madness","Madness"]},{"damage_healed":12,"gold_gain":0,"player_choice":"Full Heal","damage_taken":0,"max_hp_gain":0,"max_hp_loss":0,"event_name":"Wheel of Change","floor":42,"gold_loss":0}],"is_beta":false,"boss_relics":[{"not_picked":["Fusion Hammer","Ectoplasm"],"picked":"Philosopher\u0027s Stone"},{"not_picked":["Calling Bell","Pandora\u0027s Box"],"picked":"White Beast Statue"}],"items_purged_floors":[8,19,37],"is_endless":false,"potions_floor_spawned":[10,14,16,25,28,31,35,36,39,44,45,46,47,48],"killed_by":"Shield and Spear","ascension_level":0}