{"gold_per_floor":[117,117,42,54,71,71,82,97,146,146,162,178,1,1,1,102,102,115,115,15,15,15,15,26,26,51,78,78,89,100,111,111,111],"floor_reached":33,"playtime":1745,"items_purged":["Strike_G","Strike_G"],"score":239,"play_id":"df5fcae8-050a-4395-b211-7cf7f56f1808","local_time":"20190227215848","is_ascension_mode":false,"campfire_choices":[{"data":"Underhanded Strike","floor":6,"key":"SMITH"},{"data":"Footwork","floor":15,"key":"SMITH"},{"floor":23,"key":"REST"},{"floor":25,"key":"REST"},{"floor":28,"key":"REST"},{"floor":32,"key":"REST"}],"neow_cost":"NONE","seed_source_timestamp":1128075765552368,"circlet_count":0,"master_deck":["Defend_G","Defend_G+1","Defend_G","Defend_G","Defend_G","Strike_G","Strike_G","Strike_G","Survivor","Neutralize","Madness+1","Underhanded Strike+1","Footwork+1","Dagger Throw","Eviscerate+1","Dagger Throw","Die Die Die","Calculated Gamble","RitualDagger","Acrobatics","Acrobatics+1","Footwork","Adrenaline"],"relics":["Ring of the Snake","Oddly Smooth Stone","Happy Flower","Black Star","Dream Catcher","War Paint"],"potions_floor_usage":[16],"damage_taken":[{"damage":0,"enemies":"2 Louse","floor":1,"turns":3},{"damage":0,"enemies":"Cultist","floor":4,"turns":5},{"damage":0,"enemies":"Jaw Worm","floor":5,"turns":4},{"damage":0,"enemies":"Blue Slaver","floor":7,"turns":4},{"damage":7,"enemies":"Looter","floor":8,"turns":2},{"damage":6,"enemies":"Exordium Thugs","floor":11,"turns":5},{"damage":2,"enemies":"Large Slime","floor":12,"turns":5},{"damage":26,"enemies":"Hexaghost","floor":16,"turns":15},{"damage":21,"enemies":"2 Thieves","floor":18,"turns":3},{"damage":24,"enemies":"Colosseum Slavers","floor":22,"turns":4},{"damage":22,"enemies":"Chosen","floor":24,"turns":8},{"damage":15,"enemies":"Centurion and Healer","floor":29,"turns":8},{"damage":10,"enemies":"Cultist and Chosen","floor":30,"turns":7},{"damage":20,"enemies":"Shelled Parasite and Fungi","floor":31,"turns":8},{"damage":52,"enemies":"Automaton","floor":33,"turns":6}],"seed_played":"6134947943840299778","potions_obtained":[{"floor":1,"key":"Energy Potion"},{"floor":7,"key":"SteroidPotion"},{"floor":8,"key":"SkillPotion"},{"floor":16,"key":"Weak Potion"},{"floor":29,"key":"SmokeBomb"}],"is_trial":false,"path_per_floor":["M","?","$","M","M","R","M","M","T","?","M","M","$","?","R","B",null,"M","?","$","?","?","R","M","R","T","T","R","M","M","M","R","B"],"character_chosen":"THE_SILENT","items_purchased":["Dagger Throw","Happy Flower"],"campfire_rested":4,"item_purchase_floors":[13,13],"current_hp_per_floor":[70,70,70,70,70,70,70,63,63,63,57,55,55,55,55,29,70,49,43,43,43,19,40,18,39,39,39,60,45,35,15,36,0],"gold":111,"neow_bonus":"RANDOM_COLORLESS","is_prod":false,"is_daily":false,"chose_seed":false,"campfire_upgraded":2,"win_rate":0,"timestamp":1551322728,"path_taken":["M","?","$","M","M","R","M","?","T","?","M","?","?","?","R","BOSS","M","?","$","?","?","R","M","R","T","?","R","M","M","M","R","BOSS"],"build_version":"2019-01-23","purchased_purges":2,"victory":false,"max_hp_per_floor":[70,70,70,70,70,70,70,70,70,70,70,70,70,70,70,70,70,70,70,70,70,70,70,70,70,70,70,70,70,70,70,70,70],"card_choices":[{"not_picked":["Sucker Punch","Acrobatics"],"picked":"Underhanded Strike","floor":1},{"not_picked":["Dagger Throw","Quick Slash"],"picked":"Footwork","floor":4},{"not_picked":["Quick Slash","Cloak And Dagger"],"picked":"Dagger Throw","floor":5},{"not_picked":["Outmaneuver","Setup","Deadly Poison"],"picked":"SKIP","floor":7},{"not_picked":["Tactician","Dagger Spray"],"picked":"Eviscerate","floor":8},{"not_picked":["Finisher","Bane","Bouncing Flask"],"picked":"SKIP","floor":11},{"not_picked":["Bane","Flying Knee","Blade Dance"],"picked":"SKIP","floor":12},{"not_picked":["Malaise","After Image"],"picked":"Die Die Die","floor":16},{"not_picked":["Deadly Poison","Dagger Spray"],"picked":"Calculated Gamble","floor":18},{"not_picked":["Accuracy","Blade Dance"],"picked":"Acrobatics","floor":24},{"not_picked":["Dodge and Roll","Bane"],"picked":"Acrobatics+1","floor":28},{"not_picked":["PiercingWail","Deadly Poison+1"],"picked":"Footwork","floor":29},{"not_picked":["Poisoned Stab","Blur","Dagger Spray"],"picked":"SKIP","floor":30},{"not_picked":["Deadly Poison","Blade Dance","Cloak And Dagger"],"picked":"SKIP","floor":31},{"not_picked":["Concentrate","Underhanded Strike"],"picked":"Adrenaline","floor":32}],"player_experience":1112176,"relics_obtained":[{"floor":9,"key":"Oddly Smooth Stone"},{"floor":26,"key":"Dream Catcher"},{"floor":27,"key":"War Paint"}],"event_choices":[{"damage_healed":0,"gold_gain":0,"player_choice":"Bought 0 Potions","damage_taken":0,"max_hp_gain":0,"max_hp_loss":0,"event_name":"The Woman in Blue","floor":2,"gold_loss":0},{"damage_healed":0,"gold_gain":0,"player_choice":"Forge","damage_taken":0,"max_hp_gain":0,"max_hp_loss":0,"event_name":"Accursed Blacksmith","floor":10,"gold_loss":0,"cards_upgraded":["Eviscerate"]},{"damage_healed":0,"gold_gain":0,"player_choice":"Searched \u00270\u0027 times","damage_taken":0,"max_hp_gain":0,"max_hp_loss":0,"event_name":"Dead Adventurer","floor":14,"gold_loss":0},{"damage_healed":0,"gold_gain":0,"player_choice":"Joined the Cult","damage_taken":6,"max_hp_gain":0,"max_hp_loss":0,"event_name":"Nest","floor":19,"gold_loss":0,"cards_obtained":["RitualDagger"]},{"damage_healed":0,"gold_gain":0,"player_choice":"Ignored","damage_taken":0,"max_hp_gain":0,"max_hp_loss":0,"event_name":"Ghosts","floor":21,"gold_loss":0},{"damage_healed":0,"gold_gain":0,"player_choice":"Fight","damage_taken":0,"max_hp_gain":0,"max_hp_loss":0,"event_name":"Colosseum","floor":22,"gold_loss":0},{"damage_healed":0,"gold_gain":0,"player_choice":"Fled From Nobs","damage_taken":0,"max_hp_gain":0,"max_hp_loss":0,"event_name":"Colosseum","floor":22,"gold_loss":0}],"is_beta":false,"boss_relics":[{"not_picked":["Runic Dome","Runic Pyramid"],"picked":"Black Star"}],"items_purged_floors":[3,20],"is_endless":false,"potions_floor_spawned":[1,7,8,16,29,31],"killed_by":"Automaton","ascension_level":0}