{"gold_per_floor":[111,38,53,72,72,103,103,116,139,151,186,186,196,196,196,291,291,310,322,3,3,3,33,33,51,78,78,93,93,104,119,119,221,221,237,237,256,272,284,284,295,295,295,321,5,5,5,31,31,31],"floor_reached":51,"playtime":2369,"items_purged":[],"score":789,"play_id":"18ab34c4-c72a-4285-a7d3-4b4c2ac982e0","local_time":"20190307153454","is_ascension_mode":false,"campfire_choices":[{"data":"Neutralize","floor":7,"key":"SMITH"},{"data":"Blade Dance","floor":12,"key":"SMITH"},{"floor":15,"key":"REST"},{"data":"1","floor":27,"key":"LIFT"},{"data":"2","floor":32,"key":"LIFT"},{"data":"3","floor":40,"key":"LIFT"},{"data":"Burst","floor":42,"key":"SMITH"},{"data":"Malaise","floor":47,"key":"SMITH"},{"data":"Accuracy","floor":49,"key":"SMITH"}],"neow_cost":"TEN_PERCENT_HP_LOSS","seed_source_timestamp":77552201112798,"circlet_count":0,"master_deck":["Defend_G","Defend_G","Defend_G+1","Defend_G","Defend_G","Survivor","Neutralize+1","Cloak And Dagger","Adrenaline","Cloak And Dagger","PiercingWail+1","Corpse Explosion","Blade Dance+1","Burst+1","Adrenaline","Cloak And Dagger","Acrobatics","Bite","Bite","Bite+1","Bite","Bite+1","Adrenaline","RitualDagger","Finisher","Blade Dance","PiercingWail+1","Malaise+1","Caltrops","Accuracy+1","Accuracy+1"],"relics":["Ring of the Snake","FossilizedHelix","Strawberry","Pen Nib","Potion Belt","Turnip","Coffee Dripper","Girya","Paper Crane","Blood Vial","WristBlade","Ginger","The Courier","Snake Skull","Whetstone","War Paint"],"potions_floor_usage":[11,16,23,25,33,33,33,44,48,50,50,50,50,50],"damage_taken":[{"damage":0,"enemies":"2 Louse","floor":1,"turns":3},{"damage":0,"enemies":"Jaw Worm","floor":3,"turns":3},{"damage":0,"enemies":"Small Slimes","floor":4,"turns":4},{"damage":8,"enemies":"3 Sentries","floor":6,"turns":15},{"damage":0,"enemies":"Blue Slaver","floor":8,"turns":4},{"damage":0,"enemies":"Looter","floor":10,"turns":3},{"damage":26,"enemies":"Lagavulin","floor":11,"turns":9},{"damage":0,"enemies":"Large Slime","floor":13,"turns":4},{"damage":21,"enemies":"Slime Boss","floor":16,"turns":11},{"damage":0,"enemies":"Shell Parasite","floor":18,"turns":6},{"damage":0,"enemies":"3 Byrds","floor":19,"turns":2},{"damage":42,"enemies":"Slavers","floor":23,"turns":3},{"damage":1,"enemies":"Snecko","floor":25,"turns":6},{"damage":0,"enemies":"Snake Plant","floor":28,"turns":6},{"damage":0,"enemies":"3 Cultists","floor":30,"turns":2},{"damage":0,"enemies":"Cultist and Chosen","floor":31,"turns":6},{"damage":28,"enemies":"Champ","floor":33,"turns":10},{"damage":0,"enemies":"3 Darklings","floor":35,"turns":1},{"damage":0,"enemies":"3 Shapes","floor":37,"turns":2},{"damage":8,"enemies":"Writhing Mass","floor":38,"turns":5},{"damage":8,"enemies":"3 Darklings","floor":39,"turns":2},{"damage":9,"enemies":"Transient","floor":41,"turns":5},{"damage":0,"enemies":"Reptomancer","floor":44,"turns":2},{"damage":14,"enemies":"Nemesis","floor":48,"turns":7},{"damage":26,"enemies":"Time Eater","floor":50,"turns":10}],"seed_played":"7020495425121192346","potions_obtained":[{"floor":3,"key":"Regen Potion"},{"floor":4,"key":"SteroidPotion"},{"floor":6,"key":"PowerPotion"},{"floor":19,"key":"SpeedPotion"},{"floor":23,"key":"SpeedPotion"},{"floor":25,"key":"Swift Potion"},{"floor":30,"key":"Energy Potion"},{"floor":33,"key":"AttackPotion"},{"floor":37,"key":"SpeedPotion"},{"floor":48,"key":"Dexterity Potion"}],"is_trial":false,"path_per_floor":["M","$","M","M","?","E","R","M","T","M","E","R","M","T","R","B",null,"M","M","$","?","?","E","?","M","T","R","M","?","M","M","R","B",null,"M","?","M","M","M","R","M","R","T","E","$","?","R","E","R","B",null],"character_chosen":"THE_SILENT","items_purchased":["Adrenaline","Girya","Acrobatics","EntropicBrew","Snake Skull","Whetstone"],"campfire_rested":1,"item_purchase_floors":[2,20,20,45,45,45],"current_hp_per_floor":[63,63,63,63,63,62,62,62,62,62,45,45,45,45,66,45,70,70,70,70,70,49,13,7,16,16,16,34,34,42,49,49,25,49,49,49,49,45,41,41,42,42,42,46,46,46,46,44,44,34],"gold":31,"neow_bonus":"ONE_RARE_RELIC","is_prod":false,"is_daily":false,"chose_seed":false,"campfire_upgraded":5,"win_rate":0,"timestamp":1551969294,"path_taken":["M","$","M","M","?","E","R","M","T","M","E","R","M","?","R","BOSS","M","M","$","?","?","E","?","M","T","R","M","?","M","M","R","BOSS","M","?","?","M","M","R","M","R","T","E","$","?","R","E","R","BOSS"],"build_version":"2019-01-23","purchased_purges":0,"victory":true,"max_hp_per_floor":[63,63,63,63,63,70,70,70,70,70,70,70,70,70,70,70,70,70,70,70,70,49,49,49,49,49,49,49,49,49,49,49,49,49,49,49,49,49,49,49,49,49,49,49,49,49,49,49,49,49],"card_choices":[{"not_picked":["Accuracy","Outmaneuver"],"picked":"Cloak And Dagger","floor":1},{"not_picked":["Prepared","Blade Dance"],"picked":"Cloak And Dagger","floor":3},{"not_picked":["Deadly Poison","Flechettes"],"picked":"PiercingWail","floor":4},{"not_picked":["Outmaneuver","Dodge and Roll"],"picked":"Corpse Explosion","floor":6},{"not_picked":["Blur","Poisoned Stab","Setup"],"picked":"SKIP","floor":8},{"not_picked":["Dagger Throw","Quick Slash"],"picked":"Blade Dance","floor":10},{"not_picked":["Outmaneuver","Slice","Acrobatics"],"picked":"SKIP","floor":11},{"not_picked":["Cloak And Dagger","Bane"],"picked":"Burst","floor":13},{"not_picked":["Wraith Form v2","Burst"],"picked":"Adrenaline","floor":16},{"not_picked":["Flying Knee","Predator+1","Bane+1"],"picked":"SKIP","floor":18},{"not_picked":["Skewer","Deflect+1"],"picked":"Cloak And Dagger","floor":19},{"not_picked":["Flying Knee","Caltrops"],"picked":"Adrenaline","floor":23},{"not_picked":["Reflex","Skewer","Tactician"],"picked":"SKIP","floor":25},{"not_picked":["Cloak And Dagger","Flying Knee+1","Deflect"],"picked":"SKIP","floor":28},{"not_picked":["Deflect+1","Cloak And Dagger"],"picked":"Blade Dance","floor":30},{"not_picked":["Deflect","Sucker Punch"],"picked":"PiercingWail+1","floor":31},{"not_picked":["Doppelganger","Corpse Explosion"],"picked":"Malaise","floor":33},{"not_picked":["Bane+1","Backflip","Flying Knee"],"picked":"SKIP","floor":35},{"not_picked":["Sucker Punch","Flying Knee+1"],"picked":"Caltrops","floor":37},{"not_picked":["Setup","Unload","Caltrops"],"picked":"SKIP","floor":38},{"not_picked":["Deadly Poison+1","PiercingWail+1"],"picked":"Accuracy+1","floor":39},{"not_picked":["All Out Attack","Dash+1","Riddle With Holes+1"],"picked":"SKIP","floor":41},{"not_picked":["Burst","Outmaneuver","Backflip"],"picked":"SKIP","floor":44},{"not_picked":["PiercingWail","Underhanded Strike+1"],"picked":"Accuracy","floor":48}],"player_experience":920800,"relics_obtained":[{"floor":6,"key":"Strawberry"},{"floor":9,"key":"Pen Nib"},{"floor":11,"key":"Potion Belt"},{"floor":14,"key":"Turnip"},{"floor":23,"key":"Paper Crane"},{"floor":26,"key":"Blood Vial"},{"floor":43,"key":"Ginger"},{"floor":44,"key":"The Courier"},{"floor":48,"key":"War Paint"}],"event_choices":[{"damage_healed":0,"gold_gain":0,"player_choice":"Ignored","damage_taken":0,"max_hp_gain":0,"max_hp_loss":0,"event_name":"Liars Game","floor":5,"gold_loss":0},{"damage_healed":0,"gold_gain":0,"player_choice":"Ignored","damage_taken":0,"max_hp_gain":0,"max_hp_loss":0,"event_name":"Ghosts","floor":21,"gold_loss":0},{"damage_healed":0,"gold_gain":0,"player_choice":"Became a vampire","damage_taken":0,"max_hp_gain":0,"max_hp_loss":21,"event_name":"Vampires","floor":22,"gold_loss":0,"cards_obtained":["Bite","Bite","Bite","Bite","Bite"]},{"damage_healed":0,"gold_gain":0,"player_choice":"Joined the Cult","damage_taken":6,"max_hp_gain":0,"max_hp_loss":0,"event_name":"Nest","floor":24,"gold_loss":0,"cards_obtained":["RitualDagger"]},{"damage_healed":0,"gold_gain":0,"player_choice":"Read","damage_taken":0,"max_hp_gain":0,"max_hp_loss":0,"event_name":"The Library","floor":29,"gold_loss":0,"cards_obtained":["Finisher"]},{"damage_healed":0,"gold_gain":0,"player_choice":"Ignored","damage_taken":0,"max_hp_gain":0,"max_hp_loss":0,"event_name":"NoteForYourself","floor":36,"gold_loss":0},{"damage_healed":0,"gold_gain":0,"player_choice":"Ignored","damage_taken":0,"max_hp_gain":0,"max_hp_loss":0,"event_name":"SecretPortal","floor":46,"gold_loss":0}],"is_beta":false,"boss_relics":[{"not_picked":["Empty Cage","Velvet Choker"],"picked":"Coffee Dripper"},{"not_picked":["Eternal Feather","Astrolabe"],"picked":"WristBlade"}],"items_purged_floors":[],"is_endless":false,"potions_floor_spawned":[3,4,6,19,23,25,30,33,37,48],"ascension_level":0}