{"gold_per_floor":[112,0,10,26,43,102,113,142,142,142,142,162,162,162,162,286,286,301,301,326,326,326,326,350,350,374,394,46,46,80,103,103,227,227,250,250,273,288,301,301,332,332,357,371,371,387,387,425,425,425,425,425,14,58,58],"floor_reached":55,"playtime":12797,"items_purged":["Strike_G","Grand Finale"],"score":936,"play_id":"75626abc-deb1-46f0-8307-daa05c18de3f","local_time":"20190311023618","is_ascension_mode":true,"campfire_choices":[{"data":"Prepared","floor":13,"key":"SMITH"},{"data":"Noxious Fumes","floor":15,"key":"SMITH"},{"data":"Footwork","floor":23,"key":"SMITH"},{"data":"Neutralize","floor":25,"key":"SMITH"},{"data":"Reflex","floor":29,"key":"SMITH"},{"floor":32,"key":"REST"},{"data":"Wraith Form v2","floor":40,"key":"SMITH"},{"floor":42,"key":"REST"},{"data":"After Image","floor":45,"key":"SMITH"},{"floor":47,"key":"RECALL"},{"data":"Crippling Poison","floor":49,"key":"SMITH"},{"data":"Well Laid Plans","floor":52,"key":"SMITH"}],"neow_cost":"PERCENT_DAMAGE","seed_source_timestamp":5831312755976279,"circlet_count":0,"master_deck":["Survivor","Neutralize+1","Noxious Fumes+1","Well Laid Plans+1","Footwork+1","Dodge and Roll","Backflip","Dagger Throw","Deflect","Calculated Gamble","Prepared+1","Flechettes","Venomology","Dagger Throw","Crippling Poison+1","Flying Knee","Slice","Envenom","Burst","Escape Plan","PiercingWail","Reflex+1","Footwork+1","Outmaneuver+1","After Image+1","Dodge and Roll+1","Concentrate+1","Wraith Form v2+1","Backflip+1","Reflex+1","Noxious Fumes+1","Backflip+1","Reflex+1","Backstab","Acrobatics+1","Escape Plan","Cloak And Dagger"],"relics":["Ring of the Snake","Mango","Tiny Chest","Incense Burner","Peace Pipe","Golden Idol","Pandora\u0027s Box","Pocketwatch","Letter Opener","StoneCalendar","Orrery","Ancient Tea Set","Pen Nib","Bottled Flame","Mercury Hourglass","Du-Vu Doll"],"potions_floor_usage":[6,20,21,21,27,30,30,31,33,33,33,37,38,39,41,44,46,48,50,54,55,55,55,55],"damage_taken":[{"damage":1,"enemies":"2 Louse","floor":1,"turns":3},{"damage":3,"enemies":"Small Slimes","floor":3,"turns":6},{"damage":0,"enemies":"Cultist","floor":4,"turns":5},{"damage":4,"enemies":"Blue Slaver","floor":5,"turns":6},{"damage":7,"enemies":"3 Sentries","floor":6,"turns":13},{"damage":5,"enemies":"Red Slaver","floor":7,"turns":5},{"damage":8,"enemies":"Lagavulin","floor":8,"turns":9},{"damage":0,"enemies":"2 Fungi Beasts","floor":12,"turns":5},{"damage":11,"enemies":"Hexaghost","floor":16,"turns":12},{"damage":18,"enemies":"3 Byrds","floor":18,"turns":4},{"damage":3,"enemies":"Spheric Guardian","floor":20,"turns":6},{"damage":21,"enemies":"Colosseum Slavers","floor":21,"turns":4},{"damage":7,"enemies":"Snake Plant","floor":24,"turns":5},{"damage":8,"enemies":"Centurion and Healer","floor":27,"turns":6},{"damage":7,"enemies":"Gremlin Leader","floor":30,"turns":7},{"damage":0,"enemies":"Chosen and Byrds","floor":31,"turns":5},{"damage":32,"enemies":"Collector","floor":33,"turns":7},{"damage":8,"enemies":"Orb Walker","floor":35,"turns":6},{"damage":16,"enemies":"3 Darklings","floor":37,"turns":5},{"damage":33,"enemies":"Jaw Worm Horde","floor":38,"turns":5},{"damage":2,"enemies":"Sphere and 2 Shapes","floor":39,"turns":5},{"damage":0,"enemies":"Giant Head","floor":41,"turns":8},{"damage":1,"enemies":"Spire Growth","floor":44,"turns":5},{"damage":0,"enemies":"3 Darklings","floor":46,"turns":5},{"damage":0,"enemies":"Reptomancer","floor":48,"turns":6},{"damage":25,"enemies":"Awakened One","floor":50,"turns":15},{"damage":24,"enemies":"Shield and Spear","floor":54,"turns":7},{"damage":66,"enemies":"The Heart","floor":55,"turns":8}],"seed_played":"-542450106305213098","potions_obtained":[{"floor":5,"key":"EssenceOfSteel"},{"floor":8,"key":"Strength Potion"},{"floor":16,"key":"Weak Potion"},{"floor":24,"key":"EssenceOfSteel"},{"floor":30,"key":"Block Potion"},{"floor":31,"key":"Dexterity Potion"},{"floor":33,"key":"GhostInAJar"},{"floor":38,"key":"Fire Potion"},{"floor":39,"key":"Weak Potion"},{"floor":44,"key":"GamblersBrew"},{"floor":54,"key":"Strength Potion"}],"is_trial":false,"path_per_floor":["M","$","M","M","M","E","M","E","T","?","?","M","R","?","R","B",null,"M","?","M","?","?","R","M","R","T","M","$","R","E","M","R","B",null,"M","?","M","M","M","R","E","R","T","M","R","M","R","E","R","B",null,"R","$","E","B"],"character_chosen":"THE_SILENT","items_purchased":["Well Laid Plans","Letter Opener","LiquidBronze","Mercury Hourglass","Escape Plan"],"campfire_rested":2,"item_purchase_floors":[2,28,53,53,53],"current_hp_per_floor":[62,62,59,59,55,48,43,35,35,35,14,14,14,14,14,3,84,66,66,63,42,42,42,35,35,35,27,27,27,20,20,45,13,84,76,76,60,27,25,25,25,50,50,49,49,49,49,49,49,24,84,84,84,60,0],"gold":58,"neow_bonus":"ONE_RARE_RELIC","is_prod":false,"is_daily":false,"chose_seed":false,"campfire_upgraded":9,"win_rate":0,"timestamp":1552289778,"path_taken":["M","$","M","M","M","E","M","E","T","?","?","M","R","?","R","BOSS","M","?","M","?","?","R","?","R","T","M","$","R","E","M","R","BOSS","M","?","M","?","M","R","E","R","T","M","R","M","R","E","R","BOSS","R","$","E","BOSS"],"build_version":"2019-01-23","purchased_purges":2,"victory":false,"max_hp_per_floor":[84,84,84,84,84,84,84,84,84,84,84,84,84,84,84,84,84,84,84,84,84,84,84,84,84,84,84,84,84,84,84,84,84,84,84,84,84,84,84,84,84,84,84,84,84,84,84,84,84,84,84,84,84,84,84],"card_choices":[{"not_picked":["Flying Knee","Poisoned Stab"],"picked":"Noxious Fumes","floor":1},{"not_picked":["Crippling Poison","Sucker Punch"],"picked":"Footwork","floor":3},{"not_picked":["Deflect","Sucker Punch"],"picked":"Dodge and Roll","floor":4},{"not_picked":["Prepared","Acrobatics"],"picked":"Backflip","floor":5},{"not_picked":["Bane","Burst"],"picked":"Dagger Throw","floor":6},{"not_picked":["Distraction","Underhanded Strike"],"picked":"Deflect","floor":7},{"not_picked":["Deflect","Acrobatics"],"picked":"Calculated Gamble","floor":8},{"not_picked":["Flying Knee","Crippling Poison"],"picked":"Prepared","floor":12},{"not_picked":["Die Die Die","Storm of Steel"],"picked":"Venomology","floor":16},{"not_picked":["Quick Slash","Slice","Masterful Stab"],"picked":"SKIP","floor":18},{"not_picked":["Dagger Throw+1","Setup"],"picked":"Escape Plan","floor":20},{"not_picked":["Prepared+1","Tools of the Trade"],"picked":"PiercingWail","floor":24},{"not_picked":["Backflip+1","Skewer"],"picked":"Reflex","floor":27},{"not_picked":["Prepared","Glass Knife"],"picked":"Footwork+1","floor":30},{"not_picked":["PiercingWail","Flechettes+1"],"picked":"Outmaneuver+1","floor":31},{"not_picked":["Doppelganger","Burst"],"picked":"After Image","floor":33},{"not_picked":["Deflect+1","Choke"],"picked":"Dodge and Roll+1","floor":34},{"not_picked":["Predator","Poisoned Stab"],"picked":"Concentrate+1","floor":34},{"not_picked":["Choke","Outmaneuver"],"picked":"Wraith Form v2","floor":34},{"not_picked":["Bane","PiercingWail+1"],"picked":"Backflip+1","floor":34},{"not_picked":["Endless Agony+1","Bane+1"],"picked":"Reflex+1","floor":35},{"not_picked":["Sucker Punch","Dagger Spray"],"picked":"Backflip+1","floor":37},{"not_picked":["Poisoned Stab+1","Dagger Spray","Blade Dance"],"picked":"SKIP","floor":38},{"not_picked":["Sucker Punch+1","Calculated Gamble","Infinite Blades+1"],"picked":"SKIP","floor":39},{"not_picked":["Bane+1","PiercingWail"],"picked":"Reflex+1","floor":41},{"not_picked":["Quick Slash+1","Reflex"],"picked":"Backstab","floor":44},{"not_picked":["Outmaneuver","Blade Dance"],"picked":"Acrobatics+1","floor":46},{"not_picked":["Deflect","Finisher+1","Dagger Spray"],"picked":"SKIP","floor":48},{"not_picked":["Deflect","Flechettes"],"picked":"Cloak And Dagger","floor":54}],"player_experience":204900,"relics_obtained":[{"floor":6,"key":"Tiny Chest"},{"floor":8,"key":"Incense Burner"},{"floor":9,"key":"Peace Pipe"},{"floor":30,"key":"StoneCalendar"},{"floor":41,"key":"Ancient Tea Set"},{"floor":43,"key":"Pen Nib"},{"floor":48,"key":"Bottled Flame"},{"floor":54,"key":"Du-Vu Doll"}],"event_choices":[{"damage_healed":0,"gold_gain":0,"player_choice":"Ignored","damage_taken":0,"max_hp_gain":0,"max_hp_loss":0,"event_name":"Liars Game","floor":10,"gold_loss":0},{"damage_healed":0,"gold_gain":0,"player_choice":"Take Damage","damage_taken":21,"relics_obtained":["Golden Idol"],"max_hp_gain":0,"max_hp_loss":0,"event_name":"Golden Idol","floor":11,"gold_loss":0},{"damage_healed":0,"gold_gain":0,"cards_transformed":["Defend_G"],"player_choice":"Change","damage_taken":0,"max_hp_gain":0,"max_hp_loss":0,"event_name":"Living Wall","floor":14,"gold_loss":0,"cards_obtained":["Flechettes"]},{"cards_removed":["Envenom"],"damage_healed":0,"gold_gain":0,"player_choice":"Elegance","damage_taken":0,"max_hp_gain":0,"max_hp_loss":0,"event_name":"Back to Basics","floor":19,"gold_loss":0},{"damage_healed":0,"gold_gain":0,"player_choice":"Fight","damage_taken":0,"max_hp_gain":0,"max_hp_loss":0,"event_name":"Colosseum","floor":21,"gold_loss":0},{"damage_healed":0,"gold_gain":0,"player_choice":"Fled From Nobs","damage_taken":0,"max_hp_gain":0,"max_hp_loss":0,"event_name":"Colosseum","floor":21,"gold_loss":0},{"damage_healed":0,"gold_gain":0,"player_choice":"Gave Potion","damage_taken":0,"relics_obtained":["Pocketwatch"],"max_hp_gain":0,"max_hp_loss":0,"event_name":"WeMeetAgain","floor":22,"gold_loss":0},{"damage_healed":0,"gold_gain":0,"player_choice":"Copied","damage_taken":0,"max_hp_gain":0,"max_hp_loss":0,"event_name":"Duplicator","floor":36,"gold_loss":0,"cards_obtained":["Noxious Fumes"]}],"is_beta":false,"boss_relics":[{"not_picked":["Fusion Hammer","Velvet Choker"],"picked":"Pandora\u0027s Box"},{"not_picked":["Calling Bell","Philosopher\u0027s Stone"],"picked":"Orrery"}],"items_purged_floors":[2,28],"is_endless":false,"potions_floor_spawned":[5,8,16,24,30,31,33,38,39,44,54],"killed_by":"The Heart","ascension_level":4}