{"gold_per_floor":[117,47,47,58,78,78,110,110,162,182,193,193,205,205,205,302,302,317,227,15,31,31,31,56,56,56,56,75,75,86,86,86,86],"floor_reached":33,"playtime":2606,"items_purged":["Defend_G"],"score":265,"play_id":"3eb4a5c6-db53-400d-a4d7-6a16198796f0","local_time":"20190304224154","is_ascension_mode":false,"campfire_choices":[{"data":"Footwork","floor":6,"key":"SMITH"},{"floor":8,"key":"REST"},{"data":"Noxious Fumes","floor":12,"key":"SMITH"},{"data":"Neutralize","floor":15,"key":"SMITH"},{"floor":23,"key":"REST"},{"floor":25,"key":"REST"},{"data":"Adrenaline","floor":29,"key":"SMITH"},{"floor":32,"key":"REST"}],"neow_cost":"NONE","seed_source_timestamp":15329489522620,"circlet_count":0,"master_deck":["Defend_G","Defend_G","Defend_G","Strike_G","Strike_G","Strike_G","Strike_G","Strike_G","Survivor","Neutralize+1","Well Laid Plans","Footwork+1","Reflex","Panacea+1","Deadly Poison","Acrobatics","Backstab","Poisoned Stab","Noxious Fumes+1","Poisoned Stab","Unload","Tactician","Backflip","Caltrops","Footwork","Blur","Dodge and Roll+1","Infinite Blades","Backflip","Poisoned Stab","Backstab","Adrenaline+1","Flechettes","Quick Slash+1"],"relics":["Ring of the Snake","NeowsBlessing","Bronze Scales","Bag of Preparation","Orrery","Ancient Tea Set","Ornamental Fan","Darkstone Periapt","Gremlin Horn"],"potions_floor_usage":[7,7,16,33,33],"damage_taken":[{"damage":0,"enemies":"Cultist","floor":1,"turns":1},{"damage":0,"enemies":"2 Louse","floor":4,"turns":1},{"damage":0,"enemies":"Small Slimes","floor":5,"turns":1},{"damage":64,"enemies":"Gremlin Nob","floor":7,"turns":7},{"damage":0,"enemies":"Exordium Thugs","floor":10,"turns":7},{"damage":2,"enemies":"2 Fungi Beasts","floor":11,"turns":4},{"damage":1,"enemies":"Large Slime","floor":13,"turns":6},{"damage":34,"enemies":"Hexaghost","floor":16,"turns":8},{"damage":13,"enemies":"3 Byrds","floor":18,"turns":4},{"damage":17,"enemies":"Shell Parasite","floor":21,"turns":5},{"damage":59,"enemies":"Gremlin Leader","floor":24,"turns":5},{"damage":0,"enemies":"Snake Plant","floor":28,"turns":4},{"damage":11,"enemies":"Centurion and Healer","floor":30,"turns":5},{"damage":43,"enemies":"Champ","floor":33,"turns":11}],"seed_played":"-8501969163909366060","potions_obtained":[{"floor":1,"key":"AttackPotion"},{"floor":4,"key":"Energy Potion"},{"floor":11,"key":"Ancient Potion"},{"floor":21,"key":"Fire Potion"},{"floor":24,"key":"EntropicBrew"},{"floor":28,"key":"Poison Potion"}],"is_trial":false,"path_per_floor":["M","$","?","M","M","R","E","R","T","M","M","R","M","?","R","B",null,"M","?","$","M","$","R","E","R","T","?","M","R","M","?","R","B"],"character_chosen":"THE_SILENT","items_purchased":["Footwork","Infinite Blades","Backflip","Poisoned Stab"],"campfire_rested":4,"item_purchase_floors":[2,20,20,20],"current_hp_per_floor":[70,70,70,70,70,70,6,27,27,27,25,25,24,47,47,13,70,57,57,57,40,40,61,2,23,23,23,23,23,12,12,33,0],"gold":86,"neow_bonus":"THREE_ENEMY_KILL","is_prod":false,"is_daily":false,"chose_seed":false,"campfire_upgraded":4,"win_rate":0.0,"timestamp":1551735714,"path_taken":["M","$","?","M","?","R","E","R","T","M","M","R","M","?","R","BOSS","M","?","$","M","?","R","E","R","T","?","M","R","M","?","R","BOSS"],"build_version":"2019-01-23","purchased_purges":1,"victory":false,"max_hp_per_floor":[70,70,70,70,70,70,70,70,70,70,70,70,70,70,70,70,70,70,70,70,70,70,70,70,70,70,70,70,70,70,70,70,70],"card_choices":[{"not_picked":["Slice","Acrobatics"],"picked":"Well Laid Plans","floor":1},{"not_picked":["Acrobatics","Quick Slash"],"picked":"Deadly Poison","floor":4},{"not_picked":["Flying Knee","Die Die Die"],"picked":"Acrobatics","floor":5},{"not_picked":["Dodge and Roll","Deadly Poison"],"picked":"Backstab","floor":7},{"not_picked":["Riddle With Holes","Blur"],"picked":"Poisoned Stab","floor":10},{"not_picked":["Expertise","Poisoned Stab"],"picked":"Noxious Fumes","floor":11},{"not_picked":["Quick Slash","Prepared"],"picked":"Poisoned Stab","floor":13},{"not_picked":["Phantasmal Killer","Die Die Die"],"picked":"Unload","floor":16},{"not_picked":["Deadly Poison","Acrobatics"],"picked":"Tactician","floor":17},{"not_picked":["Quick Slash","Underhanded Strike"],"picked":"Backflip","floor":17},{"not_picked":["Choke","Riddle With Holes"],"picked":"Caltrops","floor":17},{"not_picked":["Backflip","Riddle With Holes"],"picked":"Footwork","floor":17},{"not_picked":["Skewer","Poisoned Stab"],"picked":"Blur","floor":17},{"not_picked":["Endless Agony","Calculated Gamble"],"picked":"Dodge and Roll+1","floor":18},{"not_picked":["Prepared","Poisoned Stab"],"picked":"Backstab","floor":21},{"not_picked":["Deadly Poison","Infinite Blades+1"],"picked":"Adrenaline","floor":24},{"not_picked":["Outmaneuver","Prepared"],"picked":"Flechettes","floor":28},{"not_picked":["Distraction","Prepared"],"picked":"Quick Slash+1","floor":30}],"player_experience":21171,"relics_obtained":[{"floor":7,"key":"Bronze Scales"},{"floor":9,"key":"Bag of Preparation"},{"floor":24,"key":"Ancient Tea Set"},{"floor":26,"key":"Ornamental Fan"}],"event_choices":[{"damage_healed":0,"gold_gain":0,"player_choice":"2 cards matched","damage_taken":0,"max_hp_gain":0,"max_hp_loss":0,"event_name":"Match and Keep!","floor":3,"gold_loss":0,"cards_obtained":["Reflex","Panacea"]},{"damage_healed":23,"gold_gain":0,"player_choice":"Banana","damage_taken":0,"max_hp_gain":0,"max_hp_loss":0,"event_name":"Big Fish","floor":14,"gold_loss":0},{"cards_removed":["Defend_G"],"damage_healed":0,"gold_gain":0,"player_choice":"Upgrade and Remove","damage_taken":0,"max_hp_gain":0,"max_hp_loss":0,"event_name":"Designer","floor":19,"gold_loss":90,"cards_upgraded":["Panacea"]},{"damage_healed":0,"gold_gain":0,"player_choice":"Opened","damage_taken":0,"relics_obtained":["Darkstone Periapt"],"max_hp_gain":0,"max_hp_loss":0,"event_name":"The Mausoleum","floor":27,"gold_loss":0},{"damage_healed":0,"gold_gain":0,"player_choice":"Gave Potion","damage_taken":0,"relics_obtained":["Gremlin Horn"],"max_hp_gain":0,"max_hp_loss":0,"event_name":"WeMeetAgain","floor":31,"gold_loss":0}],"is_beta":false,"boss_relics":[{"not_picked":["Ectoplasm","Coffee Dripper"],"picked":"Orrery"}],"items_purged_floors":[20],"is_endless":false,"potions_floor_spawned":[1,4,11,21,24,28],"killed_by":"Champ","ascension_level":0}