{"gold_per_floor":[117,137,137,0,0,41,41,77,126,145,189,202,202,218,218,337,337,360,34,34,34,34,34,48,79,79,90,115,135,154,165,165,260,260,277,295,36,52,62,62,79,79,104,118,118,34,34,34,34,34],"floor_reached":50,"playtime":2380,"items_purged":["Strike_R"],"score":831,"play_id":"ec9a0c52-f49c-454b-a1c9-8565da089f40","local_time":"20190307175028","is_ascension_mode":true,"campfire_choices":[{"data":"Whirlwind","floor":7,"key":"SMITH"},{"floor":15,"key":"REST"},{"data":"True Grit","floor":23,"key":"SMITH"},{"data":"Metallicize","floor":32,"key":"SMITH"},{"data":"Juggernaut","floor":40,"key":"SMITH"},{"data":"Juggernaut","floor":42,"key":"SMITH"},{"data":"Juggernaut","floor":45,"key":"SMITH"},{"data":"Metallicize","floor":47,"key":"SMITH"},{"floor":49,"key":"RECALL"}],"neow_cost":"NONE","seed_source_timestamp":0,"circlet_count":0,"master_deck":["AscendersBane","Strike_R","Strike_R","Defend_R","Defend_R","Defend_R","Defend_R","Havoc","Rampage","Juggernaut+1","Whirlwind+1","Headbutt","Juggernaut+1","Flame Barrier","True Grit+1","Juggernaut+1","Battle Trance","Flame Barrier","Havoc","Shrug It Off","Rampage","Headbutt","Metallicize+1","Dark Embrace","Metallicize+1","Sentinel","Iron Wave+1","Havoc","Warcry+1","Shrug It Off","Sentinel","Chrysalis"],"special_seed":0,"relics":["Burning Blood","NeowsBlessing","Bloody Idol","Red Skull","Mummified Hand","Regal Pillow","Bottled Flame","Snecko Eye","DollysMirror","Blood Vial","Letter Opener","Oddly Smooth Stone","Runic Dome","Bronze Scales"],"potions_floor_usage":[8,10,28,50,50],"damage_taken":[{"damage":0.0,"enemies":"2 Louse","floor":1.0,"turns":1.0},{"damage":0.0,"enemies":"Cultist","floor":2.0,"turns":1.0},{"damage":0,"enemies":"Lagavulin","floor":6,"turns":1},{"damage":30,"enemies":"3 Sentries","floor":8,"turns":6},{"damage":2,"enemies":"Jaw Worm","floor":10,"turns":3},{"damage":30,"enemies":"Lagavulin","floor":11,"turns":6},{"damage":0,"enemies":"Lots of Slimes","floor":12,"turns":1},{"damage":11,"enemies":"Looter","floor":14,"turns":2},{"damage":32,"enemies":"Slime Boss","floor":16,"turns":9},{"damage":0,"enemies":"Chosen","floor":18,"turns":3},{"damage":0,"enemies":"3 Byrds","floor":24,"turns":4},{"damage":0,"enemies":"Gremlin Leader","floor":25,"turns":6},{"damage":10,"enemies":"Snecko","floor":27,"turns":4},{"damage":17,"enemies":"Slavers","floor":28,"turns":3},{"damage":0,"enemies":"Centurion and Healer","floor":29,"turns":3},{"damage":2,"enemies":"Snake Plant","floor":30,"turns":3},{"damage":19,"enemies":"Snecko","floor":31,"turns":5},{"damage":27,"enemies":"Automaton","floor":33,"turns":9},{"damage":0,"enemies":"Orb Walker","floor":35,"turns":2},{"damage":0,"enemies":"3 Shapes","floor":36,"turns":1},{"damage":0,"enemies":"Maw","floor":38,"turns":5},{"damage":0,"enemies":"Transient","floor":39,"turns":5},{"damage":9,"enemies":"Spire Growth","floor":41,"turns":4},{"damage":28,"enemies":"Jaw Worm Horde","floor":44,"turns":2},{"damage":57,"enemies":"Awakened One","floor":50,"turns":8}],"seed_played":"-6040544616207188379","potions_obtained":[{"floor":6,"key":"Regen Potion"},{"floor":8,"key":"Poison Potion"},{"floor":10,"key":"Ancient Potion"},{"floor":14,"key":"Poison Potion"},{"floor":25,"key":"SpeedPotion"},{"floor":27,"key":"LiquidBronze"},{"floor":30,"key":"GamblersBrew"},{"floor":35,"key":"Weak Potion"},{"floor":44,"key":"Block Potion"}],"is_trial":false,"path_per_floor":["M","M","?","$","?","E","R","E","T","M","E","M","?","M","R","B",null,"M","$","?","?","?","R","M","E","T","M","E","M","M","M","R","B",null,"M","M","$","M","M","R","M","R","T","M","R","$","R","?","R","B"],"character_chosen":"IRONCLAD","items_purchased":["Juggernaut","DollysMirror","Havoc","Metallicize","Bronze Scales","Sentinel","Shrug It Off","Sentinel"],"campfire_rested":1,"item_purchase_floors":[4,19,19,37,37,37,46,46],"current_hp_per_floor":[78,80,80,80,60,66,66,57,57,61,37,43,36,31,70,44,71,77,77,77,77,77,77,80,80,80,80,74,80,80,72,72,58,75,80,80,80,80,80,80,80,80,80,63,63,63,63,53,53,0],"gold":34,"neow_bonus":"THREE_ENEMY_KILL","is_prod":false,"is_daily":false,"chose_seed":false,"campfire_upgraded":7,"win_rate":0,"timestamp":1551991828,"path_taken":["M","M","?","?","?","E","R","E","T","?","E","?","?","M","R","BOSS","M","$","?","?","?","R","M","E","T","?","E","M","M","M","R","BOSS","M","M","$","M","M","R","M","R","T","M","R","$","R","?","R","BOSS"],"build_version":"2019-01-23","purchased_purges":1,"victory":false,"max_hp_per_floor":[80,80,80,80,80,80,80,80,80,80,80,80,80,80,80,80,80,80,80,80,80,80,80,80,80,80,80,80,80,80,80,80,80,80,80,80,80,80,80,80,80,80,80,80,80,80,80,80,80,80],"card_choices":[{"not_picked":["Flex","Thunderclap"],"picked":"Havoc","floor":1.0},{"not_picked":["Cleave","Headbutt"],"picked":"Rampage","floor":2.0},{"not_picked":["Havoc","Cleave"],"picked":"Whirlwind","floor":6},{"not_picked":["Shockwave","Hemokinesis"],"picked":"Headbutt","floor":8},{"not_picked":["Searing Blow","Flex","Dual Wield"],"picked":"SKIP","floor":10},{"not_picked":["Anger","Fiend Fire"],"picked":"Juggernaut","floor":11},{"not_picked":["Headbutt","Twin Strike"],"picked":"Flame Barrier","floor":12},{"not_picked":["Clash","Sword Boomerang"],"picked":"True Grit","floor":14},{"not_picked":["Immolate","Feed"],"picked":"Juggernaut","floor":16},{"not_picked":["Pummel","Bloodletting"],"picked":"Battle Trance","floor":18},{"not_picked":["Clash+1","Corruption+1","Sword Boomerang"],"picked":"SKIP","floor":24},{"not_picked":["Thunderclap","Limit Break"],"picked":"Headbutt","floor":25},{"not_picked":["Perfected Strike","Thunderclap+1"],"picked":"Metallicize","floor":27},{"not_picked":["Armaments","Intimidate","Impervious"],"picked":"SKIP","floor":28},{"not_picked":["Body Slam","Heavy Blade","Thunderclap+1"],"picked":"SKIP","floor":29},{"not_picked":["Cleave","Shockwave","Flex"],"picked":"SKIP","floor":30},{"not_picked":["Perfected Strike","Warcry","Flex"],"picked":"SKIP","floor":31},{"not_picked":["Fiend Fire","Impervious"],"picked":"Dark Embrace","floor":33},{"not_picked":["Cleave","Intimidate+1","Body Slam"],"picked":"SKIP","floor":35},{"not_picked":["Pommel Strike","Anger","Brutality"],"picked":"SKIP","floor":36},{"not_picked":["Battle Trance","Twin Strike"],"picked":"Iron Wave+1","floor":38},{"not_picked":["Twin Strike","Flex"],"picked":"Havoc","floor":39},{"not_picked":["Intimidate","Cleave+1"],"picked":"Warcry+1","floor":41},{"not_picked":["Clothesline","Second Wind+1","Spot Weakness+1"],"picked":"SKIP","floor":44},{"not_picked":["PanicButton","Dark Shackles"],"picked":"Chrysalis","floor":48}],"player_experience":705409,"relics_obtained":[{"floor":6,"key":"Red Skull"},{"floor":8,"key":"Mummified Hand"},{"floor":9,"key":"Regal Pillow"},{"floor":11,"key":"Bottled Flame"},{"floor":25,"key":"Blood Vial"},{"floor":26,"key":"Letter Opener"},{"floor":28,"key":"Oddly Smooth Stone"}],"event_choices":[{"cards_removed":["Bash"],"damage_healed":0.0,"max_hp_gain":0.0,"max_hp_loss":0.0,"gold_gain":0.0,"event_name":"Bonfire Elementals","player_choice":"Offered Basic","floor":3.0,"gold_loss":0.0,"damage_taken":0.0},{"damage_healed":0,"gold_gain":0,"player_choice":"Take Damage","damage_taken":20,"relics_obtained":["Golden Idol"],"max_hp_gain":0,"max_hp_loss":0,"event_name":"Golden Idol","floor":5,"gold_loss":0},{"cards_removed":["Strike_R"],"damage_healed":0,"gold_gain":0,"player_choice":"Card Removal","damage_taken":7,"max_hp_gain":0,"max_hp_loss":0,"event_name":"Golden Wing","floor":13,"gold_loss":0},{"damage_healed":0,"gold_gain":0,"player_choice":"Read","damage_taken":0,"max_hp_gain":0,"max_hp_loss":0,"event_name":"The Library","floor":20,"gold_loss":0,"cards_obtained":["Shrug It Off"]},{"damage_healed":0,"gold_gain":0,"player_choice":"Gave Idol","damage_taken":0,"relics_obtained":["Bloody Idol"],"max_hp_gain":0,"max_hp_loss":0,"event_name":"Forgotten Altar","floor":21,"relics_lost":["Golden Idol"],"gold_loss":0},{"damage_healed":0,"gold_gain":0,"cards_transformed":["Strike_R"],"player_choice":"Transformed","damage_taken":0,"max_hp_gain":0,"max_hp_loss":0,"event_name":"Transmorgrifier","floor":22,"gold_loss":0,"cards_obtained":["Rampage"]},{"damage_healed":0,"gold_gain":0,"player_choice":"Memory 3","damage_taken":10,"max_hp_gain":0,"max_hp_loss":0,"event_name":"SensoryStone","floor":48,"gold_loss":0}],"is_beta":false,"boss_relics":[{"not_picked":["Eternal Feather","Velvet Choker"],"picked":"Snecko Eye"},{"not_picked":["Fusion Hammer","Tiny House"],"picked":"Runic Dome"}],"items_purged_floors":[19],"is_endless":false,"potions_floor_spawned":[6,8,10,14,25,27,30,31,35,44],"killed_by":"Awakened One","ascension_level":10}