{"gold_per_floor":[99,99,40,40,40,40,40,40,40,40,40,40,40,25,25,25,25,25,25,25,25,25],"floor_reached":22,"playtime":1404,"items_purged":[],"score":360,"play_id":"3a760cdf-f558-4917-9bde-a3c07102489f","local_time":"20190311132821","is_ascension_mode":true,"campfire_choices":[{"floor":8,"key":"REST"},{"data":"Fission","floor":12,"key":"SMITH"},{"floor":15,"key":"REST"}],"neow_cost":"NONE","seed_source_timestamp":2051140482905425,"circlet_count":0,"master_deck":["AscendersBane","Strike_B","Strike_B","Strike_B","Strike_B","Defend_B","Defend_B","Defend_B","Defend_B","Zap","Dualcast","Beam Cell","Undo","Ball Lightning","Zap","Melter","Loop","Static Discharge","Cold Snap","Glacier","Fission+1","Sunder","Fusion","Echo Form","Streamline","RitualDagger","Sweeping Beam"],"relics":["Ectoplasm","Art of War","MawBank","Bronze Scales","Eternal Feather"],"potions_floor_usage":[6,11,11],"damage_taken":[{"damage":1,"enemies":"Cultist","floor":1,"turns":4},{"damage":4,"enemies":"Small Slimes","floor":2,"turns":4},{"damage":2,"enemies":"Jaw Worm","floor":5,"turns":2},{"damage":26,"enemies":"Gremlin Nob","floor":6,"turns":4},{"damage":17,"enemies":"Lots of Slimes","floor":7,"turns":4},{"damage":18,"enemies":"Exordium Wildlife","floor":10,"turns":3},{"damage":12,"enemies":"3 Sentries","floor":11,"turns":8},{"damage":0,"enemies":"Blue Slaver","floor":13,"turns":2},{"damage":0,"enemies":"Looter","floor":14,"turns":2},{"damage":25,"enemies":"Slime Boss","floor":16,"turns":10},{"damage":13,"enemies":"3 Byrds","floor":18,"turns":3},{"damage":0,"enemies":"Chosen","floor":20,"turns":4},{"damage":24,"enemies":"Centurion and Healer","floor":21,"turns":7},{"damage":25,"enemies":"Cultist and Chosen","floor":22,"turns":4}],"seed_played":"-7834535219382919610","potions_obtained":[{"floor":1,"key":"Weak Potion"},{"floor":2,"key":"Dexterity Potion"},{"floor":7,"key":"Regen Potion"}],"is_trial":false,"path_per_floor":["M","M","$","?","M","E","M","R","T","M","E","R","M","M","R","B",null,"M","?","M","M","M"],"character_chosen":"DEFECT","items_purchased":["Ball Lightning"],"campfire_rested":2,"item_purchase_floors":[3],"current_hp_per_floor":[63,59,59,59,57,31,14,35,35,17,20,20,20,20,41,16,57,44,38,38,14,0],"gold":25,"neow_bonus":"BOSS_RELIC","is_prod":false,"is_daily":false,"chose_seed":false,"campfire_upgraded":1,"win_rate":0,"timestamp":1552289301,"path_taken":["M","M","?","?","M","E","M","R","T","M","E","R","M","M","R","BOSS","M","?","M","M","M"],"build_version":"2019-01-23","purchased_purges":0,"victory":false,"max_hp_per_floor":[71,71,71,71,71,71,71,71,71,71,71,71,71,71,71,71,71,71,71,71,71,71],"card_choices":[{"not_picked":["Aggregate","Stack"],"picked":"Beam Cell","floor":1},{"not_picked":["Conserve Battery","Steam"],"picked":"Undo","floor":2},{"not_picked":["Consume","Sweeping Beam"],"picked":"Loop","floor":5},{"not_picked":["Biased Cognition","Blizzard"],"picked":"Static Discharge","floor":6},{"not_picked":["Ball Lightning","Sweeping Beam"],"picked":"Cold Snap","floor":7},{"not_picked":["Rip and Tear","Go for the Eyes"],"picked":"Glacier","floor":10},{"not_picked":["Coolheaded","Rip and Tear"],"picked":"Fission","floor":11},{"not_picked":["Turbo","BootSequence"],"picked":"Sunder","floor":13},{"not_picked":["Steam","Loop"],"picked":"Fusion","floor":14},{"not_picked":["Machine Learning","Seek"],"picked":"Echo Form","floor":16},{"not_picked":["Ball Lightning+1","Go for the Eyes+1"],"picked":"Streamline","floor":18},{"not_picked":["Fusion","Compile Driver"],"picked":"Sweeping Beam","floor":20},{"not_picked":["Beam Cell","Sunder","Compile Driver"],"picked":"SKIP","floor":21}],"player_experience":969151,"relics_obtained":[{"floor":6,"key":"Art of War"},{"floor":9,"key":"MawBank"},{"floor":11,"key":"Bronze Scales"}],"event_choices":[{"damage_healed":0,"gold_gain":0,"player_choice":"2 cards matched","damage_taken":0,"max_hp_gain":0,"max_hp_loss":0,"event_name":"Match and Keep!","floor":4,"gold_loss":0,"cards_obtained":["Zap","Melter"]},{"damage_healed":0,"gold_gain":0,"player_choice":"Joined the Cult","damage_taken":6,"max_hp_gain":0,"max_hp_loss":0,"event_name":"Nest","floor":19,"gold_loss":0,"cards_obtained":["RitualDagger"]}],"is_beta":false,"boss_relics":[{"not_picked":["Lizard Tail","Fusion Hammer"],"picked":"Eternal Feather"}],"items_purged_floors":[],"is_endless":false,"potions_floor_spawned":[1,2,7,10],"killed_by":"Cultist and Chosen","ascension_level":16}