{"gold_per_floor":[359,534,534,552,130,130,144,178,230,255,270,349,368,382,382,478,478,494,101,114,114,21,56,68,94,106,132,144,156,168,180,192,305,317,340,352,384,30,30],"floor_reached":39,"playtime":1806,"items_purged":["Doubt","Strike_G","Catalyst"],"score":664,"play_id":"43c4e1fd-2495-4244-9d45-942794f101e3","local_time":"20181223000327","is_ascension_mode":true,"campfire_choices":[{"data":"Cloak And Dagger","floor":6,"key":"SMITH"},{"floor":15,"key":"REST"},{"floor":24,"key":"REST"},{"floor":28,"key":"REST"},{"data":"Eviscerate","floor":32,"key":"SMITH"}],"neow_cost":"TEN_PERCENT_HP_LOSS","seed_source_timestamp":20125897003100,"circlet_count":0,"master_deck":["AscendersBane","Defend_G","Defend_G","Defend_G","Defend_G","Defend_G","Strike_G","Strike_G","Survivor","Neutralize","All Out Attack","Trip","Panache","Dagger Spray","Cloak And Dagger+1","Escape Plan","Quick Slash","Backflip","Acrobatics","Blade Dance","Backflip","After Image","Blade Dance+1","Backflip","Writhe","Impatience","Acrobatics","Underhanded Strike","Die Die Die","Endless Agony+1","RitualDagger","Reflex","Eviscerate+1","A Thousand Cuts","Noxious Fumes","Parasite"],"relics":["Ring of the Serpent","Regal Pillow","Dream Catcher","Tingsha","Tiny Chest","HoveringKite","Gremlin Horn","Ice Cream","MawBank","Smiling Mask","Singing Bowl"],"potions_floor_usage":[10,10,23,23,33],"damage_taken":[{"damage":5,"enemies":"Jaw Worm","floor":1,"turns":6},{"damage":4,"enemies":"Small Slimes","floor":4,"turns":6},{"damage":0,"enemies":"Cultist","floor":7,"turns":2},{"damage":16,"enemies":"Gremlin Nob","floor":8,"turns":4},{"damage":5,"enemies":"3 Sentries","floor":10,"turns":3},{"damage":0,"enemies":"Blue Slaver","floor":11,"turns":2},{"damage":1,"enemies":"Looter","floor":13,"turns":3},{"damage":8,"enemies":"Large Slime","floor":14,"turns":5},{"damage":46,"enemies":"Hexaghost","floor":16,"turns":12},{"damage":18,"enemies":"2 Thieves","floor":18,"turns":4},{"damage":1,"enemies":"Chosen","floor":20,"turns":4},{"damage":31,"enemies":"Book of Stabbing","floor":23,"turns":4},{"damage":11,"enemies":"Snake Plant","floor":25,"turns":4},{"damage":14,"enemies":"Chosen and Byrds","floor":27,"turns":5},{"damage":26,"enemies":"Collector","floor":33,"turns":7},{"damage":15,"enemies":"3 Darklings","floor":35,"turns":2},{"damage":8,"enemies":"Orb Walker","floor":37,"turns":3},{"damage":33,"enemies":"Writhing Mass","floor":39,"turns":4}],"seed_played":"-5330030758077984549","potions_obtained":[{"floor":1,"key":"Strength Potion"},{"floor":7,"key":"Explosive Potion"},{"floor":8,"key":"EssenceOfSteel"},{"floor":10,"key":"FearPotion"},{"floor":20,"key":"Strength Potion"},{"floor":27,"key":"PowerPotion"},{"floor":33,"key":"Energy Potion"}],"is_trial":false,"path_per_floor":["M","?","?","M","$","R","M","E","T","E","M","T","M","M","R","B",null,"M","$","M","?","$","E","R","M","T","M","R","?","?","?","R","B",null,"M","?","M","$","M"],"character_chosen":"THE_SILENT","items_purchased":["Trip","Panache","Dagger Spray","Cloak And Dagger","Gremlin Horn","Backflip","Impatience","Noxious Fumes","Singing Bowl"],"campfire_rested":3,"item_purchase_floors":[5,5,5,5,19,19,22,38,38],"current_hp_per_floor":[58,58,63,59,59,59,59,43,43,38,38,38,37,29,64,18,56,38,38,37,37,37,6,41,30,30,16,51,45,45,45,45,19,56,41,41,33,33,0],"gold":30,"neow_bonus":"TWO_FIFTY_GOLD","is_prod":false,"is_daily":false,"chose_seed":false,"campfire_upgraded":2,"win_rate":0,"timestamp":1545530607,"path_taken":["M","?","?","M","$","R","M","E","T","E","M","?","?","M","R","BOSS","M","$","M","?","$","E","R","M","T","M","R","?","?","?","R","BOSS","M","?","?","$","M"],"build_version":"2018-12-20","purchased_purges":3,"victory":false,"max_hp_per_floor":[63,63,68,68,68,68,68,68,68,68,68,68,68,68,68,68,68,68,68,68,68,68,68,68,68,68,68,68,68,68,68,68,68,68,68,68,68,68,68],"card_choices":[{"not_picked":["Distraction","Underhanded Strike","Deflect"],"picked":"SKIP","floor":1},{"not_picked":["Acrobatics","Tactician"],"picked":"All Out Attack","floor":4},{"not_picked":["Sucker Punch","Blade Dance"],"picked":"Escape Plan","floor":7},{"not_picked":["Flying Knee","Outmaneuver"],"picked":"Quick Slash","floor":8},{"not_picked":["Setup","Bouncing Flask"],"picked":"Backflip","floor":10},{"not_picked":["Backflip","Masterful Stab"],"picked":"Acrobatics","floor":11},{"not_picked":["Endless Agony","Backflip"],"picked":"Blade Dance","floor":13},{"not_picked":["Dash","Bane"],"picked":"Backflip","floor":14},{"not_picked":["Tools of the Trade","Night Terror"],"picked":"After Image","floor":16},{"not_picked":["Concentrate","Backstab"],"picked":"Blade Dance+1","floor":18},{"not_picked":["Riddle With Holes","Bouncing Flask+1","Skewer"],"picked":"SKIP","floor":20},{"not_picked":["Poisoned Stab","Calculated Gamble"],"picked":"Acrobatics","floor":23},{"not_picked":["Outmaneuver","Bane"],"picked":"Underhanded Strike","floor":24},{"not_picked":["Blur","Deadly Poison"],"picked":"Die Die Die","floor":25},{"not_picked":["Dodge and Roll","Underhanded Strike","Distraction"],"picked":"SKIP","floor":27},{"not_picked":["Slice+1","Bane"],"picked":"Endless Agony+1","floor":28},{"not_picked":["Die Die Die","Storm of Steel"],"picked":"A Thousand Cuts","floor":33},{"not_picked":["Acrobatics+1","Caltrops+1","Deflect+1"],"picked":"SKIP","floor":35},{"not_picked":["Choke","Well Laid Plans","Slice"],"picked":"SKIP","floor":37}],"player_experience":624161,"relics_obtained":[{"floor":8,"key":"Regal Pillow"},{"floor":9,"key":"Dream Catcher"},{"floor":10,"key":"Tingsha"},{"floor":12,"key":"Tiny Chest"},{"floor":23,"key":"MawBank"},{"floor":26,"key":"Smiling Mask"}],"event_choices":[{"damage_healed":0,"gold_gain":175,"player_choice":"AGREE","damage_taken":0,"max_hp_gain":0,"max_hp_loss":0,"event_name":"Liars Game","floor":2,"gold_loss":0,"cards_obtained":["Doubt"]},{"damage_healed":0,"gold_gain":0,"player_choice":"Donut","damage_taken":0,"max_hp_gain":5,"max_hp_loss":0,"event_name":"Big Fish","floor":3,"gold_loss":0},{"damage_healed":0,"gold_gain":0,"player_choice":"Opened","damage_taken":0,"relics_obtained":["Ice Cream"],"max_hp_gain":0,"max_hp_loss":0,"event_name":"The Mausoleum","floor":21,"gold_loss":0,"cards_obtained":["Writhe"]},{"damage_healed":0,"gold_gain":0,"player_choice":"Joined the Cult","damage_taken":6,"max_hp_gain":0,"max_hp_loss":0,"event_name":"Nest","floor":29,"gold_loss":0,"cards_obtained":["RitualDagger"]},{"damage_healed":0,"gold_gain":0,"cards_transformed":["Strike_G","Strike_G"],"player_choice":"Became Test Subject","damage_taken":0,"max_hp_gain":0,"max_hp_loss":0,"event_name":"Drug Dealer","floor":30,"gold_loss":0,"cards_obtained":["Catalyst","Reflex"]},{"damage_healed":0,"gold_gain":0,"player_choice":"Read","damage_taken":0,"max_hp_gain":0,"max_hp_loss":0,"event_name":"The Library","floor":31,"gold_loss":0,"cards_obtained":["Eviscerate"]},{"damage_healed":0,"gold_gain":0,"player_choice":"0 cards matched","damage_taken":0,"max_hp_gain":0,"max_hp_loss":0,"event_name":"Match and Keep!","floor":36,"gold_loss":0,"cards_obtained":[]}],"is_beta":false,"boss_relics":[{"not_picked":["Orrery","Sozu"],"picked":"HoveringKite"},{"not_picked":["Lizard Tail","Calling Bell"],"picked":"Ring of the Serpent"}],"items_purged_floors":[5,19,38],"is_endless":false,"potions_floor_spawned":[1,7,8,10,20,27,33],"killed_by":"Writhing Mass","ascension_level":10}