{"gold_per_floor":[111,16,34,46,61,61,94,94,140,140,140,158,177,142,142,219,219,238,238,255,11,26,26,26],"floor_reached":24,"playtime":844,"items_purged":["Writhe"],"score":376,"play_id":"969dd508-3357-483a-939e-761b7a2486e5","local_time":"20190308130629","is_ascension_mode":true,"campfire_choices":[{"data":"Neutralize","floor":6.0,"key":"SMITH"},{"data":"Noxious Fumes","floor":8.0,"key":"SMITH"},{"floor":10.0,"key":"REST"},{"floor":15.0,"key":"REST"},{"floor":23,"key":"REST"}],"neow_cost":"NONE","seed_source_timestamp":156494824505820,"circlet_count":0,"master_deck":["AscendersBane","Defend_G","Defend_G","Defend_G+1","Defend_G","Defend_G","Strike_G","Strike_G","Strike_G","Strike_G","Strike_G","Survivor+1","Neutralize+1","Finisher","Dagger Spray","Wraith Form v2","Noxious Fumes+1","Blade Dance","Dash+1","Envenom","Bane+1","Leg Sweep"],"special_seed":0,"relics":["Ring of the Snake","Molten Egg 2","War Paint","Philosopher\u0027s Stone","Bronze Scales","Snake Skull"],"potions_floor_usage":[22],"damage_taken":[{"damage":14.0,"enemies":"Jaw Worm","floor":1.0,"turns":7.0},{"damage":4.0,"enemies":"Small Slimes","floor":3.0,"turns":6.0},{"damage":6.0,"enemies":"Cultist","floor":4.0,"turns":3.0},{"damage":1.0,"enemies":"2 Fungi Beasts","floor":5.0,"turns":4.0},{"damage":27.0,"enemies":"3 Sentries","floor":7.0,"turns":9.0},{"damage":9.0,"enemies":"Lagavulin Event","floor":11.0,"turns":3.0},{"damage":12.0,"enemies":"Large Slime","floor":12.0,"turns":6.0},{"damage":2.0,"enemies":"Red Slaver","floor":13.0,"turns":4.0},{"damage":17.0,"enemies":"The Guardian","floor":16.0,"turns":12.0},{"damage":25.0,"enemies":"Spheric Guardian","floor":18.0,"turns":6.0},{"damage":15.0,"enemies":"2 Thieves","floor":20.0,"turns":4.0},{"damage":20,"enemies":"Chosen and Byrds","floor":22,"turns":4},{"damage":36,"enemies":"Slavers","floor":24,"turns":3}],"seed_played":"-7914636301615188964","potions_obtained":[{"floor":1.0,"key":"SmokeBomb"},{"floor":12.0,"key":"Strength Potion"},{"floor":18.0,"key":"PowerPotion"}],"is_trial":false,"path_per_floor":["M","$","M","M","M","R","E","R","T","R","?","M","M","?","R","B",null,"M","?","M","$","M","R","E"],"character_chosen":"THE_SILENT","items_purchased":["Finisher","Fire Potion","Snake Skull"],"campfire_rested":3,"item_purchase_floors":[2,2,21],"current_hp_per_floor":[51,51,47,41,40,40,13,13,13,34,25,13,11,29,50,33,62,37,37,22,22,2,23,0],"gold":26,"neow_bonus":"TEN_PERCENT_HP_BONUS","is_prod":false,"is_daily":false,"chose_seed":false,"campfire_upgraded":2,"win_rate":0,"timestamp":1552046789,"path_taken":["M","$","M","M","M","R","E","R","T","R","?","M","M","?","R","BOSS","M","?","M","$","M","R","E"],"build_version":"2019-01-23","purchased_purges":1,"victory":false,"max_hp_per_floor":[72,72,72,72,72,72,72,72,72,72,72,72,72,72,72,72,72,72,72,72,72,72,72,72],"card_choices":[{"not_picked":["Setup","Prepared","Expertise"],"picked":"SKIP","floor":1.0},{"not_picked":["Underhanded Strike","Choke"],"picked":"Dagger Spray","floor":3.0},{"not_picked":["Setup","Poisoned Stab"],"picked":"Wraith Form v2","floor":4.0},{"not_picked":["Finisher","Bane","Accuracy"],"picked":"SKIP","floor":5.0},{"not_picked":["Blur","Dagger Throw"],"picked":"Noxious Fumes","floor":7.0},{"not_picked":["Underhanded Strike+1","Deflect"],"picked":"Blade Dance","floor":12.0},{"not_picked":["Dagger Spray+1","Deadly Poison"],"picked":"Dash+1","floor":13.0},{"not_picked":["Night Terror","Tools of the Trade"],"picked":"Envenom","floor":16.0},{"not_picked":["Poisoned Stab+1","Deflect"],"picked":"Bane+1","floor":18.0},{"not_picked":["Bane+1","Flying Knee+1","Sucker Punch+1"],"picked":"SKIP","floor":20.0},{"not_picked":["Expertise","Escape Plan"],"picked":"Leg Sweep","floor":22}],"player_experience":936463,"relics_obtained":[{"floor":7.0,"key":"Molten Egg 2"},{"floor":9.0,"key":"War Paint"}],"event_choices":[{"damage_healed":0.0,"max_hp_gain":0.0,"max_hp_loss":0.0,"gold_gain":0.0,"event_name":"Dead Adventurer","player_choice":"Searched \u00272\u0027 times","floor":11.0,"gold_loss":0.0,"damage_taken":0.0},{"damage_healed":18.0,"max_hp_gain":0.0,"max_hp_loss":0.0,"gold_gain":0.0,"event_name":"The Cleric","player_choice":"Healed","floor":14.0,"gold_loss":35.0,"damage_taken":0.0},{"damage_healed":0.0,"max_hp_gain":0.0,"max_hp_loss":0.0,"gold_gain":0.0,"event_name":"The Mausoleum","player_choice":"Opened","floor":19.0,"gold_loss":0.0,"damage_taken":0.0,"relics_obtained":["Bronze Scales"],"cards_obtained":["Writhe"]}],"is_beta":false,"boss_relics":[{"not_picked":["WristBlade","Black Star"],"picked":"Philosopher\u0027s Stone"}],"items_purged_floors":[21],"is_endless":false,"potions_floor_spawned":[1,5,11,12,18],"killed_by":"Slavers","ascension_level":18}