{"gold_per_floor":[118,70,70,70,84,84,104,123,200,150,150,164,184,194,194,289,339,350,350,360,360,285,285,317,334,359,5,5,5,5,25,25,129,129,140,155,32,44,44,44,0,0,0,0,13,13,13,27,27,27],"floor_reached":50,"playtime":3094,"items_purged":["Strike_B","Defend_B"],"score":527,"play_id":"e19c0d65-0a02-4284-a1f7-fc2427ae21d1","local_time":"20190306170214","is_ascension_mode":false,"campfire_choices":[{"data":"Creative AI","floor":6,"key":"SMITH"},{"data":"Dualcast","floor":11,"key":"SMITH"},{"data":"Zap","floor":15,"key":"SMITH"},{"data":"Electrodynamics","floor":23,"key":"SMITH"},{"floor":29,"key":"REST"},{"floor":32,"key":"REST"},{"data":"Rainbow","floor":40,"key":"SMITH"},{"data":"Redo","floor":42,"key":"SMITH"},{"data":"Chaos","floor":44,"key":"SMITH"},{"data":"Redo","floor":46,"key":"SMITH"},{"floor":49,"key":"REST"}],"neow_cost":"NONE","seed_source_timestamp":95258282180416,"circlet_count":0,"master_deck":["Defend_B","Defend_B","Defend_B","Zap+1","Dualcast+1","Creative AI+1","Cold Snap+1","Leap","Cold Snap","Blizzard","Conserve Battery","Redo+1","Glacier","Thunder Strike","Coolheaded","Coolheaded","Electrodynamics+1","Leap","Blizzard","Sweeping Beam+1","Chaos+1","Redo+1","Rainbow+1","Redo+1","Sweeping Beam","Leap","Cold Snap+1","Redo"],"relics":["Cracked Core","Mummified Hand","Tiny House","PreservedInsect","Whetstone","Anchor","Art of War","Black Star","Red Mask","Blue Candle"],"potions_floor_usage":[16,24,33,33,38,50,50,50],"damage_taken":[{"damage":0,"enemies":"2 Louse","floor":1,"turns":2},{"damage":1,"enemies":"Jaw Worm","floor":5,"turns":4},{"damage":0,"enemies":"Small Slimes","floor":7,"turns":3},{"damage":0,"enemies":"Looter","floor":8,"turns":4},{"damage":14,"enemies":"Large Slime","floor":12,"turns":6},{"damage":0,"enemies":"2 Fungi Beasts","floor":13,"turns":4},{"damage":4,"enemies":"Exordium Wildlife","floor":14,"turns":4},{"damage":0,"enemies":"The Guardian","floor":16,"turns":10},{"damage":1,"enemies":"Shell Parasite","floor":18,"turns":6},{"damage":18,"enemies":"Chosen","floor":20,"turns":8},{"damage":13,"enemies":"Slavers","floor":24,"turns":3},{"damage":20,"enemies":"Shelled Parasite and Fungi","floor":25,"turns":7},{"damage":5,"enemies":"Snecko","floor":31,"turns":5},{"damage":42,"enemies":"Collector","floor":33,"turns":13},{"damage":0,"enemies":"3 Shapes","floor":35,"turns":2},{"damage":12,"enemies":"3 Darklings","floor":36,"turns":8},{"damage":37,"enemies":"Maw","floor":38,"turns":9},{"damage":0,"enemies":"4 Shapes","floor":45,"turns":4},{"damage":20,"enemies":"Jaw Worm Horde","floor":48,"turns":7},{"damage":42,"enemies":"Awakened One","floor":50,"turns":22}],"seed_played":"9071364076676927761","potions_obtained":[{"floor":1,"key":"Fire Potion"},{"floor":8,"key":"FearPotion"},{"floor":12,"key":"EssenceOfSteel"},{"floor":14,"key":"Strength Potion"},{"floor":16,"key":"SpeedPotion"},{"floor":33,"key":"FocusPotion"},{"floor":36,"key":"FocusPotion"},{"floor":38,"key":"Strength Potion"},{"floor":48,"key":"Weak Potion"}],"is_trial":false,"path_per_floor":["M","$","?","$","M","R","M","M","T","?","R","M","M","M","R","B",null,"M","?","M","?","?","R","E","M","T","$","?","R","T","M","R","B",null,"M","M","$","M","?","R","?","R","T","R","M","R","$","M","R","B"],"character_chosen":"DEFECT","items_purchased":["Leap","Chaos","Redo","Anchor","Leap"],"campfire_rested":3,"item_purchase_floors":[2,27,27,27,37],"current_hp_per_floor":[75,75,75,75,74,74,74,74,74,74,74,60,60,56,56,56,80,79,79,61,61,61,61,48,28,28,28,13,38,38,33,58,16,85,85,73,73,36,36,36,36,36,36,36,36,36,36,16,41,0],"gold":27,"neow_bonus":"ONE_RANDOM_RARE_CARD","is_prod":false,"is_daily":false,"chose_seed":false,"campfire_upgraded":8,"win_rate":0.0,"timestamp":1551888134,"path_taken":["M","$","?","$","M","R","M","M","T","?","R","M","M","M","R","BOSS","M","?","M","?","?","R","E","M","T","$","?","R","?","M","R","BOSS","M","M","$","M","?","R","?","R","T","R","M","R","?","M","R","BOSS"],"build_version":"2019-01-23","purchased_purges":2,"victory":false,"max_hp_per_floor":[75,75,75,75,75,75,75,75,75,75,75,75,75,75,75,75,80,80,80,80,80,80,80,80,80,80,80,85,85,85,85,85,85,85,85,85,85,85,85,85,85,85,85,85,85,85,85,85,85,85],"card_choices":[{"not_picked":["Reinforced Body","Streamline"],"picked":"Cold Snap","floor":1},{"not_picked":["Beam Cell","Hello World"],"picked":"Cold Snap","floor":5},{"not_picked":["Stack","Steam","Tempest"],"picked":"SKIP","floor":7},{"not_picked":["Ball Lightning","Gash"],"picked":"Blizzard","floor":8},{"not_picked":["Streamline","Darkness"],"picked":"Conserve Battery","floor":12},{"not_picked":["Blizzard","Doom and Gloom"],"picked":"Redo","floor":13},{"not_picked":["Cold Snap","Rebound"],"picked":"Glacier","floor":14},{"not_picked":["All For One","Biased Cognition"],"picked":"Thunder Strike","floor":16},{"not_picked":["FTL","Barrage"],"picked":"Coolheaded","floor":17},{"not_picked":["Compile Driver","Gash"],"picked":"Coolheaded","floor":18},{"not_picked":["Barrage","Compile Driver"],"picked":"Leap","floor":20},{"not_picked":["Compile Driver","Hologram"],"picked":"Blizzard","floor":24},{"not_picked":["FTL+1","Beam Cell"],"picked":"Sweeping Beam","floor":25},{"not_picked":["Gash","Rebound+1","Streamline+1"],"picked":"SKIP","floor":31},{"not_picked":["Reboot","Fission"],"picked":"Rainbow","floor":33},{"not_picked":["Beam Cell","Melter"],"picked":"Redo","floor":35},{"not_picked":["Consume","BootSequence"],"picked":"Sweeping Beam","floor":36},{"not_picked":["Doom and Gloom","Hologram+1"],"picked":"Cold Snap+1","floor":38},{"not_picked":["Rebound+1","Barrage+1"],"picked":"Redo","floor":45},{"not_picked":["Self Repair","Stack","Rebound+1"],"picked":"SKIP","floor":48}],"player_experience":88270,"relics_obtained":[{"floor":9,"key":"Mummified Hand"},{"floor":24,"key":"PreservedInsect"},{"floor":26,"key":"Whetstone"},{"floor":30,"key":"Art of War"},{"floor":43,"key":"Blue Candle"}],"event_choices":[{"cards_removed":["Strike_B"],"damage_healed":0,"gold_gain":0,"player_choice":"Forget","damage_taken":0,"max_hp_gain":0,"max_hp_loss":0,"event_name":"Living Wall","floor":3,"gold_loss":0},{"cards_removed":["Strike_B"],"damage_healed":0,"gold_gain":0,"player_choice":"Card Removal","damage_taken":0,"max_hp_gain":0,"max_hp_loss":0,"event_name":"The Cleric","floor":10,"gold_loss":50},{"damage_healed":0,"gold_gain":0,"player_choice":"Read","damage_taken":0,"max_hp_gain":0,"max_hp_loss":0,"event_name":"The Library","floor":19,"gold_loss":0,"cards_obtained":["Electrodynamics"]},{"damage_healed":0,"gold_gain":0,"player_choice":"Ignored","damage_taken":0,"max_hp_gain":0,"max_hp_loss":0,"event_name":"Ghosts","floor":21,"gold_loss":0},{"cards_removed":["Strike_B"],"damage_healed":0,"gold_gain":0,"player_choice":"Gave Gold","damage_taken":0,"max_hp_gain":0,"max_hp_loss":0,"event_name":"Beggar","floor":22,"gold_loss":75},{"damage_healed":0,"gold_gain":0,"player_choice":"Shed Blood","damage_taken":20,"max_hp_gain":5,"max_hp_loss":0,"event_name":"Forgotten Altar","floor":28,"gold_loss":0},{"damage_healed":0,"gold_gain":0,"player_choice":"Ignored","damage_taken":0,"max_hp_gain":0,"max_hp_loss":0,"event_name":"Mysterious Sphere","floor":39,"gold_loss":0},{"damage_healed":0,"gold_gain":0,"player_choice":"Paid","damage_taken":0,"relics_obtained":["Red Mask"],"max_hp_gain":0,"max_hp_loss":0,"event_name":"Tomb of Lord Red Mask","floor":41,"gold_loss":44}],"is_beta":false,"boss_relics":[{"not_picked":["White Beast Statue","Calling Bell"],"picked":"Tiny House"},{"not_picked":["Philosopher\u0027s Stone","Runic Dome"],"picked":"Black Star"}],"items_purged_floors":[27,37],"is_endless":false,"potions_floor_spawned":[1,8,12,14,16,18,33,36,38,48],"killed_by":"Awakened One","ascension_level":0}