{"gold_per_floor":[119,119,119,119,139,177,177,27,51,71,90,90,114,130,130,249,249,243,166,166,191,214,214,257,272,272,272],"floor_reached":27,"playtime":1915,"items_purged":[],"score":233,"play_id":"c7cb46a2-2457-43de-974a-b5750e5739ef","local_time":"20180721000134","is_ascension_mode":false,"campfire_choices":[{"data":"Blade Dance","floor":7,"key":"SMITH"},{"data":"Blade Dance","floor":12,"key":"SMITH"},{"floor":15,"key":"REST"},{"floor":23,"key":"REST"}],"neow_cost":"NONE","seed_source_timestamp":176267390406940,"circlet_count":0,"master_deck":["Defend_G","Defend_G","Defend_G","Defend_G","Defend_G","Strike_G","Strike_G","Strike_G","Strike_G","Strike_G","Survivor","Neutralize+1","Blade Dance+1","Dagger Throw","Deadly Poison","Dagger Throw","Blade Dance+1","Deflect","Dagger Throw","Burst","Cloak And Dagger","J.A.X.","Flying Knee","Blade Dance","Cloak And Dagger"],"relics":["Ring of the Snake","Happy Flower","Golden Idol","Mummified Hand","Pen Nib","Vajra","Nloth\u0027s Gift","Boot","Darkstone Periapt","Meat on the Bone"],"potions_floor_usage":[11,11,16,25,27],"damage_taken":[{"damage":0,"enemies":"Small Slimes","floor":1,"turns":4},{"damage":1,"enemies":"Cultist","floor":5,"turns":4},{"damage":35,"enemies":"Lagavulin","floor":6,"turns":8},{"damage":10,"enemies":"2 Louse","floor":10,"turns":2},{"damage":10,"enemies":"Large Slime","floor":11,"turns":4},{"damage":4,"enemies":"Exordium Thugs","floor":13,"turns":3},{"damage":0,"enemies":"Blue Slaver","floor":14,"turns":2},{"damage":20,"enemies":"Slime Boss","floor":16,"turns":9},{"damage":13,"enemies":"2 Thieves","floor":18,"turns":4},{"damage":14,"enemies":"Shell Parasite","floor":22,"turns":4},{"damage":38,"enemies":"Slavers","floor":24,"turns":4},{"damage":6,"enemies":"Snake Plant","floor":25,"turns":4},{"damage":23,"enemies":"Cultist and Chosen","floor":27,"turns":5}],"seed_played":"-7137962147577254205","potions_obtained":[{"floor":6,"key":"Dexterity Potion"},{"floor":10,"key":"AttackPotion"},{"floor":14,"key":"GhostInAJar"},{"floor":22,"key":"Block Potion"},{"floor":25,"key":"EssenceOfSteel"}],"is_trial":false,"path_per_floor":["M","?","?","?","M","E","R","$","T","M","M","R","M","M","R","B",null,"M","?","?","T","M","R","E","M","T"],"character_chosen":"THE_SILENT","items_purchased":["Pen Nib"],"campfire_rested":2,"item_purchase_floors":[8],"current_hp_per_floor":[70,70,70,65,64,29,29,29,29,19,9,9,5,5,24,4,65,52,52,52,52,38,57,19,13,13,0],"gold":272,"neow_bonus":"RANDOM_COMMON_RELIC","is_prod":false,"is_daily":false,"chose_seed":false,"campfire_upgraded":2,"win_rate":0,"timestamp":1532149294,"path_taken":["M","?","?","?","M","E","R","?","T","M","M","R","M","?","R","BOSS","M","?","?","?","M","R","E","M","T","?"],"build_version":"2018-07-19v2","purchased_purges":0,"victory":false,"max_hp_per_floor":[70,70,70,65,65,65,65,65,65,65,65,65,65,65,65,65,65,65,65,65,65,65,65,65,65,65,65],"card_choices":[{"not_picked":["Quick Slash","Expertise"],"picked":"Blade Dance","floor":1},{"not_picked":["Expertise","Escape Plan"],"picked":"Dagger Throw","floor":5},{"not_picked":["Wraith Form v2","Poisoned Stab"],"picked":"Deadly Poison","floor":6},{"not_picked":["Flying Knee","Slice"],"picked":"Dagger Throw","floor":10},{"not_picked":["Expertise","Choke"],"picked":"Blade Dance","floor":11},{"not_picked":["Noxious Fumes","Underhanded Strike"],"picked":"Deflect","floor":13},{"not_picked":["Eviscerate","Bane"],"picked":"Dagger Throw","floor":14},{"not_picked":["Night Terror","Corpse Explosion"],"picked":"Burst","floor":16},{"not_picked":["Backflip","Acrobatics"],"picked":"Cloak And Dagger","floor":18},{"not_picked":["Dodge and Roll","Expertise"],"picked":"Flying Knee","floor":22},{"not_picked":["Dagger Throw","Adrenaline"],"picked":"Blade Dance","floor":24},{"not_picked":["Outmaneuver","Bane"],"picked":"Cloak And Dagger","floor":25}],"player_experience":67205,"relics_obtained":[{"floor":6,"key":"Mummified Hand"},{"floor":9,"key":"Vajra"},{"floor":21,"key":"Boot"},{"floor":24,"key":"Darkstone Periapt"},{"floor":26,"key":"Meat on the Bone"}],"event_choices":[{"event_name":"The Cleric","player_choice":"Leave","floor":2,"damage_taken":0},{"event_name":"Living Wall","player_choice":"Grow","floor":3,"damage_taken":0},{"event_name":"Golden Idol","player_choice":"Lose Max HP","floor":4,"damage_taken":0},{"event_name":"Drug Dealer","player_choice":"Got JAXXED","floor":19,"damage_taken":0},{"event_name":"N\u0027loth","player_choice":"Traded a Runic Pyramid","floor":20,"damage_taken":0}],"is_beta":false,"boss_relics":[{"not_picked":["White Beast Statue","Calling Bell"],"picked":"Runic Pyramid"}],"items_purged_floors":[],"is_endless":false,"potions_floor_spawned":[6,10,14,22,25],"killed_by":"Cultist and Chosen","ascension_level":0}