{"gold_per_floor":[211,123,53,68,83,83,98,98,152,179,65,81,108,126,126,228,228,239,43,53,64,64],"floor_reached":22,"playtime":1490,"items_purged":[],"score":198,"play_id":"0ff4460a-09fa-4e82-9498-87d4c39c7e6d","local_time":"20190307215856","is_ascension_mode":false,"campfire_choices":[{"data":"Cold Snap","floor":6,"key":"SMITH"},{"floor":8,"key":"REST"},{"floor":15,"key":"REST"}],"neow_cost":"NONE","seed_source_timestamp":934984045587973,"circlet_count":0,"master_deck":["Strike_B","Strike_B","Strike_B","Strike_B","Defend_B","Defend_B","Defend_B","Defend_B","Zap","Dualcast","Cold Snap+1","Capacitor","Go for the Eyes","Gash","Coolheaded","Sunder+1","Doom and Gloom+1","White Noise","Ball Lightning+1","Auto Shields","Loop","Amplify","Defragment","Ball Lightning+1","Auto Shields","Lockon+1"],"relics":["Cracked Core","Pen Nib","Ancient Tea Set","Molten Egg 2","Centennial Puzzle","Inserter","Lantern"],"potions_floor_usage":[10,12,21],"damage_taken":[{"damage":7,"enemies":"Jaw Worm","floor":1,"turns":4},{"damage":0,"enemies":"Cultist","floor":4,"turns":4},{"damage":8,"enemies":"Small Slimes","floor":5,"turns":4},{"damage":10,"enemies":"Exordium Thugs","floor":7,"turns":6},{"damage":21,"enemies":"Lagavulin","floor":10,"turns":8},{"damage":11,"enemies":"Exordium Wildlife","floor":12,"turns":3},{"damage":23,"enemies":"Gremlin Nob","floor":13,"turns":4},{"damage":2,"enemies":"3 Louse","floor":14,"turns":2},{"damage":14,"enemies":"Hexaghost","floor":16,"turns":8},{"damage":20,"enemies":"3 Byrds","floor":18,"turns":5},{"damage":20,"enemies":"2 Thieves","floor":20,"turns":4},{"damage":24,"enemies":"Shelled Parasite and Fungi","floor":21,"turns":7},{"damage":17,"enemies":"Snake Plant","floor":22,"turns":4}],"seed_played":"-6656824559553551943","potions_obtained":[{"floor":4,"key":"Poison Potion"},{"floor":10,"key":"Regen Potion"},{"floor":12,"key":"GamblersBrew"},{"floor":14,"key":"Dexterity Potion"}],"is_trial":false,"path_per_floor":["M","?","$","M","M","R","M","R","T","E","$","M","E","M","R","B",null,"M","$","M","M","M"],"character_chosen":"DEFECT","items_purchased":["Capacitor","Doom and Gloom+1","White Noise","Ball Lightning+1","Lantern"],"campfire_rested":2,"item_purchase_floors":[3,11,11,19,19],"current_hp_per_floor":[68,68,68,68,60,60,50,72,72,51,51,45,22,20,42,28,75,55,55,35,11,0],"gold":64,"neow_bonus":"HUNDRED_GOLD","is_prod":false,"is_daily":false,"chose_seed":false,"campfire_upgraded":1,"win_rate":0,"timestamp":1552006736,"path_taken":["M","?","$","M","M","R","M","R","T","E","?","M","E","?","R","BOSS","M","$","M","M","M"],"build_version":"2019-01-23","purchased_purges":0,"victory":false,"max_hp_per_floor":[75,75,75,75,75,75,75,75,75,75,75,75,75,75,75,75,75,75,75,75,75,75],"card_choices":[{"not_picked":["Gash","Hologram"],"picked":"Cold Snap","floor":1},{"not_picked":["Compile Driver","Scrape"],"picked":"Go for the Eyes","floor":4},{"not_picked":["Sweeping Beam","Force Field"],"picked":"Gash","floor":5},{"not_picked":["Rip and Tear","Steam"],"picked":"Coolheaded","floor":7},{"not_picked":["Double Energy","Hologram"],"picked":"Sunder","floor":10},{"not_picked":["Darkness","Steam"],"picked":"Ball Lightning+1","floor":12},{"not_picked":["Streamline+1","Meteor Strike+1"],"picked":"Auto Shields","floor":13},{"not_picked":["Chaos","Streamline+1"],"picked":"Loop","floor":14},{"not_picked":["Core Surge+1","Biased Cognition"],"picked":"Amplify","floor":16},{"not_picked":["Heatsinks","Rebound+1"],"picked":"Defragment","floor":18},{"not_picked":["Loop","Skim+1"],"picked":"Auto Shields","floor":20},{"not_picked":["Recycle+1","Sweeping Beam+1"],"picked":"Lockon+1","floor":21}],"player_experience":30036,"relics_obtained":[{"floor":9,"key":"Ancient Tea Set"},{"floor":10,"key":"Molten Egg 2"},{"floor":13,"key":"Centennial Puzzle"}],"event_choices":[{"damage_healed":0,"gold_gain":0,"player_choice":"Paid Gold","damage_taken":0,"relics_obtained":["Pen Nib"],"max_hp_gain":0,"max_hp_loss":0,"event_name":"WeMeetAgain","floor":2,"gold_loss":88}],"is_beta":false,"boss_relics":[{"not_picked":["Tiny House","Snecko Eye"],"picked":"Inserter"}],"items_purged_floors":[],"is_endless":false,"potions_floor_spawned":[4,10,12,14],"killed_by":"Snake Plant","ascension_level":0}