{"gold_per_floor":[109,109,121,196,53,80,80,104,179,179,27,27,38,38,38,140,140,157,23,23,39,52,52,64,64,64,83,5,23,23],"floor_reached":30,"playtime":1208,"items_purged":["Strike_B","Strike_B"],"score":266,"play_id":"025cf78f-86f6-4313-a40e-d882b356f9e8","local_time":"20190306011638","is_ascension_mode":true,"campfire_choices":[{"data":"Amplify","floor":7.0,"key":"SMITH"},{"data":"Reinforced Body","floor":12.0,"key":"SMITH"},{"data":"Dualcast","floor":15.0,"key":"SMITH"},{"data":"Skim","floor":23,"key":"SMITH"}],"neow_cost":"NONE","seed_source_timestamp":420218311935488,"circlet_count":0,"master_deck":["Strike_B","Strike_B","Defend_B","Defend_B","Defend_B","Defend_B","Zap+1","Dualcast+1","Reinforced Body+1","Conserve Battery","Amplify+1","BootSequence","Static Discharge+1","Go for the Eyes+1","Machine Learning+1","Barrage+1","Static Discharge+1","Skim+1","Leap","Heatsinks+1","Decay","Chill","Storm+1","Storm+1"],"special_seed":0,"relics":["Cracked Core","NeowsBlessing","Bag of Marbles","Odd Mushroom","Molten Egg 2","Frozen Egg 2","Inserter","Darkstone Periapt"],"potions_floor_usage":[30],"damage_taken":[{"damage":0.0,"enemies":"Jaw Worm","floor":1.0,"turns":1.0},{"damage":0.0,"enemies":"Cultist","floor":3.0,"turns":1.0},{"damage":0.0,"enemies":"3 Sentries","floor":6.0,"turns":1.0},{"damage":12.0,"enemies":"The Mushroom Lair","floor":8.0,"turns":5.0},{"damage":0.0,"enemies":"Small Slimes","floor":13.0,"turns":3.0},{"damage":21.0,"enemies":"Hexaghost","floor":16.0,"turns":9.0},{"damage":0.0,"enemies":"Spheric Guardian","floor":18.0,"turns":8.0},{"damage":6,"enemies":"3 Byrds","floor":21,"turns":1},{"damage":18,"enemies":"Cultist and Chosen","floor":22,"turns":4},{"damage":14,"enemies":"Centurion and Healer","floor":24,"turns":5},{"damage":6,"enemies":"Chosen and Byrds","floor":27,"turns":4},{"damage":19,"enemies":"Sentry and Sphere","floor":29,"turns":3},{"damage":19,"enemies":"3 Cultists","floor":30,"turns":4}],"seed_played":"-8312482108590949131","potions_obtained":[{"floor":6.0,"key":"GamblersBrew"},{"floor":13.0,"key":"Dexterity Potion"},{"floor":16.0,"key":"Strength Potion"},{"floor":21,"key":"LiquidBronze"}],"is_trial":false,"path_per_floor":["M","?","M","?","$","E","R","?","T","T","$","R","M","$","R","B",null,"M","$","?","M","M","R","M","?","T","M","$","M","M"],"character_chosen":"DEFECT","items_purchased":["Amplify","Static Discharge+1","Static Discharge+1","Storm+1"],"campfire_rested":0,"item_purchase_floors":[5,11,19,28],"current_hp_per_floor":[75,75,75,64,64,64,64,52,52,52,52,52,52,52,52,31,75,75,75,75,69,51,51,37,37,37,31,31,12,0],"gold":23,"neow_bonus":"THREE_ENEMY_KILL","is_prod":false,"is_daily":false,"chose_seed":false,"campfire_upgraded":4,"win_rate":0,"timestamp":1551852998,"path_taken":["M","?","?","?","?","E","R","?","T","?","$","R","M","?","R","BOSS","M","$","?","?","M","R","M","?","T","M","$","M","?"],"build_version":"2019-01-23","purchased_purges":2,"victory":false,"max_hp_per_floor":[75,75,75,75,75,75,75,75,75,75,75,75,75,75,75,75,75,75,75,75,75,75,75,75,75,75,75,75,75,75],"card_choices":[{"not_picked":["Sweeping Beam","Steam Power"],"picked":"Reinforced Body","floor":1.0},{"not_picked":["Leap","Sweeping Beam"],"picked":"Conserve Battery","floor":3.0},{"not_picked":["Sweeping Beam","Hologram","Doom and Gloom"],"picked":"SKIP","floor":6.0},{"not_picked":["Streamline","Sweeping Beam"],"picked":"BootSequence","floor":8.0},{"not_picked":["Compile Driver+1","Sweeping Beam+1"],"picked":"Go for the Eyes+1","floor":13.0},{"not_picked":["Multi-Cast","Fission"],"picked":"Machine Learning+1","floor":16.0},{"not_picked":["Beam Cell+1","Sweeping Beam+1"],"picked":"Barrage+1","floor":18.0},{"not_picked":["Barrage+1","Beam Cell+1"],"picked":"Skim","floor":21},{"not_picked":["Compile Driver+1","Redo+1"],"picked":"Leap","floor":22},{"not_picked":["Stack+1","Doom and Gloom+1"],"picked":"Heatsinks+1","floor":24},{"not_picked":["Hyperbeam+1","Steam"],"picked":"Chill","floor":27},{"not_picked":["Double Energy","Turbo+1"],"picked":"Storm+1","floor":29}],"player_experience":1138150,"relics_obtained":[{"floor":6.0,"key":"Bag of Marbles"},{"floor":8.0,"key":"Odd Mushroom"},{"floor":9.0,"key":"Molten Egg 2"},{"floor":10.0,"key":"Frozen Egg 2"},{"floor":26,"key":"Darkstone Periapt"}],"event_choices":[{"damage_healed":0.0,"max_hp_gain":0.0,"max_hp_loss":0.0,"gold_gain":0.0,"event_name":"The Woman in Blue","player_choice":"Bought 0 Potions","floor":2.0,"gold_loss":0.0,"damage_taken":0.0},{"damage_healed":0.0,"max_hp_gain":0.0,"max_hp_loss":0.0,"gold_gain":75.0,"event_name":"World of Goop","player_choice":"Gather Gold","floor":4.0,"gold_loss":0.0,"damage_taken":11.0},{"damage_healed":0.0,"max_hp_gain":0.0,"max_hp_loss":0.0,"gold_gain":0.0,"event_name":"Mushrooms","player_choice":"Fought Mushrooms","floor":8.0,"gold_loss":0.0,"damage_taken":0.0},{"damage_healed":0,"gold_gain":0,"player_choice":"Upgraded","damage_taken":0,"max_hp_gain":0,"max_hp_loss":0,"event_name":"Upgrade Shrine","floor":20,"gold_loss":0,"cards_upgraded":["Zap"]},{"damage_healed":0,"gold_gain":0,"player_choice":"Cursed","damage_taken":0,"max_hp_gain":0,"max_hp_loss":0,"event_name":"Wheel of Change","floor":25,"gold_loss":0,"cards_obtained":["Decay"]}],"is_beta":false,"boss_relics":[{"not_picked":["Empty Cage","Snecko Eye"],"picked":"Inserter"}],"items_purged_floors":[11,19],"is_endless":false,"potions_floor_spawned":[6,13,16,18,21,24,29],"killed_by":"3 Cultists","ascension_level":1}