{"gold_per_floor":[113,132,152,165,165,194,206,225,225,225,242,258,258,273,273,371,371,386,386,405,103,123,123,149,109,409,442,453,485,500,532,532,630,630,645,645,101,101,112,138,138,156,156,256,478,489,503,523,523,523],"floor_reached":51,"playtime":6761,"items_purged":["Dualcast"],"score":872,"play_id":"91a883ea-ed90-4a9a-93dc-b901e8bbea8f","local_time":"20190311103213","is_ascension_mode":true,"campfire_choices":[{"floor":10.0,"key":"REST"},{"floor":15.0,"key":"REST"},{"floor":23,"key":"RECALL"},{"floor":32,"key":"REST"},{"floor":41,"key":"REST"},{"floor":49,"key":"REST"}],"neow_cost":"NONE","seed_source_timestamp":0,"circlet_count":0,"master_deck":["Strike_B","Strike_B","Strike_B","Strike_B","Defend_B","Defend_B","Defend_B","Defend_B","Zap","Undo","Self Repair","Stack","Ball Lightning","Echo Form","Chill","Self Repair","Reboot","Seek","BootSequence","Defragment","FTL","Cold Snap","Loop","Glacier","Chill","Creative AI","Storm","Echo Form","Defragment","Conserve Battery+1","Electrodynamics","Force Field","Echo Form"],"special_seed":0,"relics":["Cracked Core","Juzu Bracelet","Letter Opener","Fusion Hammer","Cables","Orichalcum","Old Coin","Bottled Flame","Ornamental Fan","Red Mask","Philosopher\u0027s Stone","PreservedInsect","Bottled Tornado","Pantograph","Art of War","Thread and Needle"],"potions_floor_usage":[27,27,29,33,50,50],"damage_taken":[{"damage":2.0,"enemies":"Small Slimes","floor":1.0,"turns":3.0},{"damage":6.0,"enemies":"2 Louse","floor":2.0,"turns":5.0},{"damage":1.0,"enemies":"Cultist","floor":3.0,"turns":3.0},{"damage":21.0,"enemies":"3 Louse","floor":4.0,"turns":4.0},{"damage":34.0,"enemies":"3 Sentries","floor":6.0,"turns":7.0},{"damage":17.0,"enemies":"Large Slime","floor":7.0,"turns":6.0},{"damage":3.0,"enemies":"2 Fungi Beasts","floor":8.0,"turns":4.0},{"damage":10.0,"enemies":"Exordium Wildlife","floor":11.0,"turns":5.0},{"damage":18.0,"enemies":"Looter","floor":12.0,"turns":3.0},{"damage":9.0,"enemies":"3 Louse","floor":14.0,"turns":2.0},{"damage":19.0,"enemies":"The Guardian","floor":16.0,"turns":13.0},{"damage":17,"enemies":"Spheric Guardian","floor":18,"turns":4},{"damage":26,"enemies":"Shell Parasite","floor":20,"turns":7},{"damage":24,"enemies":"Snecko","floor":22,"turns":6},{"damage":20,"enemies":"Book of Stabbing","floor":24,"turns":6},{"damage":0,"enemies":"Slavers","floor":27,"turns":7},{"damage":0,"enemies":"Chosen and Byrds","floor":28,"turns":7},{"damage":41,"enemies":"Gremlin Leader","floor":29,"turns":11},{"damage":5,"enemies":"Snake Plant","floor":30,"turns":7},{"damage":21,"enemies":"Masked Bandits","floor":31,"turns":7},{"damage":38,"enemies":"Collector","floor":33,"turns":7},{"damage":0,"enemies":"3 Shapes","floor":35,"turns":5},{"damage":5,"enemies":"Orb Walker","floor":39,"turns":4},{"damage":13,"enemies":"Giant Head","floor":40,"turns":7},{"damage":3,"enemies":"Maw","floor":42,"turns":7},{"damage":6,"enemies":"Mind Bloom Boss Battle","floor":44,"turns":5},{"damage":10,"enemies":"Transient","floor":46,"turns":5},{"damage":0,"enemies":"Jaw Worm Horde","floor":47,"turns":5},{"damage":0,"enemies":"3 Darklings","floor":48,"turns":5},{"damage":0,"enemies":"Donu and Deca","floor":50,"turns":6}],"seed_played":"-749146369044967297","potions_obtained":[{"floor":1.0,"key":"Poison Potion"},{"floor":3.0,"key":"Energy Potion"},{"floor":8.0,"key":"SteroidPotion"},{"floor":11.0,"key":"Explosive Potion"},{"floor":16.0,"key":"Ancient Potion"},{"floor":18,"key":"FocusPotion"},{"floor":27,"key":"AttackPotion"},{"floor":28,"key":"Strength Potion"},{"floor":31,"key":"EssenceOfSteel"},{"floor":35,"key":"EssenceOfSteel"},{"floor":39,"key":"AttackPotion"},{"floor":44,"key":"SkillPotion"}],"is_trial":false,"path_per_floor":["M","M","M","M","?","E","M","M","T","R","M","M","?","M","R","B",null,"M","?","M","$","M","R","E","$","T","E","M","E","M","?","R","B",null,"M","?","$","?","M","E","R","M","T","?","?","M","M","M","R","B",null],"character_chosen":"DEFECT","items_purchased":["Cables","FTL","Glacier","PreservedInsect","Bottled Tornado","FocusPotion"],"campfire_rested":5,"item_purchase_floors":[21,21,25,37,37,37],"current_hp_per_floor":[80,74,80,66,71,44,27,31,31,57,61,57,57,48,74,69,87,87,87,87,87,87,87,87,87,87,87,87,74,83,76,87,63,87,87,87,87,87,87,87,87,87,87,87,87,87,87,87,87,87],"gold":523,"neow_bonus":"TEN_PERCENT_HP_BONUS","is_prod":false,"is_daily":false,"chose_seed":false,"campfire_upgraded":0,"win_rate":0,"timestamp":1552314733,"path_taken":["M","M","M","M","?","E","M","M","T","R","M","M","?","M","R","BOSS","M","?","M","$","M","R","E","$","T","E","M","E","M","?","R","BOSS","M","?","$","?","M","E","R","M","T","?","?","M","M","M","R","BOSS"],"build_version":"2019-01-23","purchased_purges":1,"victory":true,"max_hp_per_floor":[82,82,82,82,87,87,87,87,87,87,87,87,87,87,87,87,87,87,87,87,87,87,87,87,87,87,87,87,87,87,87,87,87,87,87,87,87,87,87,87,87,87,87,87,87,87,87,87,87,87],"card_choices":[{"not_picked":["Fusion","Redo"],"picked":"Undo","floor":1.0},{"not_picked":["Hologram","Stack"],"picked":"Self Repair","floor":2.0},{"not_picked":["Rebound","Beam Cell"],"picked":"Stack","floor":3.0},{"not_picked":["Turbo","Rebound"],"picked":"Ball Lightning","floor":4.0},{"not_picked":["Gash","Compile Driver","Reprogram"],"picked":"SKIP","floor":6.0},{"not_picked":["Redo","Sweeping Beam"],"picked":"Echo Form","floor":7.0},{"not_picked":["Turbo","Hologram"],"picked":"Chill","floor":8.0},{"not_picked":["Coolheaded","Steam"],"picked":"Self Repair","floor":11.0},{"not_picked":["Barrage","Fusion"],"picked":"Reboot","floor":12.0},{"not_picked":["Turbo","Sweeping Beam","Beam Cell"],"picked":"SKIP","floor":14.0},{"not_picked":["Rainbow","All For One"],"picked":"Seek","floor":16.0},{"not_picked":["Sweeping Beam","Rip and Tear"],"picked":"BootSequence","floor":18},{"not_picked":["Sweeping Beam+1","Beam Cell"],"picked":"Defragment","floor":20},{"not_picked":["Beam Cell+1","Sweeping Beam"],"picked":"Cold Snap","floor":22},{"not_picked":["Go for the Eyes+1","Turbo"],"picked":"Loop","floor":24},{"not_picked":["Cold Snap","Beam Cell+1"],"picked":"Chill","floor":27},{"not_picked":["Cold Snap","Turbo"],"picked":"Creative AI","floor":28},{"not_picked":["Stack","Redo","Compile Driver"],"picked":"SKIP","floor":29},{"not_picked":["Skim","Turbo","Go for the Eyes"],"picked":"SKIP","floor":30},{"not_picked":["Redo+1","Aggregate"],"picked":"Storm","floor":31},{"not_picked":["Multi-Cast","Fission"],"picked":"Echo Form","floor":33},{"not_picked":["Chaos","Turbo","Darkness+1"],"picked":"SKIP","floor":35},{"not_picked":["Go for the Eyes+1","Skim+1"],"picked":"Conserve Battery+1","floor":39},{"not_picked":["Compile Driver+1","Turbo"],"picked":"Electrodynamics","floor":40},{"not_picked":["Beam Cell+1","Redo","Barrage+1"],"picked":"SKIP","floor":42},{"not_picked":["Doom and Gloom+1","Rebound"],"picked":"Force Field","floor":44},{"not_picked":["Reprogram","Steam Power","Redo+1"],"picked":"SKIP","floor":46},{"not_picked":["Scrape+1","Coolheaded","Auto Shields"],"picked":"SKIP","floor":47},{"not_picked":["Lockon","Rebound+1"],"picked":"Echo Form","floor":48}],"player_experience":112553,"relics_obtained":[{"floor":6.0,"key":"Juzu Bracelet"},{"floor":9.0,"key":"Letter Opener"},{"floor":24,"key":"Orichalcum"},{"floor":26,"key":"Old Coin"},{"floor":27,"key":"Bottled Flame"},{"floor":29,"key":"Ornamental Fan"},{"floor":31,"key":"Red Mask"},{"floor":40,"key":"Pantograph"},{"floor":43,"key":"Art of War"},{"floor":44,"key":"Thread and Needle"}],"event_choices":[{"damage_healed":0.0,"max_hp_gain":5.0,"max_hp_loss":0.0,"gold_gain":0.0,"event_name":"Big Fish","player_choice":"Donut","floor":5.0,"gold_loss":0.0,"damage_taken":0.0},{"damage_healed":0.0,"max_hp_gain":0.0,"max_hp_loss":0.0,"gold_gain":0.0,"event_name":"Shining Light","player_choice":"Ignored","floor":13.0,"gold_loss":0.0,"damage_taken":0.0},{"damage_healed":0,"gold_gain":0,"player_choice":"Ignored","damage_taken":0,"max_hp_gain":0,"max_hp_loss":0,"event_name":"Beggar","floor":19,"gold_loss":0},{"damage_healed":0,"gold_gain":0,"player_choice":"Fought Bandits","damage_taken":0,"max_hp_gain":0,"max_hp_loss":0,"event_name":"Masked Bandits","floor":31,"gold_loss":0},{"damage_healed":0,"gold_gain":0,"player_choice":"Copied","damage_taken":0,"max_hp_gain":0,"max_hp_loss":0,"event_name":"Duplicator","floor":36,"gold_loss":0,"cards_obtained":["Defragment"]},{"damage_healed":0,"gold_gain":0,"player_choice":"Memory 1","damage_taken":0,"max_hp_gain":0,"max_hp_loss":0,"event_name":"SensoryStone","floor":38,"gold_loss":0},{"damage_healed":0,"gold_gain":0,"player_choice":"Fight","damage_taken":0,"max_hp_gain":0,"max_hp_loss":0,"event_name":"MindBloom","floor":44,"gold_loss":0},{"damage_healed":0,"gold_gain":222,"player_choice":"Wore Mask","damage_taken":0,"max_hp_gain":0,"max_hp_loss":0,"event_name":"Tomb of Lord Red Mask","floor":45,"gold_loss":0}],"is_beta":false,"boss_relics":[{"not_picked":["Cursed Key","Empty Cage"],"picked":"Fusion Hammer"},{"not_picked":["White Beast Statue","Nuclear Battery"],"picked":"Philosopher\u0027s Stone"}],"items_purged_floors":[37],"is_endless":false,"potions_floor_spawned":[1,3,8,11,16,18,24,27,28,31,35,39,44],"ascension_level":2}