{"gold_per_floor":[111,111,127,127,142,142,200,200,225,243,12,39,52,62,62,163,163,179,40,40,40,60,60,95,105,105,105,36,0,0,19,19,118,118,133,133,149,149,149,149,72,86,139,158,158,190,0,31,43,55],"floor_reached":50,"playtime":1801,"items_purged":["Strike_R","Strike_R"],"score":568,"play_id":"c0242257-353f-4541-a475-e924d033dcf6","local_time":"20190304132903","is_ascension_mode":false,"campfire_choices":[{"data":"Armaments","floor":6,"key":"SMITH"},{"data":"Flex","floor":15,"key":"SMITH"},{"data":"Pommel Strike","floor":23,"key":"SMITH"},{"floor":27,"key":"REST"},{"floor":32,"key":"REST"},{"floor":40,"key":"REST"},{"floor":49,"key":"REST"}],"neow_cost":"NONE","seed_source_timestamp":1445974563957165,"circlet_count":0,"master_deck":["Strike_R+1","Defend_R+1","Defend_R","Defend_R","Defend_R+1","Bash","Reckless Charge","Enlightenment","Bash+1","Heavy Blade+1","Armaments+1","Flex+1","Pommel Strike+1","Offering+1","Blood for Blood","Feed","Carnage","Blood for Blood","Pommel Strike","Shockwave","Dropkick","Offering","Dropkick","Bludgeon","Battle Trance+1","Corruption","Searing Blow","Parasite","Pain","Shrug It Off+1","Reaper"],"relics":["Sozu","Tiny Chest","Bag of Preparation","Whetstone","Runic Cube","MutagenicStrength","Singing Bowl","Orichalcum","Lizard Tail","Question Card","Boot","Juzu Bracelet","WarpedTongs","War Paint","Red Mask","MawBank"],"potions_floor_usage":[],"damage_taken":[{"damage":4,"enemies":"2 Louse","floor":1,"turns":3},{"damage":0,"enemies":"Cultist","floor":3,"turns":2},{"damage":0,"enemies":"Small Slimes","floor":5,"turns":2},{"damage":11,"enemies":"Gremlin Nob","floor":7,"turns":3},{"damage":8,"enemies":"Red Slaver","floor":10,"turns":2},{"damage":0,"enemies":"Blue Slaver","floor":13,"turns":2},{"damage":6,"enemies":"2 Fungi Beasts","floor":14,"turns":1},{"damage":30,"enemies":"Slime Boss","floor":16,"turns":6},{"damage":6,"enemies":"Spheric Guardian","floor":18,"turns":2},{"damage":6,"enemies":"Shell Parasite","floor":22,"turns":1},{"damage":27,"enemies":"Gremlin Leader","floor":24,"turns":8},{"damage":20,"enemies":"Shelled Parasite and Fungi","floor":25,"turns":3},{"damage":0,"enemies":"Sentry and Sphere","floor":31,"turns":2},{"damage":58,"enemies":"Automaton","floor":33,"turns":8},{"damage":13,"enemies":"3 Shapes","floor":35,"turns":1},{"damage":20,"enemies":"3 Darklings","floor":37,"turns":2},{"damage":18,"enemies":"Spire Growth","floor":42,"turns":2},{"damage":12,"enemies":"Writhing Mass","floor":44,"turns":2},{"damage":19,"enemies":"Giant Head","floor":46,"turns":5},{"damage":59,"enemies":"Reptomancer","floor":48,"turns":6},{"damage":84,"enemies":"Awakened One","floor":50,"turns":7}],"seed_played":"-5101325335073107657","potions_obtained":[],"is_trial":false,"path_per_floor":["M","?","M","?","M","R","E","?","T","M","$","T","M","M","R","B",null,"M","$","?","?","M","R","E","M","T","R","$","?","?","M","R","B",null,"M","?","M","T","T","R","$","M","T","M","?","E","?","E","R","B"],"character_chosen":"IRONCLAD","items_purchased":["Offering","Blood for Blood","Dropkick","Searing Blow"],"campfire_rested":4,"item_purchase_floors":[11,19,28,41],"current_hp_per_floor":[76,76,76,60,60,60,49,49,49,41,41,41,41,35,35,5,80,78,78,78,78,72,72,45,30,30,56,56,56,56,56,82,24,89,79,79,61,61,61,89,89,73,73,63,63,44,44,36,65,0],"gold":55,"neow_bonus":"BOSS_RELIC","is_prod":false,"is_daily":false,"chose_seed":false,"campfire_upgraded":3,"win_rate":0,"timestamp":1551684543,"path_taken":["M","?","?","?","M","R","E","?","T","?","?","?","M","M","R","BOSS","M","$","?","?","?","R","E","M","T","R","$","?","?","?","R","BOSS","M","?","?","?","?","R","$","M","T","M","?","E","?","E","R","BOSS"],"build_version":"2019-01-23","purchased_purges":2,"victory":false,"max_hp_per_floor":[80,80,80,80,80,80,80,80,80,80,80,80,80,80,80,80,80,84,84,84,84,84,84,84,89,89,89,89,89,89,89,89,89,89,92,92,94,94,94,94,94,96,96,98,98,98,98,98,98,102],"card_choices":[{"not_picked":["Power Through","Perfected Strike"],"picked":"Reckless Charge","floor":1},{"not_picked":["Headbutt","Evolve"],"picked":"Heavy Blade","floor":3},{"not_picked":["True Grit","Anger"],"picked":"Armaments","floor":5},{"not_picked":["Demon Form","Clash"],"picked":"Flex","floor":7},{"not_picked":["Anger","Warcry"],"picked":"Pommel Strike","floor":10},{"not_picked":["Body Slam","Pummel"],"picked":"Blood for Blood","floor":13},{"not_picked":["Armaments","Exhume","Sentinel"],"picked":"SKIP","floor":14},{"not_picked":["Dark Embrace","Offering"],"picked":"Feed","floor":16},{"not_picked":["Combust","Havoc"],"picked":"Carnage","floor":18},{"not_picked":["Disarm+1","Sentinel"],"picked":"Pommel Strike","floor":22},{"not_picked":["Entrench","Wild Strike"],"picked":"Shockwave","floor":24},{"not_picked":["Feel No Pain+1","Rage","Clash"],"picked":"Singing Bowl","floor":25},{"not_picked":["Havoc","Second Wind"],"picked":"Dropkick","floor":31},{"not_picked":["Impervious","Berserk"],"picked":"Bludgeon","floor":33},{"not_picked":["Pommel Strike","Thunderclap+1"],"picked":"Battle Trance+1","floor":35},{"not_picked":["Thunderclap","Second Wind","Sword Boomerang"],"picked":"Singing Bowl","floor":37},{"not_picked":["Armaments","Twin Strike","Hemokinesis","Fire Breathing+1"],"picked":"Singing Bowl","floor":42},{"not_picked":["Clash","Shrug It Off","Clothesline","Havoc+1"],"picked":"Singing Bowl","floor":44},{"not_picked":["Sword Boomerang+1","Shockwave","Immolate"],"picked":"Shrug It Off+1","floor":46},{"not_picked":["Power Through","Dropkick","Shrug It Off"],"picked":"Reaper","floor":48}],"player_experience":933869,"relics_obtained":[{"floor":7,"key":"Tiny Chest"},{"floor":9,"key":"Bag of Preparation"},{"floor":12,"key":"Whetstone"},{"floor":24,"key":"Singing Bowl"},{"floor":26,"key":"Orichalcum"},{"floor":38,"key":"Question Card"},{"floor":39,"key":"Boot"},{"floor":43,"key":"Juzu Bracelet"},{"floor":46,"key":"War Paint"},{"floor":48,"key":"MawBank"}],"event_choices":[{"damage_healed":0,"gold_gain":0,"player_choice":"2 cards matched","damage_taken":0,"max_hp_gain":0,"max_hp_loss":0,"event_name":"Match and Keep!","floor":2,"gold_loss":0,"cards_obtained":["Enlightenment","Bash"]},{"damage_healed":0,"gold_gain":0,"player_choice":"Entered Light","damage_taken":16,"max_hp_gain":0,"max_hp_loss":0,"event_name":"Shining Light","floor":4,"gold_loss":0,"cards_upgraded":["Defend_R","Strike_R"]},{"cards_removed":["Strike_R"],"damage_healed":0,"gold_gain":0,"player_choice":"Offered Basic","damage_taken":0,"max_hp_gain":0,"max_hp_loss":0,"event_name":"Bonfire Elementals","floor":8,"gold_loss":0},{"damage_healed":0,"gold_gain":0,"player_choice":"Inject Mutagens","damage_taken":0,"relics_obtained":["MutagenicStrength"],"max_hp_gain":0,"max_hp_loss":0,"event_name":"Drug Dealer","floor":20,"gold_loss":0},{"cards_removed":["Strike_R"],"damage_healed":0,"gold_gain":0,"player_choice":"Purged","damage_taken":0,"max_hp_gain":0,"max_hp_loss":0,"event_name":"Purifier","floor":21,"gold_loss":0},{"damage_healed":0,"gold_gain":0,"player_choice":"Paid Fearfully","damage_taken":0,"max_hp_gain":0,"max_hp_loss":0,"event_name":"Masked Bandits","floor":29,"gold_loss":36},{"damage_healed":0,"gold_gain":0,"player_choice":"Copied","damage_taken":0,"max_hp_gain":0,"max_hp_loss":0,"event_name":"Duplicator","floor":30,"gold_loss":0,"cards_obtained":["Offering"]},{"damage_healed":0,"gold_gain":0,"player_choice":"1 cards matched","damage_taken":0,"max_hp_gain":0,"max_hp_loss":0,"event_name":"Match and Keep!","floor":36,"gold_loss":0,"cards_obtained":["Corruption"]},{"damage_healed":0,"gold_gain":0,"player_choice":"Rummage","damage_taken":0,"relics_obtained":["WarpedTongs"],"max_hp_gain":0,"max_hp_loss":0,"event_name":"Accursed Blacksmith","floor":45,"gold_loss":0,"cards_obtained":["Pain"]},{"damage_healed":0,"gold_gain":0,"player_choice":"Paid","damage_taken":0,"relics_obtained":["Red Mask"],"max_hp_gain":0,"max_hp_loss":0,"event_name":"Tomb of Lord Red Mask","floor":47,"gold_loss":190}],"is_beta":false,"boss_relics":[{"not_picked":["Mark of Pain","Philosopher\u0027s Stone"],"picked":"Runic Cube"},{"not_picked":["Cursed Key","Coffee Dripper"],"picked":"Lizard Tail"}],"items_purged_floors":[11,19],"is_endless":false,"potions_floor_spawned":[1,5,7,10,18,24,25,33,42,44,46],"killed_by":"Awakened One","ascension_level":0}