{"gold_per_floor":[20,32,49,61,79,111,111,136,163,177,32,32,32,32,32,103,103,43,62,78,0,11,11,11],"floor_reached":24,"playtime":1674,"items_purged":["Strike_G"],"score":343,"play_id":"84b6ec00-61e3-4602-a5ed-fd3d97738ca8","local_time":"20190301134951","is_ascension_mode":true,"campfire_choices":[{"data":"Dagger Spray","floor":7,"key":"SMITH"},{"data":"Footwork","floor":12,"key":"SMITH"},{"data":"Predator","floor":13,"key":"SMITH"},{"floor":15,"key":"REST"},{"floor":23,"key":"REST"}],"neow_cost":"NO_GOLD","seed_source_timestamp":1239451977741463,"circlet_count":0,"master_deck":["AscendersBane","Defend_G","Defend_G","Defend_G","Defend_G","Defend_G","Strike_G","Strike_G","Strike_G","Survivor","Neutralize","Tools of the Trade","Dagger Throw","Caltrops","Predator+1","Deadly Poison","Dagger Spray+1","Backflip","Footwork+1","Catalyst","Malaise","Well Laid Plans","Tactician","Noxious Fumes"],"relics":["Ring of the Snake","Blue Candle","WingedGreaves","Snake Skull","White Beast Statue"],"potions_floor_usage":[6,6,8,22,22],"damage_taken":[{"damage":5,"enemies":"Jaw Worm","floor":1,"turns":8},{"damage":4,"enemies":"Small Slimes","floor":2,"turns":6},{"damage":0,"enemies":"Cultist","floor":3,"turns":5},{"damage":7,"enemies":"Looter","floor":4,"turns":5},{"damage":0,"enemies":"Large Slime","floor":5,"turns":7},{"damage":28,"enemies":"Lagavulin","floor":6,"turns":7},{"damage":12,"enemies":"3 Sentries","floor":8,"turns":6},{"damage":6,"enemies":"Blue Slaver","floor":10,"turns":4},{"damage":28,"enemies":"Slime Boss","floor":16,"turns":11},{"damage":23,"enemies":"2 Thieves","floor":18,"turns":4},{"damage":3,"enemies":"Chosen","floor":19,"turns":5},{"damage":15,"enemies":"Centurion and Healer","floor":20,"turns":14},{"damage":20,"enemies":"Snecko","floor":22,"turns":6},{"damage":38,"enemies":"Chosen and Byrds","floor":24,"turns":6}],"seed_played":"-205949661345030225","potions_obtained":[{"floor":4,"key":"Regen Potion"},{"floor":5,"key":"EssenceOfSteel"},{"floor":6,"key":"AttackPotion"},{"floor":18,"key":"Ancient Potion"},{"floor":19,"key":"SteroidPotion"},{"floor":20,"key":"Regen Potion"},{"floor":22,"key":"Dexterity Potion"}],"is_trial":false,"path_per_floor":["M","M","M","M","M","E","R","E","T","M","$","R","R","?","R","B",null,"M","M","M","$","M","R","M"],"character_chosen":"THE_SILENT","items_purchased":["Catalyst","Noxious Fumes"],"campfire_rested":2,"item_purchase_floors":[11,21],"current_hp_per_floor":[58,54,54,47,47,34,34,22,22,16,16,16,16,16,37,9,55,32,29,14,14,9,30,0],"gold":11,"neow_bonus":"THREE_RARE_CARDS","is_prod":false,"is_daily":false,"chose_seed":false,"campfire_upgraded":3,"win_rate":0,"timestamp":1551444591,"path_taken":["M","M","M","M","M","E","R","E","T","M","$","R","R","?","R","BOSS","M","M","M","$","M","R","M"],"build_version":"2019-01-23","purchased_purges":1,"victory":false,"max_hp_per_floor":[70,70,70,70,70,70,70,70,70,70,70,70,70,70,70,70,70,70,70,70,70,70,70,70],"card_choices":[{"not_picked":["Night Terror","Unload"],"picked":"Tools of the Trade","floor":0},{"not_picked":["Poisoned Stab","Backflip"],"picked":"Dagger Throw","floor":1},{"not_picked":["Deflect","Accuracy"],"picked":"Caltrops","floor":2},{"not_picked":["Riddle With Holes","Catalyst"],"picked":"Predator","floor":3},{"not_picked":["Outmaneuver","Masterful Stab"],"picked":"Deadly Poison","floor":4},{"not_picked":["Prepared","Deflect","Storm of Steel"],"picked":"SKIP","floor":5},{"not_picked":["Dash","Calculated Gamble"],"picked":"Dagger Spray","floor":6},{"not_picked":["Outmaneuver","PiercingWail"],"picked":"Backflip","floor":8},{"not_picked":["Masterful Stab","Reflex"],"picked":"Footwork","floor":10},{"not_picked":["Tools of the Trade","A Thousand Cuts"],"picked":"Malaise","floor":16},{"not_picked":["Backflip","Blade Dance"],"picked":"Well Laid Plans","floor":18},{"not_picked":["Underhanded Strike+1","Finisher","Quick Slash"],"picked":"SKIP","floor":19},{"not_picked":["All Out Attack","Dagger Spray"],"picked":"Tactician","floor":20},{"not_picked":["Deflect","Dodge and Roll+1","Masterful Stab"],"picked":"SKIP","floor":22}],"player_experience":672350,"relics_obtained":[{"floor":6,"key":"Blue Candle"},{"floor":8,"key":"WingedGreaves"},{"floor":9,"key":"Snake Skull"}],"event_choices":[{"cards_removed":["Strike_G"],"damage_healed":0,"gold_gain":0,"player_choice":"Forget","damage_taken":0,"max_hp_gain":0,"max_hp_loss":0,"event_name":"Living Wall","floor":14,"gold_loss":0}],"is_beta":false,"boss_relics":[{"not_picked":["Runic Dome","Snecko Eye"],"picked":"White Beast Statue"}],"items_purged_floors":[11],"is_endless":false,"potions_floor_spawned":[4,5,6,18,19,20,22],"killed_by":"Chosen and Byrds","ascension_level":13}