{"gold_per_floor":[118,193,203,203,216,216,250,267,314,314,127,161,86,105,105,210,210,191,205,205,217,217,217,227,327,327,327,342,374,374,394,394,394],"floor_reached":33,"playtime":1370,"items_purged":["Strike_B"],"score":387,"play_id":"f3dc9bad-ed27-4249-88fe-8980a576c9aa","local_time":"20181205213131","is_ascension_mode":true,"campfire_choices":[{"data":"Zap","floor":6.0,"key":"SMITH"},{"floor":10.0,"key":"REST"},{"data":"Buffer","floor":15.0,"key":"SMITH"},{"data":"Defragment","floor":23.0,"key":"SMITH"},{"data":"Ghostly","floor":27,"key":"SMITH"},{"floor":30,"key":"REST"},{"data":"Ghostly","floor":32,"key":"SMITH"}],"neow_cost":"NONE","seed_source_timestamp":982579778822492,"circlet_count":0,"master_deck":["Strike_B+1","Strike_B","Strike_B","Defend_B+1","Defend_B+1","Defend_B","Defend_B+1","Zap+1","Dualcast+1","Streamline","Cold Snap","Buffer+1","Defragment","Defragment+1","Ball Lightning","Necronomicurse","Compile Driver","Ghostly+1","Ghostly+1","Ghostly","Ghostly","Ghostly","Conserve Battery","Core Surge"],"special_seed":0,"relics":["Cracked Core","Letter Opener","Lantern","PreservedInsect","War Paint","White Beast Statue","Necronomicon","Bottled Tornado","Ancient Tea Set"],"potions_floor_usage":[29,31],"damage_taken":[{"damage":1.0,"enemies":"Cultist","floor":1.0,"turns":3.0},{"damage":0.0,"enemies":"Small Slimes","floor":3.0,"turns":2.0},{"damage":2.0,"enemies":"Jaw Worm","floor":5.0,"turns":3.0},{"damage":18.0,"enemies":"Lagavulin","floor":7.0,"turns":4.0},{"damage":3.0,"enemies":"Large Slime","floor":8.0,"turns":4.0},{"damage":0.0,"enemies":"3 Sentries","floor":12.0,"turns":7.0},{"damage":0.0,"enemies":"3 Louse","floor":14.0,"turns":2.0},{"damage":6.0,"enemies":"Slime Boss","floor":16.0,"turns":9.0},{"damage":12.0,"enemies":"2 Thieves","floor":18.0,"turns":4.0},{"damage":2.0,"enemies":"Shell Parasite","floor":19.0,"turns":6.0},{"damage":12.0,"enemies":"Shelled Parasite and Fungi","floor":21.0,"turns":5.0},{"damage":1.0,"enemies":"Snecko","floor":24.0,"turns":6.0},{"damage":8,"enemies":"Snake Plant","floor":28,"turns":5},{"damage":10,"enemies":"Book of Stabbing","floor":29,"turns":6},{"damage":0,"enemies":"Chosen and Byrds","floor":31,"turns":4},{"damage":50,"enemies":"Champ","floor":33,"turns":15}],"seed_played":"-714478230258419783","potions_obtained":[{"floor":3.0,"key":"Block Potion"},{"floor":5.0,"key":"Ancient Potion"},{"floor":14.0,"key":"GamblersBrew"},{"floor":18.0,"key":"Fire Potion"},{"floor":24.0,"key":"Weak Potion"},{"floor":29,"key":"LiquidBronze"},{"floor":31,"key":"Ancient Potion"}],"is_trial":false,"path_per_floor":["M","?","M","?","M","R","E","M","T","R","$","E","$","M","R","B",null,"M","M","?","M","?","R","M","?","T","R","M","E","R","M","R","B"],"character_chosen":"DEFECT","items_purchased":["PreservedInsect","Defragment"],"campfire_rested":2,"item_purchase_floors":[11,11],"current_hp_per_floor":[74,63,63,48,46,46,28,25,25,47,47,47,47,47,47,41,75,63,61,45,33,33,33,32,32,32,32,24,14,25,25,25,0],"gold":394,"neow_bonus":"UPGRADE_CARD","is_prod":false,"is_daily":false,"chose_seed":false,"campfire_upgraded":5,"win_rate":0,"timestamp":1544063491,"path_taken":["M","?","M","?","M","R","E","M","T","R","?","E","$","M","R","BOSS","M","M","?","M","?","R","M","?","T","R","M","E","R","M","R","BOSS"],"build_version":"2018-11-15","purchased_purges":1,"victory":false,"max_hp_per_floor":[75,75,75,75,75,75,75,75,75,75,75,75,75,75,75,75,75,75,75,75,75,37,37,37,37,37,37,37,37,37,37,37,37],"card_choices":[{"not_picked":["Doom and Gloom","Chill"],"picked":"Streamline","floor":1.0},{"not_picked":["Blizzard","Turbo","Compile Driver"],"picked":"SKIP","floor":3.0},{"not_picked":["Redo","Streamline"],"picked":"Cold Snap","floor":5.0},{"not_picked":["Rebound","Darkness"],"picked":"Buffer","floor":7.0},{"not_picked":["Double Energy","Consume"],"picked":"Defragment","floor":8.0},{"not_picked":["Chaos","Steam","Heatsinks"],"picked":"SKIP","floor":12.0},{"not_picked":["Self Repair","Gash","Undo"],"picked":"SKIP","floor":14.0},{"not_picked":["Force Field","Scrape","Streamline+1"],"picked":"SKIP","floor":18.0},{"not_picked":["Gash+1","Sweeping Beam"],"picked":"Ball Lightning","floor":19.0},{"not_picked":["Leap","Steam+1"],"picked":"Compile Driver","floor":21.0},{"not_picked":["Ball Lightning","Barrage+1","Conserve Battery"],"picked":"SKIP","floor":24.0},{"not_picked":["Ball Lightning","Barrage+1"],"picked":"Conserve Battery","floor":24.0},{"not_picked":["Force Field","Beam Cell","Conserve Battery"],"picked":"SKIP","floor":28},{"not_picked":["Cold Snap+1","Leap+1"],"picked":"Core Surge","floor":29},{"not_picked":["Doom and Gloom","Reprogram","Gash"],"picked":"SKIP","floor":31}],"player_experience":141259,"relics_obtained":[{"floor":7.0,"key":"Letter Opener"},{"floor":9.0,"key":"Lantern"},{"floor":12.0,"key":"War Paint"},{"floor":20.0,"key":"Necronomicon"},{"floor":26.0,"key":"Bottled Tornado"},{"floor":29,"key":"Ancient Tea Set"}],"event_choices":[{"damage_healed":0.0,"max_hp_gain":0.0,"max_hp_loss":0.0,"gold_gain":75.0,"event_name":"World of Goop","player_choice":"Gather Gold","floor":2.0,"gold_loss":0.0,"damage_taken":11.0},{"damage_healed":0.0,"max_hp_gain":0.0,"max_hp_loss":0.0,"gold_gain":0.0,"event_name":"Shining Light","player_choice":"Entered Light","floor":4.0,"gold_loss":0.0,"damage_taken":15.0,"cards_upgraded":["Defend_B","Strike_B"]},{"damage_healed":0.0,"max_hp_gain":0.0,"max_hp_loss":0.0,"gold_gain":0.0,"event_name":"Cursed Tome","player_choice":"Obtained Book","floor":20.0,"gold_loss":0.0,"damage_taken":16.0},{"damage_healed":0.0,"max_hp_gain":0.0,"max_hp_loss":38.0,"gold_gain":0.0,"event_name":"Ghosts","player_choice":"Became a Ghost","floor":22.0,"gold_loss":0.0,"damage_taken":0.0,"cards_obtained":["Ghostly","Ghostly","Ghostly","Ghostly","Ghostly"]},{"damage_healed":0.0,"max_hp_gain":0.0,"max_hp_loss":0.0,"gold_gain":100.0,"event_name":"Golden Shrine","player_choice":"Pray","floor":25.0,"gold_loss":0.0,"damage_taken":0.0}],"is_beta":false,"boss_relics":[{"not_picked":["Calling Bell","Eternal Feather"],"picked":"White Beast Statue"}],"items_purged_floors":[13],"is_endless":false,"potions_floor_spawned":[3,5,14,18,19,21,24,28,29,31],"killed_by":"Champ","ascension_level":4}