{"gold_per_floor":[112,37,55,75,85,98,63,77,77,77,93,93,112,112,112,214,214,231,47,72,86,86,100,100,100],"floor_reached":25,"playtime":1350,"items_purged":["Strike_G","Strike_G"],"score":197,"play_id":"b7f25991-6387-44dd-acd3-bb27cc25ca8f","local_time":"20190227002938","is_ascension_mode":false,"campfire_choices":[{"data":"Riddle With Holes","floor":10,"key":"SMITH"},{"data":"Dagger Spray","floor":12,"key":"SMITH"},{"data":"Riddle With Holes","floor":15,"key":"SMITH"},{"floor":24,"key":"REST"}],"neow_cost":"NONE","seed_source_timestamp":1051122225731096,"circlet_count":0,"master_deck":["Defend_G","Defend_G","Defend_G","Defend_G","Strike_G","Survivor","Neutralize","Dash","Riddle With Holes+1","Footwork","Dagger Spray+1","Corpse Explosion","Riddle With Holes+1","Glass Knife","Poisoned Stab+1","Blur+1","Heel Hook+1","Dagger Spray","Mind Blast","Deflect+1","Riddle With Holes+1"],"relics":["Ring of the Snake","Pen Nib","Astrolabe","Red Mask","Enchiridion"],"potions_floor_usage":[16],"damage_taken":[{"damage":4,"enemies":"Cultist","floor":1,"turns":4},{"damage":0,"enemies":"Small Slimes","floor":3,"turns":3},{"damage":0,"enemies":"2 Louse","floor":4,"turns":3},{"damage":0,"enemies":"Blue Slaver","floor":5,"turns":4},{"damage":5,"enemies":"2 Fungi Beasts","floor":6,"turns":4},{"damage":8,"enemies":"Exordium Thugs","floor":8,"turns":5},{"damage":0,"enemies":"Blue Slaver","floor":11,"turns":3},{"damage":3,"enemies":"Red Slaver","floor":13,"turns":4},{"damage":24,"enemies":"Slime Boss","floor":16,"turns":6},{"damage":10,"enemies":"2 Thieves","floor":18,"turns":3},{"damage":10,"enemies":"Masked Bandits","floor":20,"turns":2},{"damage":17,"enemies":"Shell Parasite","floor":21,"turns":4},{"damage":11,"enemies":"Chosen and Byrds","floor":23,"turns":6},{"damage":47,"enemies":"Sentry and Sphere","floor":25,"turns":7}],"seed_played":"-2015911966754247319","potions_obtained":[{"floor":1,"key":"EssenceOfSteel"},{"floor":5,"key":"Weak Potion"},{"floor":13,"key":"PowerPotion"},{"floor":18,"key":"Explosive Potion"},{"floor":20,"key":"GhostInAJar"},{"floor":21,"key":"Regen Potion"}],"is_trial":false,"path_per_floor":["M","$","M","M","M","M","$","M","T","R","M","R","M","?","R","B",null,"M","$","?","M","?","M","R","M"],"character_chosen":"THE_SILENT","items_purchased":["Footwork","Mind Blast"],"campfire_rested":1,"item_purchase_floors":[7,19],"current_hp_per_floor":[73,73,73,73,73,68,68,60,60,60,60,60,57,62,62,38,82,72,72,62,45,29,18,42,0],"gold":100,"neow_bonus":"TEN_PERCENT_HP_BONUS","is_prod":false,"is_daily":false,"chose_seed":false,"campfire_upgraded":3,"win_rate":0,"timestamp":1551245378,"path_taken":["M","$","M","M","M","M","$","?","T","R","M","R","M","?","R","BOSS","M","$","?","M","?","M","R","M"],"build_version":"2019-01-23","purchased_purges":2,"victory":false,"max_hp_per_floor":[77,77,77,77,77,77,77,77,77,77,77,77,77,82,82,82,82,82,82,82,82,82,82,82,82],"card_choices":[{"not_picked":["Distraction","Outmaneuver"],"picked":"Dash","floor":1},{"not_picked":["Dodge and Roll","Acrobatics","Sucker Punch"],"picked":"SKIP","floor":3},{"not_picked":["Quick Slash","Dagger Throw","Bane"],"picked":"SKIP","floor":4},{"not_picked":["Accuracy","Slice"],"picked":"Riddle With Holes","floor":5},{"not_picked":["Acrobatics","Dodge and Roll","Slice"],"picked":"SKIP","floor":6},{"not_picked":["Heel Hook","Endless Agony"],"picked":"Dagger Spray","floor":8},{"not_picked":["Catalyst","Finisher"],"picked":"Corpse Explosion","floor":11},{"not_picked":["Calculated Gamble","Dagger Spray"],"picked":"Riddle With Holes","floor":13},{"not_picked":["Unload","Malaise"],"picked":"Glass Knife","floor":16},{"not_picked":["Calculated Gamble","Dodge and Roll+1"],"picked":"Dagger Spray","floor":18},{"not_picked":["Deadly Poison+1","Heel Hook"],"picked":"Deflect+1","floor":21},{"not_picked":["Dagger Spray","Quick Slash"],"picked":"Riddle With Holes+1","floor":23}],"player_experience":1106392,"relics_obtained":[{"floor":9,"key":"Pen Nib"},{"floor":20,"key":"Red Mask"},{"floor":22,"key":"Enchiridion"}],"event_choices":[{"damage_healed":0,"gold_gain":0,"player_choice":"Donut","damage_taken":0,"max_hp_gain":5,"max_hp_loss":0,"event_name":"Big Fish","floor":14,"gold_loss":0},{"damage_healed":0,"gold_gain":0,"player_choice":"Fought Bandits","damage_taken":0,"max_hp_gain":0,"max_hp_loss":0,"event_name":"Masked Bandits","floor":20,"gold_loss":0},{"damage_healed":0,"gold_gain":0,"player_choice":"Obtained Book","damage_taken":16,"max_hp_gain":0,"max_hp_loss":0,"event_name":"Cursed Tome","floor":22,"gold_loss":0}],"is_beta":false,"boss_relics":[{"not_picked":["Cursed Key","Coffee Dripper"],"picked":"Astrolabe"}],"items_purged_floors":[2,19],"is_endless":false,"potions_floor_spawned":[1,5,13,18,20,21],"killed_by":"Sentry and Sphere","ascension_level":0}