{"gold_per_floor":[212,232,248,248,263,288,302,322,322,322,348,348,348,374,374,476,476,494,65,75,89,101,101,129,129,129,158,158,257,257,273,273,273],"floor_reached":33,"playtime":1571,"items_purged":[],"score":356,"play_id":"3fcc6320-c2ae-4ab7-9ab2-ea1341cc95cd","local_time":"20181217184407","is_ascension_mode":true,"campfire_choices":[{"floor":10.0,"key":"REST"},{"floor":13,"key":"REST"},{"data":"Zap","floor":15,"key":"SMITH"},{"floor":23,"key":"RECALL"},{"floor":25,"key":"REST"},{"floor":30,"key":"REST"},{"data":"Go for the Eyes","floor":32,"key":"SMITH"}],"neow_cost":"NONE","seed_source_timestamp":434492472658550,"circlet_count":0,"master_deck":["Strike_B","Strike_B","Strike_B","Strike_B","Defend_B","Defend_B","Defend_B","Defend_B","Zap+1","Dualcast","Compile Driver","Cold Snap","Conserve Battery","Cold Snap","Reboot","Ball Lightning","Capacitor","Go for the Eyes+1","Conserve Battery","Doubt","Machine Learning","Ball Lightning+1"],"special_seed":0,"relics":["Cracked Core","Question Card","Mummified Hand","Turnip","Cursed Key","Runic Capacitor","Bag of Preparation","Symbiotic Virus","Gambling Chip","Dream Catcher"],"potions_floor_usage":[11,16,16,24,24,24,24,24,24,27,33],"damage_taken":[{"damage":1.0,"enemies":"Cultist","floor":1.0,"turns":4.0},{"damage":7.0,"enemies":"Jaw Worm","floor":2.0,"turns":4.0},{"damage":8.0,"enemies":"Small Slimes","floor":3.0,"turns":2.0},{"damage":10.0,"enemies":"3 Louse","floor":5.0,"turns":3.0},{"damage":24.0,"enemies":"Lagavulin","floor":6.0,"turns":5.0},{"damage":0.0,"enemies":"2 Fungi Beasts","floor":7.0,"turns":3.0},{"damage":0.0,"enemies":"Red Slaver","floor":8.0,"turns":3.0},{"damage":28,"enemies":"3 Sentries","floor":11,"turns":8},{"damage":24,"enemies":"Slime Boss","floor":16,"turns":14},{"damage":9,"enemies":"3 Byrds","floor":18,"turns":5},{"damage":1,"enemies":"Chosen","floor":20,"turns":4},{"damage":6,"enemies":"Centurion and Healer","floor":21,"turns":8},{"damage":9,"enemies":"Sentry and Sphere","floor":22,"turns":6},{"damage":15,"enemies":"Slavers","floor":24,"turns":4},{"damage":18,"enemies":"Gremlin Leader","floor":27,"turns":5},{"damage":7,"enemies":"Snake Plant","floor":31,"turns":5},{"damage":55,"enemies":"Champ","floor":33,"turns":15}],"seed_played":"-2830437816897840244","potions_obtained":[{"floor":2.0,"key":"EssenceOfSteel"},{"floor":5.0,"key":"Poison Potion"},{"floor":8.0,"key":"EntropicBrew"},{"floor":16,"key":"EntropicBrew"},{"floor":18,"key":"Energy Potion"},{"floor":24,"key":"SkillPotion"},{"floor":31,"key":"FearPotion"}],"is_trial":false,"path_per_floor":["M","M","M","?","M","E","M","M","T","R","E","?","R","T","R","B",null,"M","$","M","M","M","R","E","R","T","E","?","?","R","M","R","B"],"character_chosen":"DEFECT","items_purchased":["Runic Capacitor","Capacitor","Bag of Preparation"],"campfire_rested":4,"item_purchase_floors":[19,19,19],"current_hp_per_floor":[74,67,59,59,49,25,25,25,25,47,19,19,41,41,41,17,75,66,66,65,59,50,50,35,57,57,39,39,39,61,54,54,0],"gold":273,"neow_bonus":"HUNDRED_GOLD","is_prod":false,"is_daily":false,"chose_seed":false,"campfire_upgraded":2,"win_rate":0,"timestamp":1545093847,"path_taken":["M","?","M","?","M","E","M","M","T","R","E","?","R","?","R","BOSS","M","$","M","M","M","R","E","R","T","E","?","?","R","M","R","BOSS"],"build_version":"2018-12-13","purchased_purges":0,"victory":false,"max_hp_per_floor":[75,75,75,75,75,75,75,75,75,75,75,75,75,75,75,75,75,75,75,75,75,75,75,75,75,75,75,75,75,75,75,75,75],"card_choices":[{"not_picked":["Redo","Reprogram"],"picked":"Compile Driver","floor":1.0},{"not_picked":["Undo","Double Energy"],"picked":"Cold Snap","floor":2.0},{"not_picked":["Hologram","Thunder Strike","Gash"],"picked":"SKIP","floor":3.0},{"not_picked":["Undo","Compile Driver"],"picked":"Conserve Battery","floor":5.0},{"not_picked":["Compile Driver","Sweeping Beam"],"picked":"Cold Snap","floor":6.0},{"not_picked":["Hologram","Hello World","Skim","Steam"],"picked":"SKIP","floor":7.0},{"not_picked":["Coolheaded","Force Field","Sweeping Beam"],"picked":"Reboot","floor":8.0},{"not_picked":["White Noise","Stack","Redo","Gash"],"picked":"SKIP","floor":11},{"not_picked":["Sweeping Beam+1","Stack","Leap"],"picked":"Ball Lightning","floor":18},{"not_picked":["Redo","Aggregate+1","Undo"],"picked":"Go for the Eyes","floor":20},{"not_picked":["Undo","Tempest","Ball Lightning+1","Go for the Eyes"],"picked":"SKIP","floor":21},{"not_picked":["Cold Snap+1","FTL","Barrage"],"picked":"Conserve Battery","floor":22},{"not_picked":["Cold Snap","Amplify","Static Discharge","Stack+1"],"picked":"SKIP","floor":24},{"not_picked":["Redo","Rebound","Static Discharge+1"],"picked":"Machine Learning","floor":27},{"not_picked":["Go for the Eyes","Steam","Cold Snap+1"],"picked":"Ball Lightning+1","floor":31}],"player_experience":148600,"relics_obtained":[{"floor":6.0,"key":"Question Card"},{"floor":9.0,"key":"Mummified Hand"},{"floor":11,"key":"Turnip"},{"floor":24,"key":"Symbiotic Virus"},{"floor":26,"key":"Gambling Chip"},{"floor":27,"key":"Dream Catcher"}],"event_choices":[{"damage_healed":0.0,"max_hp_gain":0.0,"max_hp_loss":0.0,"gold_gain":0.0,"event_name":"Golden Wing","player_choice":"Ignored","floor":4.0,"gold_loss":0.0,"damage_taken":0.0},{"damage_healed":0,"gold_gain":0,"player_choice":"Ignored","damage_taken":0,"max_hp_gain":0,"max_hp_loss":0,"event_name":"Liars Game","floor":12,"gold_loss":0},{"damage_healed":0,"gold_gain":0,"player_choice":"Ignored","damage_taken":0,"max_hp_gain":0,"max_hp_loss":0,"event_name":"Beggar","floor":28,"gold_loss":0},{"damage_healed":0,"gold_gain":99,"player_choice":"Stole From Cult","damage_taken":0,"max_hp_gain":0,"max_hp_loss":0,"event_name":"Nest","floor":29,"gold_loss":0}],"is_beta":false,"boss_relics":[{"not_picked":["Runic Dome","Philosopher\u0027s Stone"],"picked":"Cursed Key"}],"items_purged_floors":[],"is_endless":false,"potions_floor_spawned":[2,5,8,16,18,24,31],"killed_by":"Champ","ascension_level":4}