{"gold_per_floor":[114,129,129,79,94,94,124,124,124,124,199,214,229,244,244,344,344,359,374,389,389,404,404,419,419,419,419,419,434,449,464,464,464],"floor_reached":33,"playtime":1679,"items_purged":[],"score":282,"play_id":"123234f8-f23e-49cc-bc73-d133c58f1b28","local_time":"20190305201623","daily_mods":["Chimera","Hoarder","Terminal"],"is_ascension_mode":false,"campfire_choices":[{"data":"Survivor","floor":6,"key":"SMITH"},{"data":"Bash","floor":10,"key":"SMITH"},{"data":"Zap","floor":15,"key":"SMITH"},{"data":"Defend_R","floor":23,"key":"SMITH"},{"data":"Defend_B","floor":28,"key":"SMITH"},{"data":"Strike_B","floor":32,"key":"SMITH"}],"neow_cost":"","seed_source_timestamp":13309382567546,"circlet_count":0,"master_deck":["Bash+1","Survivor+1","Zap+1","Strike_R+1","Strike_G+1","Strike_B+1","Defend_R+1","Defend_B+1","Spot Weakness+1","Spot Weakness+1","Spot Weakness+1","Heavy Blade+1","Heavy Blade+1","Heavy Blade+1"],"special_seed":17960,"relics":["Burning Blood","Omamori","Magic Flower","Whetstone","Coffee Dripper","CultistMask","Question Card"],"potions_floor_usage":[7,16,22,33,33],"damage_taken":[{"damage":0,"enemies":"Small Slimes","floor":1,"turns":3},{"damage":1,"enemies":"2 Louse","floor":2,"turns":3},{"damage":0,"enemies":"Cultist","floor":5,"turns":4},{"damage":16,"enemies":"Gremlin Nob","floor":7,"turns":5},{"damage":5,"enemies":"Large Slime","floor":12,"turns":7},{"damage":3,"enemies":"2 Fungi Beasts","floor":13,"turns":4},{"damage":2,"enemies":"Exordium Thugs","floor":14,"turns":5},{"damage":65,"enemies":"Slime Boss","floor":16,"turns":14},{"damage":4,"enemies":"3 Byrds","floor":18,"turns":6},{"damage":11,"enemies":"2 Thieves","floor":19,"turns":5},{"damage":2,"enemies":"Chosen and Byrds","floor":20,"turns":4},{"damage":10,"enemies":"Centurion and Healer","floor":22,"turns":5},{"damage":19,"enemies":"Shelled Parasite and Fungi","floor":24,"turns":5},{"damage":5,"enemies":"Chosen and Byrds","floor":25,"turns":2},{"damage":10,"enemies":"Snecko","floor":27,"turns":3},{"damage":0,"enemies":"Shelled Parasite and Fungi","floor":29,"turns":3},{"damage":0,"enemies":"Cultist and Chosen","floor":30,"turns":4},{"damage":16,"enemies":"Snake Plant","floor":31,"turns":2},{"damage":64,"enemies":"Automaton","floor":33,"turns":6}],"seed_played":"-7796585460280550823","potions_obtained":[{"floor":1,"key":"Block Potion"},{"floor":7,"key":"LiquidBronze"},{"floor":12,"key":"Strength Potion"},{"floor":14,"key":"Regen Potion"},{"floor":20,"key":"EssenceOfSteel"},{"floor":29,"key":"PowerPotion"},{"floor":31,"key":"EssenceOfSteel"}],"is_trial":false,"path_per_floor":["M","M","?","?","M","R","E","?","T","R","?","M","M","M","R","B",null,"M","M","M","?","M","R","M","M","T","M","R","M","M","M","R","B"],"character_chosen":"IRONCLAD","items_purchased":[],"campfire_rested":0,"item_purchase_floors":[],"current_hp_per_floor":[78,77,76,75,74,73,63,56,56,56,45,49,55,62,62,28,62,61,59,59,58,57,56,46,50,50,49,49,50,49,42,42,0],"gold":464,"neow_bonus":"","is_prod":false,"is_daily":true,"chose_seed":false,"campfire_upgraded":6,"win_rate":0,"timestamp":1551813383,"path_taken":["M","M","?","?","M","R","E","?","T","R","?","M","M","M","R","BOSS","M","M","M","?","?","R","M","M","T","M","R","M","M","M","R","BOSS"],"build_version":"2019-01-23","purchased_purges":0,"victory":false,"max_hp_per_floor":[78,77,76,75,74,73,72,71,70,69,68,67,66,65,64,63,62,61,60,59,58,57,56,55,54,53,52,51,50,49,48,47,47],"card_choices":[{"not_picked":["Pummel","Heavy Blade","Clothesline"],"picked":"SKIP","floor":1},{"not_picked":["Ghostly Armor","Rupture","Twin Strike"],"picked":"SKIP","floor":2},{"not_picked":["Armaments","Pommel Strike","Anger"],"picked":"SKIP","floor":5},{"not_picked":["Headbutt","Entrench","Second Wind"],"picked":"SKIP","floor":7},{"not_picked":["True Grit","Pummel","Ghostly Armor"],"picked":"SKIP","floor":12},{"not_picked":["Blood for Blood","Shrug It Off","True Grit"],"picked":"SKIP","floor":13},{"not_picked":["Havoc","Perfected Strike","Heavy Blade"],"picked":"SKIP","floor":14},{"not_picked":["Clothesline","Blood for Blood","Sword Boomerang"],"picked":"SKIP","floor":18},{"not_picked":["Clothesline","Metallicize"],"picked":"Spot Weakness+1","floor":19},{"not_picked":["Iron Wave","Flex","Heavy Blade"],"picked":"SKIP","floor":20},{"not_picked":["Ghostly Armor","Heavy Blade","Pommel Strike"],"picked":"SKIP","floor":22},{"not_picked":["Shockwave+1","Entrench"],"picked":"Heavy Blade+1","floor":24},{"not_picked":["Body Slam","True Grit","Pommel Strike"],"picked":"SKIP","floor":25},{"not_picked":["Fire Breathing+1","Flex","Limit Break","Spot Weakness+1"],"picked":"SKIP","floor":27},{"not_picked":["Warcry+1","Twin Strike+1","Pommel Strike","Havoc+1"],"picked":"SKIP","floor":29},{"not_picked":["Clash","Feel No Pain","Heavy Blade","Anger"],"picked":"SKIP","floor":30},{"not_picked":["Twin Strike","Disarm","Wild Strike","Havoc"],"picked":"SKIP","floor":31}],"player_experience":66138,"relics_obtained":[{"floor":7,"key":"Omamori"},{"floor":9,"key":"Whetstone"},{"floor":26,"key":"Question Card"}],"event_choices":[{"damage_healed":0,"gold_gain":0,"player_choice":"Ignored","damage_taken":0,"max_hp_gain":0,"max_hp_loss":0,"event_name":"Liars Game","floor":3,"gold_loss":0},{"cards_removed":["Defend_G"],"damage_healed":0,"gold_gain":0,"player_choice":"Card Removal","damage_taken":0,"max_hp_gain":0,"max_hp_loss":0,"event_name":"The Cleric","floor":4,"gold_loss":50},{"damage_healed":0,"gold_gain":0,"player_choice":"Success","damage_taken":7,"relics_obtained":["Magic Flower"],"max_hp_gain":0,"max_hp_loss":0,"event_name":"Scrap Ooze","floor":8,"gold_loss":0},{"damage_healed":0,"gold_gain":75,"player_choice":"Gather Gold","damage_taken":11,"max_hp_gain":0,"max_hp_loss":0,"event_name":"World of Goop","floor":11,"gold_loss":0},{"damage_healed":0,"gold_gain":0,"player_choice":"Trade","damage_taken":0,"relics_obtained":["CultistMask"],"max_hp_gain":0,"max_hp_loss":0,"event_name":"FaceTrader","floor":21,"gold_loss":0}],"is_beta":false,"boss_relics":[{"not_picked":["Mark of Pain","Empty Cage"],"picked":"Coffee Dripper"}],"items_purged_floors":[],"is_endless":false,"potions_floor_spawned":[1,7,12,14,20,29,30,31],"killed_by":"Automaton","ascension_level":0}