{"gold_per_floor":[110,33,33,45,55,83,99,111,134,134,199,214,214,228,228,329,329,347,347,365,88,88,88,288,298,298,43,57,57,57,70,70,165,165,183,183,11,23,123,123,134,144,190,216,216,233,233],"floor_reached":47,"playtime":2223,"items_purged":["Decay","Doubt"],"score":769,"play_id":"04f5d05c-e425-47fa-a8d7-4babc6b0165a","local_time":"20181225134327","is_ascension_mode":true,"campfire_choices":[{"floor":10,"key":"REST"},{"floor":13,"key":"REST"},{"floor":15,"key":"REST"},{"data":"Backflip","floor":23,"key":"SMITH"},{"floor":32,"key":"REST"},{"data":"1","floor":40,"key":"LIFT"},{"floor":45,"key":"REST"}],"neow_cost":"NONE","seed_source_timestamp":505824078036,"circlet_count":0,"master_deck":["AscendersBane","Defend_G","Defend_G","Defend_G","Defend_G","Defend_G","Strike_G","Strike_G","Strike_G","Strike_G","Survivor","Neutralize","Dagger Throw","Footwork","Backflip+1","Flying Knee","Slice","Sucker Punch","Dagger Throw","Noxious Fumes+1","Envenom+1","Dagger Spray","Cloak And Dagger","Writhe","Glass Knife","Corpse Explosion","Riddle With Holes","Cloak And Dagger","Cloak And Dagger+1","Pain","Shame","Parasite"],"relics":["Ring of the Snake","Frozen Egg 2","Anchor","Snake Skull","Cursed Key","Lee\u0027s Waffle","Nilry\u0027s Codex","Lantern","Meat on the Bone","Pear","White Beast Statue","Girya","Orichalcum","Art of War"],"potions_floor_usage":[7,8,11,16,16,25,33,39,41,42,46],"damage_taken":[{"damage":0,"enemies":"Cultist","floor":1,"turns":5},{"damage":0,"enemies":"2 Louse","floor":4,"turns":4},{"damage":0,"enemies":"Small Slimes","floor":5,"turns":4},{"damage":45,"enemies":"Gremlin Nob","floor":6,"turns":6},{"damage":1,"enemies":"Looter","floor":7,"turns":3},{"damage":2,"enemies":"Gremlin Gang","floor":8,"turns":5},{"damage":30,"enemies":"Lagavulin Event","floor":11,"turns":9},{"damage":0,"enemies":"Red Slaver","floor":12,"turns":4},{"damage":3,"enemies":"3 Louse","floor":14,"turns":3},{"damage":36,"enemies":"Slime Boss","floor":16,"turns":9},{"damage":16,"enemies":"Spheric Guardian","floor":18,"turns":5},{"damage":39,"enemies":"Shell Parasite","floor":20,"turns":6},{"damage":30,"enemies":"Snake Plant","floor":25,"turns":5},{"damage":20,"enemies":"Shelled Parasite and Fungi","floor":28,"turns":6},{"damage":0,"enemies":"Snecko","floor":31,"turns":4},{"damage":75,"enemies":"Collector","floor":33,"turns":8},{"damage":27,"enemies":"3 Darklings","floor":35,"turns":4},{"damage":10,"enemies":"Orb Walker","floor":38,"turns":4},{"damage":2,"enemies":"Mind Bloom Boss Battle","floor":39,"turns":6},{"damage":54,"enemies":"Writhing Mass","floor":41,"turns":6},{"damage":20,"enemies":"Transient","floor":42,"turns":5},{"damage":31,"enemies":"Maw","floor":46,"turns":7},{"damage":31,"enemies":"Writhing Mass","floor":47,"turns":5}],"seed_played":"1635547045544919372","potions_obtained":[{"floor":4,"key":"Energy Potion"},{"floor":6,"key":"Energy Potion"},{"floor":7,"key":"PowerPotion"},{"floor":12,"key":"Strength Potion"},{"floor":14,"key":"SteroidPotion"},{"floor":20,"key":"SkillPotion"},{"floor":25,"key":"Strength Potion"},{"floor":33,"key":"PowerPotion"},{"floor":38,"key":"LiquidBronze"},{"floor":39,"key":"Regen Potion"},{"floor":41,"key":"Poison Potion"},{"floor":42,"key":"SteroidPotion"},{"floor":46,"key":"SteroidPotion"}],"is_trial":false,"path_per_floor":["M","$","?","M","M","E","M","M","T","R","?","M","R","M","R","B",null,"M","?","M","$","?","R","?","M","T","$","M","$","T","M","R","B",null,"M","?","$","M","?","R","M","M","T","T","R","M","M"],"character_chosen":"THE_SILENT","items_purchased":["Footwork","Lee\u0027s Waffle","Meat on the Bone","Regen Potion"],"campfire_rested":5,"item_purchase_floors":[2,21,27,37],"current_hp_per_floor":[70,70,70,70,70,25,24,22,22,45,15,15,38,35,58,22,63,47,47,8,84,68,68,68,38,38,38,30,30,40,52,80,17,75,48,48,48,50,63,63,36,28,28,28,56,37,6],"gold":233,"neow_bonus":"TEN_PERCENT_HP_BONUS","is_prod":false,"is_daily":false,"chose_seed":false,"campfire_upgraded":1,"win_rate":0,"timestamp":1545752607,"path_taken":["M","?","?","M","M","E","?","M","T","R","?","M","R","M","R","BOSS","M","?","?","$","?","R","?","M","T","$","?","$","?","M","R","BOSS","M","?","$","M","?","R","M","M","T","?","R","M","?"],"build_version":"2018-12-20","purchased_purges":2,"victory":false,"max_hp_per_floor":[77,77,77,77,77,77,77,77,77,77,77,77,77,77,77,77,77,77,77,77,84,84,84,84,84,84,84,84,84,94,94,94,94,94,94,94,94,94,94,94,94,94,94,94,94,94,94],"card_choices":[{"not_picked":["Tactician","Blade Dance"],"picked":"Dagger Throw","floor":1},{"not_picked":["Dodge and Roll","All Out Attack"],"picked":"Backflip","floor":4},{"not_picked":["Deflect","Choke","Underhanded Strike"],"picked":"SKIP","floor":5},{"not_picked":["Deflect","Choke","Underhanded Strike"],"picked":"SKIP","floor":5},{"not_picked":["Deflect","Prepared"],"picked":"Flying Knee","floor":6},{"not_picked":["Flying Knee","Deflect"],"picked":"Slice","floor":7},{"not_picked":["All Out Attack","Acrobatics","Flying Knee"],"picked":"SKIP","floor":8},{"not_picked":["Cloak And Dagger","Bullet Time"],"picked":"Sucker Punch","floor":11},{"not_picked":["Deflect","Eviscerate"],"picked":"Dagger Throw","floor":12},{"not_picked":["Poisoned Stab","Dagger Throw"],"picked":"Noxious Fumes+1","floor":14},{"not_picked":["A Thousand Cuts+1","Unload"],"picked":"Envenom+1","floor":16},{"not_picked":["Poisoned Stab","Calculated Gamble"],"picked":"Dagger Spray","floor":18},{"not_picked":["PiercingWail","Outmaneuver"],"picked":"Cloak And Dagger","floor":20},{"not_picked":["Outmaneuver","Underhanded Strike","Deadly Poison"],"picked":"SKIP","floor":25},{"not_picked":["Outmaneuver","Sucker Punch","Eviscerate"],"picked":"SKIP","floor":28},{"not_picked":["Flying Knee","Bouncing Flask"],"picked":"Glass Knife","floor":31},{"not_picked":["A Thousand Cuts+1","Phantasmal Killer"],"picked":"Corpse Explosion","floor":33},{"not_picked":["Eviscerate+1","Crippling Poison+1"],"picked":"Riddle With Holes","floor":35},{"not_picked":["Terror","Sucker Punch+1"],"picked":"Cloak And Dagger","floor":38},{"not_picked":["Deadly Poison+1","Accuracy+1","Finisher+1"],"picked":"SKIP","floor":41},{"not_picked":["Backflip","Slice+1"],"picked":"Cloak And Dagger+1","floor":42},{"not_picked":["All Out Attack","Skewer+1","Bouncing Flask+1"],"picked":"SKIP","floor":46}],"player_experience":633272,"relics_obtained":[{"floor":6,"key":"Frozen Egg 2"},{"floor":9,"key":"Anchor"},{"floor":11,"key":"Snake Skull"},{"floor":22,"key":"Nilry\u0027s Codex"},{"floor":26,"key":"Lantern"},{"floor":30,"key":"Pear"},{"floor":39,"key":"Girya"},{"floor":43,"key":"Orichalcum"},{"floor":44,"key":"Art of War"}],"event_choices":[{"cards_removed":["Strike_G"],"damage_healed":0,"gold_gain":0,"player_choice":"Purged","damage_taken":0,"max_hp_gain":0,"max_hp_loss":0,"event_name":"Purifier","floor":3,"gold_loss":0},{"damage_healed":0,"gold_gain":0,"player_choice":"Searched \u00272\u0027 times","damage_taken":0,"max_hp_gain":0,"max_hp_loss":0,"event_name":"Dead Adventurer","floor":11,"gold_loss":0},{"damage_healed":0,"gold_gain":0,"player_choice":"Cursed","damage_taken":0,"max_hp_gain":0,"max_hp_loss":0,"event_name":"Wheel of Change","floor":19,"gold_loss":0,"cards_obtained":["Decay"]},{"damage_healed":0,"gold_gain":0,"player_choice":"Obtained Book","damage_taken":16,"max_hp_gain":0,"max_hp_loss":0,"event_name":"Cursed Tome","floor":22,"gold_loss":0},{"damage_healed":0,"gold_gain":250,"player_choice":"Bet on Owner","damage_taken":0,"max_hp_gain":0,"max_hp_loss":0,"event_name":"The Joust","floor":24,"gold_loss":50},{"damage_healed":0,"gold_gain":0,"player_choice":"Ignored","damage_taken":0,"max_hp_gain":0,"max_hp_loss":0,"event_name":"Tomb of Lord Red Mask","floor":36,"gold_loss":0},{"damage_healed":0,"gold_gain":0,"player_choice":"Fight","damage_taken":0,"max_hp_gain":0,"max_hp_loss":0,"event_name":"MindBloom","floor":39,"gold_loss":0}],"is_beta":false,"boss_relics":[{"not_picked":["Lizard Tail","Tiny House"],"picked":"Cursed Key"},{"not_picked":["Busted Crown","Black Star"],"picked":"White Beast Statue"}],"items_purged_floors":[21,37],"is_endless":false,"potions_floor_spawned":[4,6,7,12,14,20,25,33,35,38,39,41,42,46],"killed_by":"Writhing Mass","ascension_level":10}