{"gold_per_floor":[111,129,129,129,54,54,82,82,106,122,134,160,179,8,8,79,79,92,63,10,27,27],"floor_reached":22,"playtime":753,"items_purged":["Regret"],"score":431,"play_id":"60add29c-0ce9-411f-8ee5-05e78cf78ebe","local_time":"20190311120241","is_ascension_mode":true,"campfire_choices":[{"data":"Neutralize","floor":6.0,"key":"SMITH"},{"data":"Dagger Spray","floor":8.0,"key":"SMITH"},{"floor":15.0,"key":"REST"}],"neow_cost":"NONE","seed_source_timestamp":411694981339900,"circlet_count":0,"master_deck":["AscendersBane","Defend_G","Defend_G+1","Defend_G","Defend_G","Defend_G","Strike_G","Strike_G","Strike_G","Strike_G","Strike_G","Survivor+1","Neutralize+1","PiercingWail","Noxious Fumes+1","Dagger Spray+1","Backstab","Malaise","Burst","Deadly Poison","Leg Sweep"],"special_seed":0,"relics":["Ring of the Snake","NeowsBlessing","Lantern","Anchor","War Paint","Singing Bowl","Art of War","Fusion Hammer"],"potions_floor_usage":[16,21,21],"damage_taken":[{"damage":0.0,"enemies":"Small Slimes","floor":1.0,"turns":1.0},{"damage":0.0,"enemies":"2 Louse","floor":2.0,"turns":1.0},{"damage":0.0,"enemies":"Lagavulin","floor":7.0,"turns":1.0},{"damage":4.0,"enemies":"Jaw Worm","floor":10.0,"turns":4.0},{"damage":0.0,"enemies":"2 Fungi Beasts","floor":11.0,"turns":3.0},{"damage":19.0,"enemies":"Gremlin Nob","floor":12.0,"turns":5.0},{"damage":14.0,"enemies":"Gremlin Gang","floor":13.0,"turns":5.0},{"damage":38,"enemies":"Slime Boss","floor":16,"turns":12},{"damage":5,"enemies":"Shell Parasite","floor":18,"turns":9},{"damage":10,"enemies":"2 Thieves","floor":19,"turns":4},{"damage":32,"enemies":"3 Cultists","floor":21,"turns":7}],"seed_played":"-499561086071382469","potions_obtained":[{"floor":1.0,"key":"Block Potion"},{"floor":2.0,"key":"AttackPotion"},{"floor":11.0,"key":"GhostInAJar"},{"floor":12.0,"key":"SteroidPotion"},{"floor":18,"key":"SkillPotion"},{"floor":21,"key":"LiquidBronze"}],"is_trial":false,"path_per_floor":["M","M","?","?","$","R","E","R","T","M","M","E","M","$","R","B",null,"M","M","$","M","?"],"character_chosen":"THE_SILENT","items_purchased":["Art of War","PowerPotion"],"campfire_rested":1,"item_purchase_floors":[14,20],"current_hp_per_floor":[59,59,59,59,59,59,59,59,59,55,55,36,24,24,44,6,53,50,40,40,8,0],"gold":27,"neow_bonus":"THREE_ENEMY_KILL","is_prod":false,"is_daily":false,"chose_seed":false,"campfire_upgraded":2,"win_rate":0,"timestamp":1552302161,"path_taken":["M","M","?","?","$","R","E","R","T","M","M","E","M","$","R","BOSS","M","M","$","M","?"],"build_version":"2019-01-23","purchased_purges":1,"victory":false,"max_hp_per_floor":[66,66,66,66,66,66,66,66,66,66,66,66,68,68,68,68,68,70,70,70,70,75],"card_choices":[{"not_picked":["Setup","Sucker Punch"],"picked":"PiercingWail","floor":1.0},{"not_picked":["Flying Knee","Deadly Poison"],"picked":"Noxious Fumes","floor":2.0},{"not_picked":["Acrobatics","PiercingWail"],"picked":"Dagger Spray","floor":7.0},{"not_picked":["Underhanded Strike","Poisoned Stab","Bouncing Flask"],"picked":"SKIP","floor":10.0},{"not_picked":["Endless Agony","PiercingWail"],"picked":"Backstab","floor":11.0},{"not_picked":["Sucker Punch","Skewer"],"picked":"Malaise","floor":12.0},{"not_picked":["Distraction","Infinite Blades","Dodge and Roll"],"picked":"Singing Bowl","floor":13.0},{"not_picked":["Venomology","Doppelganger"],"picked":"Burst","floor":16},{"not_picked":["Calculated Gamble","Blade Dance","Skewer"],"picked":"Singing Bowl","floor":18},{"not_picked":["Slice","Acrobatics"],"picked":"Deadly Poison","floor":19},{"not_picked":["Dodge and Roll","Bouncing Flask"],"picked":"Leg Sweep","floor":21}],"player_experience":956412,"relics_obtained":[{"floor":7.0,"key":"Anchor"},{"floor":9.0,"key":"War Paint"},{"floor":12.0,"key":"Singing Bowl"}],"event_choices":[{"damage_healed":0.0,"max_hp_gain":0.0,"max_hp_loss":0.0,"gold_gain":0.0,"event_name":"Living Wall","player_choice":"Grow","floor":3.0,"gold_loss":0.0,"damage_taken":0.0,"cards_upgraded":["Noxious Fumes"]},{"damage_healed":0.0,"max_hp_gain":0.0,"max_hp_loss":0.0,"gold_gain":0.0,"event_name":"Big Fish","player_choice":"Box","floor":4.0,"gold_loss":0.0,"damage_taken":0.0,"relics_obtained":["Lantern"],"cards_obtained":["Regret"]}],"is_beta":false,"boss_relics":[{"not_picked":["Calling Bell","Runic Pyramid"],"picked":"Fusion Hammer"}],"items_purged_floors":[5],"is_endless":false,"potions_floor_spawned":[1,2,11,12,18,21],"ascension_level":19}