{"gold_per_floor":[111,127,145,220,240,240,273,273,273,290,33,33,43,56,56,157,157,82,82,82,82,82,82,82,82,82,82,82,82,82,7,7,7,7,7,0,0,0,0,0,0,0,0,0,0,0,0,0,0,0],"floor_reached":51,"playtime":2247,"items_purged":["Shame"],"score":1081,"play_id":"92f4ef46-8603-423a-99dc-0b787cbf9b0f","local_time":"20190128091355","is_ascension_mode":true,"campfire_choices":[{"floor":6,"key":"REST"},{"floor":8,"key":"REST"},{"data":"Darkness","floor":12,"key":"SMITH"},{"floor":15,"key":"REST"},{"floor":23,"key":"REST"},{"floor":25,"key":"REST"},{"floor":29,"key":"REST"},{"data":"Lockon","floor":32,"key":"SMITH"},{"data":"Buffer","floor":40,"key":"SMITH"},{"data":"Buffer","floor":42,"key":"SMITH"},{"floor":46,"key":"REST"},{"data":"Seek","floor":49,"key":"SMITH"}],"neow_cost":"NONE","seed_source_timestamp":780765077912668,"circlet_count":0,"master_deck":["Strike_B+1","Strike_B+1","Strike_B+1","Defend_B+1","Defend_B+1","Defend_B+1","Defend_B+1","Zap+1","Dualcast","Darkness+1","Genetic Algorithm","Redo","Conserve Battery","Redo","Lockon+1","Redo","Rebound","Echo Form","Self Repair","Conserve Battery+1","Buffer+1","Redo+1","Buffer+1","Defragment+1","Seek+1"],"relics":["Cracked Core","Dodecahedron","Pantograph","Symbiotic Virus","Ectoplasm","Meat on the Bone","War Paint","Mercury Hourglass","Omamori","Velvet Choker","Red Mask","Gambling Chip","Bag of Marbles","Boot","Ornamental Fan"],"potions_floor_usage":[5,7,16,18,24,27,33,41],"damage_taken":[{"damage":1,"enemies":"Cultist","floor":1,"turns":4},{"damage":4,"enemies":"Jaw Worm","floor":2,"turns":4},{"damage":2,"enemies":"2 Louse","floor":3,"turns":3},{"damage":9,"enemies":"Looter","floor":5,"turns":4},{"damage":20,"enemies":"3 Sentries","floor":7,"turns":9},{"damage":4,"enemies":"Blue Slaver","floor":10,"turns":3},{"damage":25,"enemies":"Large Slime","floor":13,"turns":6},{"damage":0,"enemies":"Exordium Thugs","floor":14,"turns":3},{"damage":30,"enemies":"Hexaghost","floor":16,"turns":7},{"damage":28,"enemies":"2 Thieves","floor":18,"turns":4},{"damage":0,"enemies":"Chosen","floor":21,"turns":3},{"damage":20,"enemies":"Centurion and Healer","floor":22,"turns":5},{"damage":31,"enemies":"Slavers","floor":24,"turns":6},{"damage":29,"enemies":"Gremlin Leader","floor":27,"turns":10},{"damage":31,"enemies":"Champ","floor":33,"turns":8},{"damage":0,"enemies":"3 Shapes","floor":35,"turns":5},{"damage":15,"enemies":"3 Darklings","floor":38,"turns":5},{"damage":8,"enemies":"2 Orb Walkers","floor":39,"turns":5},{"damage":41,"enemies":"Reptomancer","floor":41,"turns":5},{"damage":0,"enemies":"Transient","floor":44,"turns":5},{"damage":0,"enemies":"Sphere and 2 Shapes","floor":45,"turns":5},{"damage":0,"enemies":"4 Shapes","floor":47,"turns":5},{"damage":0,"enemies":"Giant Head","floor":48,"turns":7},{"damage":81,"enemies":"Awakened One","floor":50,"turns":12}],"seed_played":"-2102220968948184655","potions_obtained":[{"floor":2,"key":"SteroidPotion"},{"floor":3,"key":"Poison Potion"},{"floor":5,"key":"Swift Potion"},{"floor":10,"key":"Strength Potion"},{"floor":14,"key":"Weak Potion"},{"floor":21,"key":"SpeedPotion"},{"floor":27,"key":"Block Potion"},{"floor":35,"key":"FocusPotion"},{"floor":48,"key":"Energy Potion"}],"is_trial":false,"path_per_floor":["M","M","M","?","M","R","E","R","T","M","$","R","M","M","R","B",null,"M","$","?","M","M","R","E","R","T","E","?","R","?","$","R","B",null,"M","?","?","M","?","R","E","R","T","M","M","R","M","E","R","B",null],"character_chosen":"DEFECT","items_purchased":["Symbiotic Virus"],"campfire_rested":7,"item_purchase_floors":[11],"current_hp_per_floor":[74,70,68,57,48,72,52,76,76,72,72,72,47,47,71,52,75,47,47,47,47,34,58,41,65,65,62,62,82,66,66,66,63,81,87,87,87,86,87,87,60,60,60,67,74,87,87,87,87,25],"gold":0,"neow_bonus":"TEN_PERCENT_HP_BONUS","is_prod":false,"is_daily":false,"chose_seed":false,"campfire_upgraded":5,"win_rate":0,"timestamp":1548702835,"path_taken":["M","M","M","?","M","R","E","R","T","M","$","R","M","M","R","BOSS","M","$","?","M","M","R","E","R","T","E","?","R","?","?","R","BOSS","M","?","?","?","?","R","E","R","T","M","M","R","M","E","R","BOSS"],"build_version":"2019-01-23","purchased_purges":1,"victory":true,"max_hp_per_floor":[82,82,82,82,82,82,82,82,82,82,82,82,82,82,82,82,82,82,82,82,82,82,82,82,82,82,82,82,82,87,87,87,87,87,87,87,87,87,87,87,87,87,87,87,87,87,87,87,87,87],"card_choices":[{"not_picked":["Streamline","Self Repair"],"picked":"Darkness","floor":1},{"not_picked":["Rebound","Reinforced Body"],"picked":"Genetic Algorithm","floor":2},{"not_picked":["Turbo","Defragment"],"picked":"Redo","floor":3},{"not_picked":["Blizzard","Steam"],"picked":"Conserve Battery","floor":5},{"not_picked":["Melter","Streamline"],"picked":"Redo","floor":7},{"not_picked":["Force Field","Cold Snap"],"picked":"Lockon","floor":10},{"not_picked":["Machine Learning","Hologram"],"picked":"Redo","floor":13},{"not_picked":["Chill","Coolheaded"],"picked":"Rebound","floor":14},{"not_picked":["Hyperbeam","Electrodynamics"],"picked":"Echo Form","floor":16},{"not_picked":["Streamline","Compile Driver","Turbo"],"picked":"SKIP","floor":18},{"not_picked":["Blizzard","Reinforced Body"],"picked":"Self Repair","floor":21},{"not_picked":["Gash","Ball Lightning","Blizzard"],"picked":"SKIP","floor":22},{"not_picked":["Stack","Fusion+1"],"picked":"Conserve Battery","floor":24},{"not_picked":["Ball Lightning","Streamline","Sweeping Beam+1"],"picked":"SKIP","floor":27},{"not_picked":["Multi-Cast","Seek"],"picked":"Buffer","floor":33},{"not_picked":["Sunder","Coolheaded","Static Discharge"],"picked":"SKIP","floor":35},{"not_picked":["Capacitor","Hologram","Blizzard+1"],"picked":"SKIP","floor":38},{"not_picked":["Steam+1","Coolheaded"],"picked":"Redo+1","floor":39},{"not_picked":["Fusion","Leap"],"picked":"Buffer","floor":41},{"not_picked":["Storm+1","Steam+1","Gash"],"picked":"SKIP","floor":44},{"not_picked":["Go for the Eyes+1","Self Repair+1","Ball Lightning"],"picked":"SKIP","floor":45},{"not_picked":["Turbo","Sweeping Beam"],"picked":"Defragment+1","floor":47},{"not_picked":["Sweeping Beam","Meteor Strike"],"picked":"Seek","floor":48}],"player_experience":379265,"relics_obtained":[{"floor":7,"key":"Dodecahedron"},{"floor":9,"key":"Pantograph"},{"floor":24,"key":"Meat on the Bone"},{"floor":26,"key":"War Paint"},{"floor":27,"key":"Mercury Hourglass"},{"floor":39,"key":"Gambling Chip"},{"floor":41,"key":"Bag of Marbles"},{"floor":43,"key":"Boot"},{"floor":48,"key":"Ornamental Fan"}],"event_choices":[{"damage_healed":0,"gold_gain":75,"player_choice":"Gather Gold","damage_taken":11,"max_hp_gain":0,"max_hp_loss":0,"event_name":"World of Goop","floor":4,"gold_loss":0},{"damage_healed":0,"gold_gain":0,"player_choice":"Simplicity","damage_taken":0,"max_hp_gain":0,"max_hp_loss":0,"event_name":"Back to Basics","floor":20,"gold_loss":0,"cards_upgraded":["Strike_B","Strike_B","Strike_B","Strike_B","Defend_B","Defend_B","Defend_B","Defend_B"]},{"damage_healed":0,"gold_gain":0,"player_choice":"Stole Relic","damage_taken":0,"relics_obtained":["Omamori"],"max_hp_gain":0,"max_hp_loss":0,"event_name":"Addict","floor":28,"gold_loss":0,"cards_obtained":["Shame"]},{"damage_healed":0,"gold_gain":0,"player_choice":"Shed Blood","damage_taken":21,"max_hp_gain":5,"max_hp_loss":0,"event_name":"Forgotten Altar","floor":30,"gold_loss":0},{"damage_healed":0,"gold_gain":0,"player_choice":"Paid","damage_taken":0,"relics_obtained":["Red Mask"],"max_hp_gain":0,"max_hp_loss":0,"event_name":"Tomb of Lord Red Mask","floor":36,"gold_loss":7},{"cards_removed":["Strike_B"],"damage_healed":0,"gold_gain":0,"player_choice":"Removed Attack","damage_taken":0,"max_hp_gain":0,"max_hp_loss":0,"event_name":"Falling","floor":37,"gold_loss":0},{"damage_healed":0,"gold_gain":0,"player_choice":"Fight","damage_taken":0,"max_hp_gain":0,"max_hp_loss":0,"event_name":"Mysterious Sphere","floor":39,"gold_loss":0}],"is_beta":false,"boss_relics":[{"not_picked":["Snecko Eye","Coffee Dripper"],"picked":"Ectoplasm"},{"not_picked":["Inserter","Philosopher\u0027s Stone"],"picked":"Velvet Choker"}],"items_purged_floors":[31],"is_endless":false,"potions_floor_spawned":[2,3,5,10,14,21,27,35,48],"ascension_level":7}