{"gold_per_floor":[17,32,107,107,282,282,303,13,13,26,69,69,85,124,124,252,252,277,262,262,285,285],"floor_reached":22,"playtime":4863,"items_purged":[],"score":265,"play_id":"36ba749b-d377-4d86-97fe-e0f930bcf42a","local_time":"20190126104020","is_ascension_mode":true,"campfire_choices":[{"floor":6,"key":"REST"},{"floor":12,"key":"DIG"},{"floor":15,"key":"REST"}],"neow_cost":"NO_GOLD","seed_source_timestamp":610537921838730,"circlet_count":0,"master_deck":["Strike_B","Strike_B","Defend_B","Defend_B","Defend_B","Defend_B","Zap","Dualcast","Coolheaded","Rebound","Sunder","Defragment","Doubt","Hello World","Conserve Battery","Chill","Leap","Hello World","Fission","Static Discharge+1","Ball Lightning+1","Coolheaded+1"],"relics":["Cracked Core","Golden Idol","Shovel","Pear","Shuriken","Question Card","Cursed Key","Nloth\u0027s Gift"],"potions_floor_usage":[13,14,22],"damage_taken":[{"damage":7,"enemies":"Jaw Worm","floor":1,"turns":4},{"damage":2,"enemies":"2 Louse","floor":2,"turns":2},{"damage":3,"enemies":"Small Slimes","floor":7,"turns":3},{"damage":11,"enemies":"Blue Slaver","floor":10,"turns":4},{"damage":10,"enemies":"Lagavulin","floor":11,"turns":9},{"damage":0,"enemies":"Lots of Slimes","floor":13,"turns":5},{"damage":24,"enemies":"Gremlin Nob","floor":14,"turns":5},{"damage":36,"enemies":"Slime Boss","floor":16,"turns":9},{"damage":1,"enemies":"Chosen","floor":18,"turns":6},{"damage":25,"enemies":"2 Thieves","floor":19,"turns":4},{"damage":25,"enemies":"Sentry and Sphere","floor":21,"turns":6},{"damage":15,"enemies":"Snake Plant","floor":22,"turns":3}],"seed_played":"-5558929086650770622","potions_obtained":[{"floor":1,"key":"Block Potion"},{"floor":10,"key":"SpeedPotion"},{"floor":11,"key":"Weak Potion"},{"floor":21,"key":"SpeedPotion"}],"is_trial":false,"path_per_floor":["M","M","?","?","?","R","M","$","T","M","E","R","M","E","R","B",null,"M","M","?","M","M"],"character_chosen":"DEFECT","items_purchased":["Shovel"],"campfire_rested":2,"item_purchase_floors":[8],"current_hp_per_floor":[61,59,48,48,48,68,65,65,75,64,54,54,54,30,53,17,64,63,38,38,13,0],"gold":285,"neow_bonus":"TRANSFORM_TWO_CARDS","is_prod":false,"is_daily":false,"chose_seed":false,"campfire_upgraded":0,"win_rate":0,"timestamp":1548535220,"path_taken":["M","M","?","?","?","R","M","$","T","M","E","R","M","E","R","BOSS","M","M","?","?","M"],"build_version":"2019-01-23","purchased_purges":0,"victory":false,"max_hp_per_floor":[75,75,75,69,69,69,69,69,79,79,79,79,79,79,79,79,79,79,79,79,79,79],"card_choices":[{"not_picked":["Compile Driver","Rebound"],"picked":"Sunder","floor":1},{"not_picked":["Go for the Eyes","Stack"],"picked":"Defragment","floor":2},{"not_picked":["Loop","Hologram"],"picked":"Hello World","floor":7},{"not_picked":["Rebound","Coolheaded"],"picked":"Conserve Battery","floor":10},{"not_picked":["Turbo","Hologram"],"picked":"Chill","floor":11},{"not_picked":["Barrage","Reprogram","All For One"],"picked":"Leap","floor":13},{"not_picked":["Stack","Steam Power","Consume"],"picked":"Hello World","floor":14},{"not_picked":["Meteor Strike","Multi-Cast","Reboot"],"picked":"Fission","floor":16},{"not_picked":["Double Energy","Steam Power+1","Leap"],"picked":"Static Discharge+1","floor":18},{"not_picked":["Stack","Force Field","Compile Driver"],"picked":"Ball Lightning+1","floor":19},{"not_picked":["Hello World","Undo","Stack"],"picked":"Coolheaded+1","floor":21}],"player_experience":364761,"relics_obtained":[{"floor":9,"key":"Pear"},{"floor":11,"key":"Shuriken"},{"floor":12,"key":"Question Card"},{"floor":14,"key":"Blue Candle"}],"event_choices":[{"damage_healed":0,"gold_gain":75,"player_choice":"Gather Gold","damage_taken":11,"max_hp_gain":0,"max_hp_loss":0,"event_name":"World of Goop","floor":3,"gold_loss":0},{"damage_healed":0,"gold_gain":0,"player_choice":"Lose Max HP","damage_taken":0,"relics_obtained":["Golden Idol"],"max_hp_gain":0,"max_hp_loss":6,"event_name":"Golden Idol","floor":4,"gold_loss":0},{"damage_healed":0,"gold_gain":175,"player_choice":"AGREE","damage_taken":0,"max_hp_gain":0,"max_hp_loss":0,"event_name":"Liars Game","floor":5,"gold_loss":0,"cards_obtained":["Doubt"]},{"damage_healed":0,"gold_gain":0,"player_choice":"Traded Relic","damage_taken":0,"relics_obtained":["Nloth\u0027s Gift"],"max_hp_gain":0,"max_hp_loss":0,"event_name":"N\u0027loth","floor":20,"relics_lost":["Blue Candle"],"gold_loss":0}],"is_beta":false,"boss_relics":[{"not_picked":["Snecko Eye","Pandora\u0027s Box"],"picked":"Cursed Key"}],"items_purged_floors":[],"is_endless":false,"potions_floor_spawned":[1,10,11,21],"killed_by":"Snake Plant","ascension_level":7}