{"gold_per_floor":[116,133,146,163,163,163,196,196,196,226,226,259,334,351,351,447,447,458,458,458,160,170,170,199,199,199,217,234,248,248,260,260,358,358,376,391,200,213,213,213,227,227,251,73,104,117,148,108,108,108],"floor_reached":51,"playtime":2563,"items_purged":[],"score":1121,"play_id":"8814bd64-6ed6-4458-a1fe-7ff038fbc624","local_time":"20190123164626","is_ascension_mode":true,"campfire_choices":[{"data":"Bash","floor":6,"key":"SMITH"},{"floor":11,"key":"REST"},{"floor":15,"key":"REST"},{"floor":23,"key":"REST"},{"floor":25,"key":"REST"},{"floor":30,"key":"REST"},{"floor":32,"key":"REST"},{"floor":42,"key":"REST"},{"floor":49,"key":"REST"}],"neow_cost":"NONE","seed_source_timestamp":375573239248869,"circlet_count":0,"master_deck":["AscendersBane","Strike_R","Strike_R","Strike_R+1","Strike_R","Strike_R+1","Defend_R","Defend_R","Defend_R","Defend_R","Bash+1","Rage","Body Slam","Rampage","Pommel Strike","Armaments+1","Carnage","Rampage","Demon Form","Twin Strike","Necronomicurse","Dropkick","Whirlwind","Deep Breath","Reaper","Double Tap","Shockwave","Headbutt","Madness","Madness","Iron Wave+1","Bloodletting","Dark Shackles","Heavy Blade","Infernal Blade"],"relics":["Burning Blood","Happy Flower","Calipers","Nunchaku","Dead Branch","Paper Frog","Orichalcum","Velvet Choker","Necronomicon","Membership Card","StoneCalendar","Bag of Preparation","Runic Pyramid","Bottled Flame","Centennial Puzzle","Strange Spoon","PreservedInsect","Juzu Bracelet"],"potions_floor_usage":[12,16,16,18,24,31,45,47,50],"damage_taken":[{"damage":0,"enemies":"Small Slimes","floor":1,"turns":3},{"damage":6,"enemies":"2 Louse","floor":2,"turns":4},{"damage":3,"enemies":"Jaw Worm","floor":3,"turns":4},{"damage":10,"enemies":"Blue Slaver","floor":4,"turns":4},{"damage":27,"enemies":"Gremlin Nob","floor":7,"turns":4},{"damage":24,"enemies":"3 Sentries","floor":10,"turns":10},{"damage":9,"enemies":"Gremlin Nob","floor":12,"turns":3},{"damage":0,"enemies":"Large Slime","floor":14,"turns":4},{"damage":32,"enemies":"Hexaghost","floor":16,"turns":6},{"damage":19,"enemies":"Chosen","floor":18,"turns":5},{"damage":0,"enemies":"Spheric Guardian","floor":22,"turns":1},{"damage":55,"enemies":"Book of Stabbing","floor":24,"turns":5},{"damage":19,"enemies":"Snake Plant","floor":27,"turns":2},{"damage":22,"enemies":"Centurion and Healer","floor":28,"turns":4},{"damage":0,"enemies":"Snecko","floor":29,"turns":3},{"damage":15,"enemies":"Cultist and Chosen","floor":31,"turns":6},{"damage":94,"enemies":"Automaton","floor":33,"turns":9},{"damage":3,"enemies":"Orb Walker","floor":35,"turns":3},{"damage":32,"enemies":"3 Shapes","floor":36,"turns":3},{"damage":0,"enemies":"Maw","floor":38,"turns":6},{"damage":39,"enemies":"Writhing Mass","floor":41,"turns":3},{"damage":14,"enemies":"Giant Head","floor":45,"turns":5},{"damage":33,"enemies":"Spire Growth","floor":46,"turns":4},{"damage":3,"enemies":"Reptomancer","floor":47,"turns":2},{"damage":74,"enemies":"Time Eater","floor":50,"turns":5}],"seed_played":"5486447108812206736","potions_obtained":[{"floor":1,"key":"Energy Potion"},{"floor":10,"key":"BloodPotion"},{"floor":14,"key":"Poison Potion"},{"floor":16,"key":"PowerPotion"},{"floor":18,"key":"Poison Potion"},{"floor":29,"key":"Regen Potion"},{"floor":33,"key":"SpeedPotion"},{"floor":41,"key":"Regen Potion"}],"is_trial":false,"path_per_floor":["M","M","M","M","?","R","E","?","T","E","R","E","?","M","R","B",null,"M","?","?","$","M","R","E","R","T","M","M","M","R","M","R","B",null,"M","M","$","M","?","?","M","R","T","$","E","M","E","?","R","B",null],"character_chosen":"IRONCLAD","items_purchased":["Membership Card","Dropkick","Whirlwind","Deep Breath","Bottled Flame","Shockwave","Strength Potion","AttackPotion","Bloodletting","Strange Spoon","Dark Shackles"],"campfire_rested":8,"item_purchase_floors":[21,21,21,21,37,37,37,37,44,44,44],"current_hp_per_floor":[78,78,80,76,73,73,52,36,36,18,42,47,36,42,66,40,70,57,42,26,26,32,57,8,33,33,31,15,21,46,60,85,39,74,85,77,77,83,83,72,40,65,65,65,71,44,47,47,72,21],"gold":108,"neow_bonus":"RANDOM_COMMON_RELIC","is_prod":false,"is_daily":false,"chose_seed":false,"campfire_upgraded":1,"win_rate":0,"timestamp":1548297986,"path_taken":["M","M","M","M","?","R","E","?","T","E","R","E","?","M","R","BOSS","M","?","?","$","M","R","E","R","T","M","M","M","R","M","R","BOSS","M","M","$","M","?","?","M","R","T","$","E","M","E","?","R","BOSS"],"build_version":"2019-01-23","purchased_purges":0,"victory":true,"max_hp_per_floor":[80,80,80,80,80,80,80,80,80,80,80,80,80,80,80,80,80,80,85,85,85,85,85,85,85,85,85,85,85,85,85,85,85,85,85,85,85,85,85,85,85,85,85,85,85,85,85,85,85,85],"card_choices":[{"not_picked":["Sever Soul","True Grit"],"picked":"Rage","floor":1},{"not_picked":["Headbutt","Rage"],"picked":"Body Slam","floor":2},{"not_picked":["Body Slam","Cleave"],"picked":"Rampage","floor":3},{"not_picked":["Iron Wave","Searing Blow"],"picked":"Pommel Strike","floor":4},{"not_picked":["Bludgeon","Body Slam"],"picked":"Armaments","floor":7},{"not_picked":["Sentinel","Limit Break"],"picked":"Carnage","floor":10},{"not_picked":["Heavy Blade","Pommel Strike"],"picked":"Rampage","floor":12},{"not_picked":["Havoc","Power Through","Pummel"],"picked":"SKIP","floor":14},{"not_picked":["Feed","Immolate"],"picked":"Demon Form","floor":16},{"not_picked":["Sword Boomerang","Warcry"],"picked":"Twin Strike","floor":18},{"not_picked":["True Grit","Entrench+1","Wild Strike"],"picked":"SKIP","floor":22},{"not_picked":["Flex","Twin Strike"],"picked":"Reaper","floor":24},{"not_picked":["Iron Wave","Flex","Sword Boomerang"],"picked":"SKIP","floor":27},{"not_picked":["Perfected Strike","Impervious","Anger"],"picked":"SKIP","floor":28},{"not_picked":["Armaments","Ghostly Armor","Metallicize+1"],"picked":"SKIP","floor":29},{"not_picked":["Perfected Strike+1","Disarm+1","Warcry"],"picked":"SKIP","floor":31},{"not_picked":["Reaper","Offering"],"picked":"Double Tap","floor":33},{"not_picked":["Perfected Strike+1","Sentinel","Thunderclap"],"picked":"SKIP","floor":35},{"not_picked":["Perfected Strike","Corruption+1","True Grit"],"picked":"SKIP","floor":36},{"not_picked":["Clothesline","Reckless Charge"],"picked":"Headbutt","floor":38},{"not_picked":["Anger+1","Thunderclap"],"picked":"Iron Wave+1","floor":41},{"not_picked":["Feel No Pain","Sword Boomerang"],"picked":"Heavy Blade","floor":45},{"not_picked":["Cleave","Shockwave+1","Entrench+1"],"picked":"SKIP","floor":46},{"not_picked":["Reckless Charge","Combust"],"picked":"Infernal Blade","floor":47}],"player_experience":340500,"relics_obtained":[{"floor":7,"key":"Nunchaku"},{"floor":9,"key":"Dead Branch"},{"floor":10,"key":"Paper Frog"},{"floor":12,"key":"Orichalcum"},{"floor":20,"key":"Necronomicon"},{"floor":24,"key":"StoneCalendar"},{"floor":26,"key":"Bag of Preparation"},{"floor":43,"key":"Centennial Puzzle"},{"floor":45,"key":"PreservedInsect"},{"floor":47,"key":"Juzu Bracelet"}],"event_choices":[{"damage_healed":0,"gold_gain":0,"player_choice":"Success","damage_taken":3,"relics_obtained":["Calipers"],"max_hp_gain":0,"max_hp_loss":0,"event_name":"Scrap Ooze","floor":5,"gold_loss":0},{"damage_healed":0,"gold_gain":0,"player_choice":"Entered Light","damage_taken":16,"max_hp_gain":0,"max_hp_loss":0,"event_name":"Shining Light","floor":8,"gold_loss":0,"cards_upgraded":["Strike_R","Strike_R"]},{"damage_healed":0,"gold_gain":75,"player_choice":"Gather Gold","damage_taken":11,"max_hp_gain":0,"max_hp_loss":0,"event_name":"World of Goop","floor":13,"gold_loss":0},{"damage_healed":0,"gold_gain":0,"player_choice":"Shed Blood","damage_taken":20,"max_hp_gain":5,"max_hp_loss":0,"event_name":"Forgotten Altar","floor":19,"gold_loss":0},{"damage_healed":0,"gold_gain":0,"player_choice":"Obtained Book","damage_taken":16,"max_hp_gain":0,"max_hp_loss":0,"event_name":"Cursed Tome","floor":20,"gold_loss":0},{"damage_healed":0,"gold_gain":0,"player_choice":"Ignored","damage_taken":0,"max_hp_gain":0,"max_hp_loss":0,"event_name":"Tomb of Lord Red Mask","floor":39,"gold_loss":0},{"damage_healed":0,"gold_gain":0,"player_choice":"Embrace Madness","damage_taken":11,"max_hp_gain":0,"max_hp_loss":0,"event_name":"Winding Halls","floor":40,"gold_loss":0,"cards_obtained":["Madness","Madness"]},{"damage_healed":0,"gold_gain":0,"player_choice":"Upgrade","damage_taken":0,"max_hp_gain":0,"max_hp_loss":0,"event_name":"Designer","floor":48,"gold_loss":40,"cards_upgraded":["Armaments"]}],"is_beta":false,"boss_relics":[{"not_picked":["Busted Crown","Fusion Hammer"],"picked":"Velvet Choker"},{"not_picked":["Pandora\u0027s Box","Runic Cube"],"picked":"Runic Pyramid"}],"items_purged_floors":[],"is_endless":false,"potions_floor_spawned":[1,10,14,16,18,29,33,38,41],"ascension_level":10}