{"gold_per_floor":[117,117,128,58,75,104,123,123,123,134,134,150,10,25,25,103,103,62,62,8,8,21,21,37,37,61,96,96,116,116],"floor_reached":30,"playtime":1251,"items_purged":[],"score":504,"play_id":"c49cdd65-632b-406d-bad8-121052c04ef0","local_time":"20190213201802","is_ascension_mode":true,"campfire_choices":[{"floor":8.0,"key":"REST"},{"data":"Coolheaded","floor":15.0,"key":"SMITH"},{"floor":23,"key":"REST"},{"floor":28,"key":"REST"}],"neow_cost":"NONE","seed_source_timestamp":1591907230273,"circlet_count":0,"master_deck":["AscendersBane","Strike_B","Strike_B","Strike_B","Strike_B","Defend_B","Defend_B","Defend_B","Defend_B","Zap","Dualcast","Leap","Gash","Gash","Conserve Battery","Coolheaded+1","Steam","Scrape","Conserve Battery","Cold Snap","Seek","Leap","Conserve Battery","Leap","Writhe","Seek+1","Glacier+1"],"special_seed":0,"relics":["Cracked Core","NeowsBlessing","Bronze Scales","Bag of Preparation","Shuriken","Lizard Tail","Regal Pillow","Ancient Tea Set","Toxic Egg 2"],"potions_floor_usage":[27,27,29],"damage_taken":[{"damage":0.0,"enemies":"Cultist","floor":1.0,"turns":1.0},{"damage":0.0,"enemies":"Small Slimes","floor":3.0,"turns":2.0},{"damage":0.0,"enemies":"Jaw Worm","floor":5.0,"turns":1.0},{"damage":21.0,"enemies":"3 Sentries","floor":6.0,"turns":6.0},{"damage":15.0,"enemies":"Gremlin Gang","floor":7.0,"turns":5.0},{"damage":1.0,"enemies":"Looter","floor":10.0,"turns":4.0},{"damage":5.0,"enemies":"Lots of Slimes","floor":12.0,"turns":4.0},{"damage":0.0,"enemies":"Blue Slaver","floor":14.0,"turns":3.0},{"damage":14.0,"enemies":"The Guardian","floor":16.0,"turns":10.0},{"damage":22,"enemies":"2 Thieves","floor":18,"turns":5},{"damage":14,"enemies":"3 Byrds","floor":22,"turns":4},{"damage":19,"enemies":"Shelled Parasite and Fungi","floor":24,"turns":9},{"damage":65,"enemies":"Slavers","floor":27,"turns":10},{"damage":35,"enemies":"Snecko","floor":29,"turns":8},{"damage":6,"enemies":"Cultist and Chosen","floor":30,"turns":2}],"seed_played":"-5624403831195776012","potions_obtained":[{"floor":3.0,"key":"LiquidBronze"},{"floor":5.0,"key":"PowerPotion"},{"floor":12.0,"key":"FocusPotion"},{"floor":14.0,"key":"Block Potion"},{"floor":16.0,"key":"FocusPotion"},{"floor":27,"key":"Block Potion"}],"is_trial":false,"path_per_floor":["M","?","M","?","M","E","M","R","T","M","?","M","$","M","R","B",null,"M","?","$","?","M","R","M","?","T","E","R","M","M"],"character_chosen":"DEFECT","items_purchased":["Scrape","Conserve Battery","Conserve Battery"],"campfire_rested":3,"item_purchase_floors":[13,13,20],"current_hp_per_floor":[64,64,64,64,64,43,28,49,49,48,48,43,43,43,43,29,61,39,39,39,39,25,46,27,27,27,1,37,2,0],"gold":116,"neow_bonus":"THREE_ENEMY_KILL","is_prod":false,"is_daily":false,"chose_seed":false,"campfire_upgraded":1,"win_rate":0,"timestamp":1550107082,"path_taken":["M","?","M","?","?","E","M","R","T","?","?","?","$","M","R","BOSS","M","?","$","?","M","R","M","?","T","E","R","M","M"],"build_version":"2019-01-23","purchased_purges":0,"victory":false,"max_hp_per_floor":[71,71,71,71,71,71,71,71,71,71,71,71,71,71,71,71,71,71,71,71,71,71,71,71,71,71,71,71,71,71],"card_choices":[{"not_picked":["Stack","Sweeping Beam"],"picked":"Leap","floor":1.0},{"not_picked":["Tempest","Loop"],"picked":"Gash","floor":3.0},{"not_picked":["Stack","Redo"],"picked":"Gash","floor":5.0},{"not_picked":["Reinforced Body","Blizzard"],"picked":"Conserve Battery","floor":6.0},{"not_picked":["Rebound","Turbo","Darkness"],"picked":"SKIP","floor":7.0},{"not_picked":["Doom and Gloom","Barrage"],"picked":"Coolheaded","floor":10.0},{"not_picked":["Reprogram","Fission"],"picked":"Steam","floor":12.0},{"not_picked":["Redo","Barrage"],"picked":"Cold Snap","floor":14.0},{"not_picked":["Amplify","Thunder Strike"],"picked":"Seek","floor":16.0},{"not_picked":["Blizzard","Turbo"],"picked":"Leap","floor":18},{"not_picked":["Compile Driver","Undo","Heatsinks"],"picked":"SKIP","floor":22},{"not_picked":["Barrage","Chaos"],"picked":"Leap","floor":24},{"not_picked":["Consume","Sweeping Beam+1"],"picked":"Seek","floor":27},{"not_picked":["Skim+1","Storm"],"picked":"Glacier+1","floor":29}],"player_experience":291687,"relics_obtained":[{"floor":6.0,"key":"Bronze Scales"},{"floor":9.0,"key":"Bag of Preparation"},{"floor":26,"key":"Ancient Tea Set"},{"floor":27,"key":"Toxic Egg 2"}],"event_choices":[{"damage_healed":0.0,"max_hp_gain":0.0,"max_hp_loss":0.0,"gold_gain":0.0,"event_name":"Liars Game","player_choice":"Ignored","floor":2.0,"gold_loss":0.0,"damage_taken":0.0},{"damage_healed":0.0,"max_hp_gain":0.0,"max_hp_loss":0.0,"gold_gain":0.0,"event_name":"World of Goop","player_choice":"Left Gold","floor":4.0,"gold_loss":70.0,"damage_taken":0.0},{"damage_healed":0.0,"max_hp_gain":0.0,"max_hp_loss":0.0,"gold_gain":0.0,"event_name":"WeMeetAgain","player_choice":"Gave Potion","floor":11.0,"gold_loss":0.0,"damage_taken":0.0,"relics_obtained":["Shuriken"]},{"damage_healed":0,"gold_gain":0,"player_choice":"Ignored","damage_taken":0,"max_hp_gain":0,"max_hp_loss":0,"event_name":"Beggar","floor":19,"gold_loss":0},{"damage_healed":0,"gold_gain":0,"player_choice":"Ignored","damage_taken":0,"max_hp_gain":0,"max_hp_loss":0,"event_name":"Ghosts","floor":21,"gold_loss":0},{"damage_healed":0,"gold_gain":0,"player_choice":"Opened","damage_taken":0,"relics_obtained":["Regal Pillow"],"max_hp_gain":0,"max_hp_loss":0,"event_name":"The Mausoleum","floor":25,"gold_loss":0,"cards_obtained":["Writhe"]}],"is_beta":false,"boss_relics":[{"not_picked":["Orrery","Pandora\u0027s Box"],"picked":"Lizard Tail"}],"items_purged_floors":[],"is_endless":false,"potions_floor_spawned":[3,5,12,14,16,24,27],"killed_by":"Cultist and Chosen","ascension_level":20}