{"gold_per_floor":[113,113,132,157,82,422,322,362,362,362,400,400,443,443,443,562,562,577,577,502,324,344,344,378,378,378,378,409,409,422,440,440,571,571,584,917,398,411,426,426],"floor_reached":40,"playtime":4235,"items_purged":["Strike_R","Strike_R","Strike_R","Defend_R"],"score":543,"play_id":"6ceaabe9-f161-41cd-8158-2ac5f25a11a0","local_time":"20190307014918","is_ascension_mode":true,"campfire_choices":[{"floor":10.0,"key":"REST"},{"floor":12.0,"key":"REST"},{"data":"Bash","floor":15.0,"key":"SMITH"},{"floor":23.0,"key":"REST"},{"floor":32.0,"key":"REST"}],"neow_cost":"NONE","seed_source_timestamp":0,"circlet_count":0,"master_deck":["Defend_R","Defend_R","Defend_R","Bash+1","Shockwave","Clothesline","Exhume","Metallicize","True Grit","Carnage","Seeing Red","Demon Form","Shrug It Off","Heavy Blade","Shrug It Off+1","Bludgeon","Armaments","Ghostly Armor","Limit Break","Finesse","Spot Weakness+1"],"special_seed":0,"relics":["Philosopher\u0027s Stone","Old Coin","Bottled Flame","Mummified Hand","Paper Frog","Regal Pillow","Empty Cage","Enchiridion","Vajra","Meat on the Bone","Shuriken","Calipers","Busted Crown","StoneCalendar"],"potions_floor_usage":[35,39,40],"damage_taken":[{"damage":3.0,"enemies":"Jaw Worm","floor":1.0,"turns":4.0},{"damage":0.0,"enemies":"Small Slimes","floor":3.0,"turns":4.0},{"damage":6.0,"enemies":"2 Louse","floor":4.0,"turns":2.0},{"damage":35.0,"enemies":"3 Sentries","floor":6.0,"turns":7.0},{"damage":14.0,"enemies":"Gremlin Nob","floor":8.0,"turns":5.0},{"damage":24.0,"enemies":"3 Sentries","floor":11.0,"turns":11.0},{"damage":10.0,"enemies":"Lagavulin","floor":13.0,"turns":5.0},{"damage":10.0,"enemies":"The Guardian","floor":16.0,"turns":9.0},{"damage":15.0,"enemies":"Spheric Guardian","floor":18.0,"turns":5.0},{"damage":7.0,"enemies":"Shell Parasite","floor":22.0,"turns":3.0},{"damage":44.0,"enemies":"Gremlin Leader","floor":24.0,"turns":6.0},{"damage":11.0,"enemies":"Slavers","floor":28.0,"turns":5.0},{"damage":22.0,"enemies":"Centurion and Healer","floor":30.0,"turns":4.0},{"damage":12.0,"enemies":"3 Cultists","floor":31.0,"turns":6.0},{"damage":21.0,"enemies":"Automaton","floor":33.0,"turns":8.0},{"damage":40,"enemies":"3 Darklings","floor":35,"turns":6},{"damage":0,"enemies":"Orb Walker","floor":38,"turns":2},{"damage":6,"enemies":"Transient","floor":39,"turns":5},{"damage":66,"enemies":"Giant Head","floor":40,"turns":8}],"seed_played":"8093513232857633827","potions_obtained":[{"floor":3.0,"key":"Block Potion"},{"floor":4.0,"key":"LiquidBronze"},{"floor":13.0,"key":"Energy Potion"},{"floor":24.0,"key":"AttackPotion"},{"floor":28.0,"key":"SteroidPotion"},{"floor":31.0,"key":"Block Potion"},{"floor":33.0,"key":"Regen Potion"},{"floor":38,"key":"SkillPotion"},{"floor":39,"key":"Dexterity Potion"}],"is_trial":false,"path_per_floor":["M","?","M","M","$","E","$","E","T","R","E","R","E","?","R","B",null,"M","?","?","$","M","R","E","?","T","T","E","?","M","M","R","B",null,"M","?","$","M","M","E"],"character_chosen":"IRONCLAD","items_purchased":["Heavy Blade","StoneCalendar","Finesse"],"campfire_rested":4,"item_purchase_floors":[21,37,37],"current_hp_per_floor":[77,74,74,68,68,33,33,19,19,41,17,39,29,47,47,37,74,59,43,43,43,36,71,27,27,27,27,28,28,18,18,54,45,71,40,40,40,40,46,0],"gold":426,"neow_bonus":"BOSS_RELIC","is_prod":false,"is_daily":false,"chose_seed":false,"campfire_upgraded":1,"win_rate":0,"timestamp":1551944958,"path_taken":["M","?","M","M","$","E","$","E","T","R","E","R","E","?","R","BOSS","M","?","?","$","?","R","E","?","T","?","E","?","M","M","R","BOSS","M","?","$","M","M","E"],"build_version":"2019-01-23","purchased_purges":4,"victory":false,"max_hp_per_floor":[80,74,74,74,74,74,74,74,74,74,74,74,74,74,74,74,74,74,74,71,71,71,71,71,71,71,71,71,71,71,71,71,71,71,71,71,71,71,71,71],"card_choices":[{"not_picked":["Cleave","Rampage"],"picked":"Shockwave","floor":1.0},{"not_picked":["Flex","Twin Strike"],"picked":"Clothesline","floor":3.0},{"not_picked":["Infernal Blade","Twin Strike"],"picked":"Exhume","floor":4.0},{"not_picked":["Body Slam","Fire Breathing"],"picked":"Metallicize","floor":6.0},{"not_picked":["Iron Wave","Warcry"],"picked":"True Grit","floor":8.0},{"not_picked":["Cleave","Body Slam"],"picked":"Carnage","floor":11.0},{"not_picked":["Clash","Pommel Strike"],"picked":"Seeing Red","floor":13.0},{"not_picked":["Impervious","Immolate"],"picked":"Demon Form","floor":16.0},{"not_picked":["Perfected Strike","Sword Boomerang"],"picked":"Shrug It Off","floor":18.0},{"not_picked":["True Grit","Clothesline"],"picked":"Shrug It Off+1","floor":22.0},{"not_picked":["Clash","True Grit"],"picked":"Bludgeon","floor":24.0},{"not_picked":["Clothesline","Power Through"],"picked":"Armaments","floor":28.0},{"not_picked":["Havoc","Bloodletting"],"picked":"Ghostly Armor","floor":30.0},{"not_picked":["Twin Strike","Warcry+1","Flex"],"picked":"SKIP","floor":31.0},{"not_picked":["Fiend Fire","Double Tap"],"picked":"Limit Break","floor":33.0},{"not_picked":["Hemokinesis+1"],"picked":"SKIP","floor":35},{"not_picked":["Body Slam"],"picked":"SKIP","floor":38},{"not_picked":[],"picked":"Spot Weakness+1","floor":39}],"player_experience":186609,"relics_obtained":[{"floor":6.0,"key":"Old Coin"},{"floor":8.0,"key":"Bottled Flame"},{"floor":9.0,"key":"Mummified Hand"},{"floor":11.0,"key":"Paper Frog"},{"floor":13.0,"key":"Regal Pillow"},{"floor":19.0,"key":"Enchiridion"},{"floor":24.0,"key":"Vajra"},{"floor":26.0,"key":"Meat on the Bone"},{"floor":27.0,"key":"Shuriken"},{"floor":28.0,"key":"Calipers"}],"event_choices":[{"damage_healed":0.0,"max_hp_gain":0.0,"max_hp_loss":6.0,"gold_gain":0.0,"event_name":"Golden Idol","player_choice":"Lose Max HP","floor":2.0,"gold_loss":0.0,"damage_taken":0.0,"relics_obtained":["Golden Idol"]},{"damage_healed":18.0,"max_hp_gain":0.0,"max_hp_loss":0.0,"gold_gain":0.0,"event_name":"Mushrooms","player_choice":"Healed and dodged fight","floor":14.0,"gold_loss":0.0,"damage_taken":0.0,"cards_obtained":["Parasite"]},{"damage_healed":0.0,"max_hp_gain":0.0,"max_hp_loss":0.0,"gold_gain":0.0,"event_name":"Cursed Tome","player_choice":"Obtained Book","floor":19.0,"gold_loss":0.0,"damage_taken":16.0},{"cards_removed":["Parasite"],"damage_healed":0.0,"max_hp_gain":0.0,"max_hp_loss":0.0,"gold_gain":0.0,"event_name":"Beggar","player_choice":"Gave Gold","floor":20.0,"gold_loss":75.0,"damage_taken":0.0},{"damage_healed":0.0,"max_hp_gain":0.0,"max_hp_loss":0.0,"gold_gain":0.0,"event_name":"Ghosts","player_choice":"Ignored","floor":25.0,"gold_loss":0.0,"damage_taken":0.0},{"damage_healed":0.0,"max_hp_gain":0.0,"max_hp_loss":0.0,"gold_gain":0.0,"event_name":"Vampires","player_choice":"Ignored","floor":29.0,"gold_loss":0.0,"damage_taken":0.0},{"damage_healed":0,"gold_gain":333,"player_choice":"Gave Idol","damage_taken":0,"max_hp_gain":0,"max_hp_loss":0,"event_name":"The Moai Head","floor":36,"relics_lost":["Golden Idol"],"gold_loss":0}],"is_beta":false,"boss_relics":[{"not_picked":["Lizard Tail","Ectoplasm"],"picked":"Empty Cage"},{"not_picked":["Cursed Key","Pandora\u0027s Box"],"picked":"Busted Crown"}],"items_purged_floors":[5,7,21,37],"is_endless":false,"potions_floor_spawned":[3,4,13,24,28,31,33,38,39],"killed_by":"Giant Head","ascension_level":3}