{"gold_per_floor":[218,238,31,31,41,68,68,102,148,159,159,159,177,177,177,277,277,289,289,300,300,300,300,333,333,360,378,39,52,68,79,79,182,182,196,146,165,165,165,165,180,192,192,202,74,74,74,104,104,104,104,104,9,39,39],"floor_reached":55,"playtime":13234,"items_purged":["Defend_B","Enlightenment","Strike_B+1","Strike_B+1"],"score":802,"play_id":"7a8f8e82-e6b5-445c-bb84-754b9ab420bc","local_time":"20190105223358","is_ascension_mode":false,"campfire_choices":[{"data":"Defragment","floor":7.0,"key":"SMITH"},{"data":"Dualcast","floor":12.0,"key":"SMITH"},{"data":"Defragment","floor":15.0,"key":"SMITH"},{"data":"Limit Break","floor":23.0,"key":"SMITH"},{"data":"ReplayTheSpireMod:Omega Cannon","floor":25.0,"key":"SMITH"},{"floor":32.0,"key":"RECALL"},{"data":"Consume","floor":40,"key":"SMITH"},{"data":"ReplayUltimateDefense","floor":47,"key":"SMITH"},{"data":"BasicCrystalCard","floor":49,"key":"SMITH"},{"data":"Stack","floor":52,"key":"SMITH"}],"neow_cost":"NONE","seed_source_timestamp":0,"circlet_count":0,"master_deck":["Strike_B+1","Strike_B+1","Defend_B+1","Defend_B+1","Zap+1","BootSequence","Defragment+1","Rebound","Stack+1","Panic Button+1","Crystallizer+1","Ball Lightning","Defragment+1","Bash+1","Limit Break+1","ReplayGash+1","Conserve Battery","ReplayTheSpireMod:Omega Cannon+1","Gash+1","FTL","Steam+1","Consume+1","Glacier","Offering","Conserve Battery","ReplayGash+1","BasicCrystalCard+1","ReplayGash+1","BootSequence","ReplayUltimateDefense+1","Dark Shackles","Jack Of All Trades","Steam","Poisoned Strike","Buffer"],"special_seed":0,"relics":["BargainBundle","Cables","ReplayTheSpireMod:Lightbulb","ReplayFunnel","Iron Core","Runic Dome","MutagenicStrength","Smiling Mask","War Paint","Runic Capacitor","Eternal Feather","Boot","ReplayTheSpireMod:Ninjato"],"potions_floor_usage":[33,42,48,48,50,50],"damage_taken":[{"damage":0.0,"enemies":"Cultist","floor":1.0,"turns":3.0},{"damage":0.0,"enemies":"Jaw Worm","floor":2.0,"turns":3.0},{"damage":0.0,"enemies":"2 Louse","floor":5.0,"turns":3.0},{"damage":0.0,"enemies":"3 Sentries","floor":6.0,"turns":2.0},{"damage":14.0,"enemies":"Gremlin Nob","floor":8.0,"turns":3.0},{"damage":0.0,"enemies":"Exordium Wildlife","floor":10.0,"turns":3.0},{"damage":0.0,"enemies":"Looter","floor":13.0,"turns":2.0},{"damage":0.0,"enemies":"Slime Boss","floor":16.0,"turns":3.0},{"damage":1.0,"enemies":"Spheric Guardian","floor":18.0,"turns":3.0},{"damage":10.0,"enemies":"2 Thieves","floor":20.0,"turns":2.0},{"damage":12.0,"enemies":"Gremlin Leader","floor":24.0,"turns":5.0},{"damage":0.0,"enemies":"Chosen and Byrds","floor":27.0,"turns":2.0},{"damage":0.0,"enemies":"Snecko","floor":29.0,"turns":2.0},{"damage":0.0,"enemies":"Cultist and Chosen","floor":30.0,"turns":2.0},{"damage":0.0,"enemies":"Centurion and Healer","floor":31.0,"turns":2.0},{"damage":4,"enemies":"Pondfish","floor":33,"turns":5},{"damage":2,"enemies":"3 Shapes","floor":35,"turns":1},{"damage":0,"enemies":"Orb Walker","floor":37,"turns":2},{"damage":3,"enemies":"4 Shapes","floor":41,"turns":5},{"damage":0,"enemies":"Sphere and 2 Shapes","floor":42,"turns":7},{"damage":16,"enemies":"Jaw Worm Horde","floor":44,"turns":4},{"damage":31,"enemies":"Nemesis","floor":48,"turns":5},{"damage":45,"enemies":"Awakened One","floor":50,"turns":7},{"damage":41,"enemies":"Shield and Spear","floor":54,"turns":4},{"damage":40,"enemies":"The Heart","floor":55,"turns":8}],"seed_played":"5721906569915684146","potions_obtained":[{"floor":1.0,"key":"Energy Potion"},{"floor":2.0,"key":"Fire Potion"},{"floor":5.0,"key":"Venom Potion"},{"floor":10.0,"key":"GamblersBrew"},{"floor":20.0,"key":"Dexterity Potion"},{"floor":27.0,"key":"Explosive Potion"},{"floor":29.0,"key":"Languid Potion"},{"floor":31.0,"key":"LifebloodPotion"},{"floor":35,"key":"LiquidBronze"},{"floor":44,"key":"SkillPotion"},{"floor":48,"key":"AttackPotion"}],"is_trial":false,"path_per_floor":["M","M","$","?","M","E","R","E","T","M","?","R","M","?","R","B",null,"M","?","M","?","?","R","E","R","T","M","$","M","M","M","R","B",null,"M","$","M","?","?","R","M","M","T","M","$","?","R","E","R","B",null,"R","$","E","B"],"character_chosen":"DEFECT","items_purchased":["BargainBundle","Rebound","Stack","PowerPotion","Fire Potion","Enlightenment","Runic Capacitor","FTL","Toxic Potion","Poisoned Strike"],"campfire_rested":0,"item_purchase_floors":[3,3,3,3,3,3,28,28,45,53],"current_hp_per_floor":[75,75,75,80,80,80,80,66,66,66,50,50,50,50,50,50,80,79,79,69,69,69,69,57,57,57,57,57,57,57,57,57,53,80,78,78,78,78,78,80,77,77,77,61,61,51,69,38,56,11,80,80,80,39,0],"gold":39,"neow_bonus":"HUNDRED_GOLD","is_prod":false,"is_daily":false,"chose_seed":false,"campfire_upgraded":9,"win_rate":0,"timestamp":1546734838,"path_taken":["M","M","$","?","M","E","R","E","T","M","?","R","M","?","R","BOSS","M","?","M","?","?","R","E","R","T","M","$","?","M","?","R","BOSS","M","?","M","?","?","R","M","M","T","?","$","?","R","E","R","BOSS","R","$","E","BOSS"],"build_version":"2019-01-03v4","purchased_purges":4,"victory":false,"max_hp_per_floor":[75,75,75,80,80,80,80,80,80,80,80,80,80,80,80,80,80,80,80,80,80,80,80,80,80,80,80,80,80,80,80,80,80,80,80,80,80,80,80,80,80,80,80,80,80,80,80,80,80,80,80,80,80,80,80],"card_choices":[{"not_picked":["Hologram","Sweeping Beam"],"picked":"BootSequence","floor":1.0},{"not_picked":["Turbo","Glacier"],"picked":"Defragment","floor":2.0},{"not_picked":["Compile Driver","Gash","ReplayGash"],"picked":"SKIP","floor":5.0},{"not_picked":["Force Field","Beam Cell"],"picked":"Panic Button","floor":6.0},{"not_picked":["Go for the Eyes","Streamline"],"picked":"Crystallizer","floor":8.0},{"not_picked":["Barrage","Sweeping Beam"],"picked":"Ball Lightning","floor":10.0},{"not_picked":["Compile Driver","Sunder"],"picked":"Defragment","floor":13.0},{"not_picked":["Double Tap","Electrodynamics"],"picked":"Limit Break","floor":16.0},{"not_picked":["Leap+1","Darkness"],"picked":"ReplayGash+1","floor":18.0},{"not_picked":["Sweeping Beam+1","Sunder"],"picked":"Conserve Battery","floor":20.0},{"not_picked":["Beam Cell","Glacier"],"picked":"ReplayTheSpireMod:Omega Cannon","floor":24.0},{"not_picked":["Cold Snap","Turbo"],"picked":"Gash+1","floor":27.0},{"not_picked":["Compile Driver+1","ReplayTheSpireMod:System Scan"],"picked":"Steam+1","floor":29.0},{"not_picked":["Steam+1","Stack"],"picked":"Consume","floor":30.0},{"not_picked":["Beam Cell","Redo"],"picked":"Glacier","floor":31.0},{"not_picked":["Biased Cognition","Barricade"],"picked":"Offering","floor":33},{"not_picked":["Sweeping Beam+1","Stack+1"],"picked":"Conserve Battery","floor":35},{"not_picked":["White Noise","Lockon+1"],"picked":"ReplayGash+1","floor":37},{"not_picked":["Go for the Eyes+1","Compile Driver+1"],"picked":"BasicCrystalCard","floor":41},{"not_picked":["Coolheaded+1","Storm"],"picked":"ReplayGash+1","floor":42},{"not_picked":["Turbo","Panic Button"],"picked":"BootSequence","floor":44},{"not_picked":["Replay:Sssssssssshield","Purity"],"picked":"ReplayUltimateDefense","floor":46},{"not_picked":["Swift Strike","Jack Of All Trades"],"picked":"Dark Shackles","floor":46},{"not_picked":["Discovery","ReplayTheSpireMod:Uncanny Aura"],"picked":"Jack Of All Trades","floor":46},{"not_picked":["Darkness","Stack"],"picked":"Steam","floor":48},{"not_picked":["Redo","Scrape+1"],"picked":"Buffer","floor":54}],"player_experience":672813,"relics_obtained":[{"floor":6.0,"key":"Cables"},{"floor":8.0,"key":"ReplayTheSpireMod:Lightbulb"},{"floor":9.0,"key":"ReplayFunnel"},{"floor":24.0,"key":"Smiling Mask"},{"floor":26.0,"key":"War Paint"},{"floor":48,"key":"Boot"},{"floor":54,"key":"ReplayTheSpireMod:Ninjato"}],"event_choices":[{"damage_healed":0.0,"max_hp_gain":5.0,"max_hp_loss":0.0,"gold_gain":0.0,"event_name":"Big Fish","player_choice":"Donut","floor":4.0,"gold_loss":0.0,"damage_taken":0.0},{"damage_healed":0.0,"max_hp_gain":0.0,"max_hp_loss":0.0,"gold_gain":0.0,"event_name":"Shining Light","player_choice":"Entered Light","floor":11.0,"gold_loss":0.0,"damage_taken":16.0,"cards_upgraded":["Crystallizer","Defend_B"]},{"damage_healed":0.0,"max_hp_gain":0.0,"max_hp_loss":0.0,"gold_gain":0.0,"event_name":"Drug Dealer","player_choice":"Inject Mutagens","floor":19.0,"gold_loss":0.0,"damage_taken":0.0,"relics_obtained":["MutagenicStrength"]},{"damage_healed":0.0,"max_hp_gain":0.0,"max_hp_loss":0.0,"gold_gain":0.0,"event_name":"Back to Basics","player_choice":"Simplicity","floor":21.0,"gold_loss":0.0,"damage_taken":0.0,"cards_upgraded":["Strike_B","Strike_B","Strike_B","Strike_B","Defend_B","Defend_B"]},{"damage_healed":0.0,"max_hp_gain":0.0,"max_hp_loss":0.0,"gold_gain":0.0,"event_name":"NoteForYourself","player_choice":"Ignored","floor":22.0,"gold_loss":0.0,"damage_taken":0.0},{"cards_removed":["Defend_B"],"damage_healed":0,"gold_gain":0,"player_choice":"Removed Skill","damage_taken":0,"max_hp_gain":0,"max_hp_loss":0,"event_name":"Falling","floor":38,"gold_loss":0},{"damage_healed":0,"gold_gain":0,"player_choice":"Ignored","damage_taken":0,"max_hp_gain":0,"max_hp_loss":0,"event_name":"SecretPortal","floor":39,"gold_loss":0},{"damage_healed":0,"gold_gain":0,"player_choice":"Memory 3","damage_taken":10,"max_hp_gain":0,"max_hp_loss":0,"event_name":"SensoryStone","floor":46,"gold_loss":0}],"is_beta":false,"boss_relics":[{"not_picked":["Philosopher\u0027s Stone","Ectoplasm"],"picked":"Runic Dome"},{"not_picked":["White Beast Statue","Fusion Hammer"],"picked":"Eternal Feather"}],"items_purged_floors":[3,28,36,45],"is_endless":false,"potions_floor_spawned":[1,2,5,10,20,27,29,31,35,44,48],"killed_by":"The Heart","ascension_level":0}