{"gold_per_floor":[114,114,131,144,156,156,191,191,191,206,220,220,234,263,263,336,336,350,265,284,47,47,47,81,81,127,152,152,102,121,8,8,83,83,99,109,127,27,0,0,13,13],"floor_reached":42,"playtime":1818,"items_purged":["Strike_G","Parasite"],"score":899,"play_id":"2157279c-810f-4bda-a703-bc77abc5fc13","local_time":"20190311212949","is_ascension_mode":true,"campfire_choices":[{"data":"Dagger Spray","floor":6.0,"key":"SMITH"},{"data":"Cloak And Dagger","floor":8.0,"key":"SMITH"},{"data":"Glass Knife","floor":12.0,"key":"SMITH"},{"floor":15.0,"key":"REST"},{"data":"After Image","floor":23.0,"key":"SMITH"},{"data":"Blur","floor":25.0,"key":"SMITH"},{"floor":32.0,"key":"REST"},{"floor":40,"key":"REST"}],"neow_cost":"NONE","seed_source_timestamp":444678253244111,"circlet_count":0,"master_deck":["AscendersBane","Defend_G","Defend_G","Defend_G","Defend_G","Defend_G","Survivor","Neutralize+1","Dagger Spray+1","Cloak And Dagger+1","Escape Plan","Glass Knife+1","Escape Plan","Finisher","After Image+1","Blur+1","Backflip","Sucker Punch+1","Bite","Bite","Bite","Bite","Bite+1","Infinite Blades","PiercingWail","Blade Dance","Wraith Form v2","Noxious Fumes+1","Caltrops","Backstab+1","Poisoned Stab+1"],"special_seed":0,"relics":["Ring of the Snake","FaceOfCleric","Anchor","PreservedInsect","Mercury Hourglass","Philosopher\u0027s Stone","Dream Catcher","Juzu Bracelet","Lantern","Ancient Tea Set","Oddly Smooth Stone","Eternal Feather","Red Mask"],"potions_floor_usage":[],"damage_taken":[{"damage":2.0,"enemies":"Jaw Worm","floor":1.0,"turns":6.0},{"damage":6.0,"enemies":"Cultist","floor":3.0,"turns":5.0},{"damage":0.0,"enemies":"2 Louse","floor":4.0,"turns":2.0},{"damage":0.0,"enemies":"Looter","floor":5.0,"turns":4.0},{"damage":6.0,"enemies":"Gremlin Nob","floor":7.0,"turns":3.0},{"damage":4.0,"enemies":"Exordium Thugs","floor":10.0,"turns":5.0},{"damage":0.0,"enemies":"3 Louse","floor":11.0,"turns":2.0},{"damage":0.0,"enemies":"Lots of Slimes","floor":13.0,"turns":1.0},{"damage":6.0,"enemies":"Lagavulin","floor":14.0,"turns":4.0},{"damage":58.0,"enemies":"The Guardian","floor":16.0,"turns":13.0},{"damage":4.0,"enemies":"3 Byrds","floor":18.0,"turns":4.0},{"damage":0.0,"enemies":"Shell Parasite","floor":20.0,"turns":5.0},{"damage":21.0,"enemies":"Gremlin Leader","floor":24.0,"turns":6.0},{"damage":3.0,"enemies":"Book of Stabbing","floor":27.0,"turns":5.0},{"damage":0.0,"enemies":"3 Cultists","floor":30.0,"turns":5.0},{"damage":56.0,"enemies":"Automaton","floor":33.0,"turns":11.0},{"damage":0.0,"enemies":"3 Shapes","floor":35.0,"turns":4.0},{"damage":34.0,"enemies":"3 Darklings","floor":36.0,"turns":5.0},{"damage":28.0,"enemies":"Writhing Mass","floor":37.0,"turns":6.0},{"damage":39,"enemies":"Transient","floor":41,"turns":6},{"damage":36,"enemies":"Spire Growth","floor":42,"turns":4}],"seed_played":"-2334211925142308001","potions_obtained":[{"floor":3.0,"key":"SkillPotion"},{"floor":5.0,"key":"Strength Potion"},{"floor":7.0,"key":"Dexterity Potion"},{"floor":11.0,"key":"LiquidBronze"},{"floor":13.0,"key":"Energy Potion"},{"floor":20.0,"key":"GamblersBrew"},{"floor":30.0,"key":"FearPotion"},{"floor":33.0,"key":"Poison Potion"},{"floor":36.0,"key":"SteroidPotion"}],"is_trial":false,"path_per_floor":["M","?","M","M","M","R","E","R","T","M","M","R","M","E","R","B",null,"M","?","M","$","?","R","E","R","T","E","?","?","M","$","R","B",null,"M","M","M","$","?","R","M","M"],"character_chosen":"THE_SILENT","items_purchased":["Juzu Bracelet","PiercingWail","PowerPotion"],"campfire_rested":3,"item_purchase_floors":[21,31,31],"current_hp_per_floor":[57,57,52,53,54,54,49,49,49,46,47,47,48,43,65,8,58,55,55,56,56,56,56,36,36,36,34,34,34,42,42,56,17,47,57,29,6,6,6,41,16,0],"gold":13,"neow_bonus":"UPGRADE_CARD","is_prod":false,"is_daily":false,"chose_seed":false,"campfire_upgraded":5,"win_rate":0,"timestamp":1552336189,"path_taken":["M","?","M","M","?","R","E","R","T","M","M","R","M","E","R","BOSS","M","?","M","$","?","R","E","R","T","E","?","?","M","$","R","BOSS","M","M","M","?","?","R","M","M"],"build_version":"2019-01-23","purchased_purges":2,"victory":false,"max_hp_per_floor":[66,66,67,68,69,69,70,70,70,71,72,72,73,74,74,75,75,76,76,77,77,77,77,78,78,78,79,55,55,56,56,56,57,57,58,59,60,57,57,57,58,58],"card_choices":[{"not_picked":["Slice","Bane","Quick Slash"],"picked":"SKIP","floor":1.0},{"not_picked":["Well Laid Plans","Blade Dance"],"picked":"Dagger Spray","floor":3.0},{"not_picked":["Bane","Poisoned Stab","Dagger Throw"],"picked":"SKIP","floor":4.0},{"not_picked":["Caltrops","Distraction"],"picked":"Cloak And Dagger","floor":5.0},{"not_picked":["Blade Dance","Underhanded Strike"],"picked":"Escape Plan","floor":7.0},{"not_picked":["Flying Knee","Slice"],"picked":"Glass Knife","floor":10.0},{"not_picked":["Dodge and Roll","Riddle With Holes"],"picked":"Escape Plan","floor":11.0},{"not_picked":["Outmaneuver","Dodge and Roll"],"picked":"Finisher","floor":13.0},{"not_picked":["Heel Hook","All Out Attack","Sucker Punch"],"picked":"SKIP","floor":14.0},{"not_picked":["Die Die Die","Night Terror"],"picked":"After Image","floor":16.0},{"not_picked":["Deadly Poison","Flechettes"],"picked":"Blur","floor":18.0},{"not_picked":["Sucker Punch","Well Laid Plans"],"picked":"Backflip","floor":20.0},{"not_picked":["Reflex","Leg Sweep"],"picked":"Sucker Punch+1","floor":24.0},{"not_picked":["Bane","Sucker Punch","Acrobatics"],"picked":"SKIP","floor":27.0},{"not_picked":["Heel Hook+1","Eviscerate"],"picked":"Infinite Blades","floor":30.0},{"not_picked":["All Out Attack","Prepared"],"picked":"Blade Dance","floor":32.0},{"not_picked":["Venomology","Night Terror"],"picked":"Wraith Form v2","floor":33.0},{"not_picked":["Setup+1","Deflect"],"picked":"Noxious Fumes+1","floor":35.0},{"not_picked":["Bane","Slice"],"picked":"Caltrops","floor":36.0},{"not_picked":["Deadly Poison","Slice"],"picked":"Backstab+1","floor":37.0},{"not_picked":["Blade Dance","Finisher"],"picked":"Poisoned Stab+1","floor":40},{"not_picked":["Calculated Gamble","Leg Sweep","Bane+1"],"picked":"SKIP","floor":41}],"player_experience":970862,"relics_obtained":[{"floor":7.0,"key":"Anchor"},{"floor":9.0,"key":"PreservedInsect"},{"floor":14.0,"key":"Mercury Hourglass"},{"floor":24.0,"key":"Lantern"},{"floor":26.0,"key":"Ancient Tea Set"},{"floor":27.0,"key":"Oddly Smooth Stone"}],"event_choices":[{"damage_healed":0.0,"max_hp_gain":0.0,"max_hp_loss":0.0,"gold_gain":0.0,"event_name":"FaceTrader","player_choice":"Trade","floor":2.0,"gold_loss":0.0,"damage_taken":0.0,"relics_obtained":["FaceOfCleric"]},{"damage_healed":0.0,"max_hp_gain":0.0,"max_hp_loss":0.0,"gold_gain":0.0,"event_name":"Addict","player_choice":"Obtained Relic","floor":19.0,"gold_loss":85.0,"damage_taken":0.0,"relics_obtained":["Dream Catcher"]},{"damage_healed":0.0,"max_hp_gain":0.0,"max_hp_loss":0.0,"gold_gain":0.0,"event_name":"Match and Keep!","player_choice":"0 cards matched","floor":22.0,"gold_loss":0.0,"damage_taken":0.0,"cards_obtained":[]},{"damage_healed":0.0,"max_hp_gain":0.0,"max_hp_loss":24.0,"gold_gain":0.0,"event_name":"Vampires","player_choice":"Became a vampire","floor":28.0,"gold_loss":0.0,"damage_taken":0.0,"cards_obtained":["Bite","Bite","Bite","Bite","Bite"]},{"damage_healed":0.0,"max_hp_gain":0.0,"max_hp_loss":0.0,"gold_gain":0.0,"event_name":"Designer","player_choice":"Upgrade","floor":29.0,"gold_loss":50.0,"damage_taken":0.0,"cards_upgraded":["Bite"]},{"damage_healed":0,"gold_gain":0,"player_choice":"Paid","damage_taken":0,"relics_obtained":["Red Mask"],"max_hp_gain":0,"max_hp_loss":0,"event_name":"Tomb of Lord Red Mask","floor":39,"gold_loss":27}],"is_beta":false,"boss_relics":[{"not_picked":["Astrolabe","Lizard Tail"],"picked":"Philosopher\u0027s Stone"},{"not_picked":["Empty Cage","Runic Dome"],"picked":"Eternal Feather"}],"items_purged_floors":[21,38],"is_endless":false,"potions_floor_spawned":[3,5,7,11,13,20,30,33,36],"killed_by":"Spire Growth","ascension_level":19}