{"gold_per_floor":[14,34,44,58,75,75,75,75,101,101,101,101,120,45,45,135,135,149,149],"floor_reached":19,"playtime":472,"items_purged":["Injury"],"score":278,"play_id":"53be79ce-c625-4126-8df8-80aee0bf643a","local_time":"20190221204255","is_ascension_mode":true,"campfire_choices":[{"floor":6,"key":"REST"},{"data":"Heavy Blade","floor":8,"key":"SMITH"},{"data":"Spot Weakness","floor":10,"key":"SMITH"},{"floor":15,"key":"REST"}],"neow_cost":"NO_GOLD","seed_source_timestamp":131416192533286,"circlet_count":0,"master_deck":["AscendersBane","Strike_R","Strike_R","Strike_R","Strike_R","Strike_R","Defend_R","Defend_R+1","Defend_R+1","Defend_R","Bash","Headbutt","Spot Weakness+1","Heavy Blade+1","Limit Break","Feed","Heavy Blade+1"],"relics":["Burning Blood","WingedGreaves","Bag of Marbles","Golden Idol","Sozu"],"potions_floor_usage":[5,16,16,18],"damage_taken":[{"damage":14,"enemies":"Cultist","floor":1,"turns":5},{"damage":2,"enemies":"Jaw Worm","floor":2,"turns":3},{"damage":0,"enemies":"Small Slimes","floor":3,"turns":3},{"damage":27,"enemies":"2 Fungi Beasts","floor":4,"turns":4},{"damage":36,"enemies":"Gremlin Gang","floor":5,"turns":4},{"damage":14,"enemies":"Red Slaver","floor":13,"turns":2},{"damage":48,"enemies":"Slime Boss","floor":16,"turns":11},{"damage":40,"enemies":"Chosen","floor":18,"turns":6},{"damage":27,"enemies":"Spheric Guardian","floor":19,"turns":3}],"seed_played":"-8485210166188233866","potions_obtained":[{"floor":2,"key":"Swift Potion"},{"floor":4,"key":"SteroidPotion"},{"floor":13,"key":"SkillPotion"},{"floor":16,"key":"SkillPotion"}],"is_trial":false,"path_per_floor":["M","M","M","M","M","R","?","R","T","R","?","?","M","$","R","B",null,"M","M"],"character_chosen":"IRONCLAD","items_purchased":[],"campfire_rested":2,"item_purchase_floors":[],"current_hp_per_floor":[60,64,70,49,19,41,66,66,66,66,43,43,35,35,57,15,60,26,0],"gold":149,"neow_bonus":"ONE_RARE_RELIC","is_prod":false,"is_daily":false,"chose_seed":false,"campfire_upgraded":2,"win_rate":0,"timestamp":1550817775,"path_taken":["M","M","M","M","M","R","?","R","T","R","?","?","M","$","R","BOSS","M","M"],"build_version":"2019-01-23","purchased_purges":1,"victory":false,"max_hp_per_floor":[75,75,75,75,75,75,75,75,75,75,75,75,75,75,75,75,75,75,75],"card_choices":[{"not_picked":["Battle Trance","Iron Wave"],"picked":"Headbutt","floor":1},{"not_picked":["Combust","Warcry","Wild Strike"],"picked":"SKIP","floor":2},{"not_picked":["Rupture","Thunderclap"],"picked":"Spot Weakness","floor":3},{"not_picked":["Warcry","Body Slam","Rupture"],"picked":"SKIP","floor":4},{"not_picked":["Disarm","Havoc"],"picked":"Heavy Blade","floor":5},{"not_picked":["Uppercut","True Grit"],"picked":"Limit Break","floor":13},{"not_picked":["Immolate","Fiend Fire"],"picked":"Feed","floor":16},{"not_picked":["Headbutt","Clash"],"picked":"Heavy Blade+1","floor":18}],"player_experience":460269,"relics_obtained":[{"floor":9,"key":"Bag of Marbles"}],"event_choices":[{"damage_healed":25,"gold_gain":0,"player_choice":"Banana","damage_taken":0,"max_hp_gain":0,"max_hp_loss":0,"event_name":"Big Fish","floor":7,"gold_loss":0},{"damage_healed":0,"gold_gain":0,"player_choice":"Entered Light","damage_taken":23,"max_hp_gain":0,"max_hp_loss":0,"event_name":"Shining Light","floor":11,"gold_loss":0,"cards_upgraded":["Defend_R","Defend_R"]},{"damage_healed":0,"gold_gain":0,"player_choice":"Take Wound","damage_taken":0,"relics_obtained":["Golden Idol"],"max_hp_gain":0,"max_hp_loss":0,"event_name":"Golden Idol","floor":12,"gold_loss":0,"cards_obtained":["Injury"]}],"is_beta":false,"boss_relics":[{"not_picked":["Lizard Tail","Coffee Dripper"],"picked":"Sozu"}],"items_purged_floors":[14],"is_endless":false,"potions_floor_spawned":[2,4,13,16,18],"killed_by":"Spheric Guardian","ascension_level":15}