{"gold_per_floor":[114,134,145,145,70,104,104,125,125,139,139,139,155,175,175,175],"floor_reached":16,"playtime":1412,"items_purged":["Injury"],"score":208,"play_id":"06ff28ec-3b99-4825-8750-00252a86fc78","local_time":"20190221143148","is_ascension_mode":true,"campfire_choices":[{"floor":7.0,"key":"REST"},{"floor":11,"key":"REST"},{"floor":15,"key":"REST"}],"neow_cost":"NONE","seed_source_timestamp":75487549510747,"circlet_count":0,"master_deck":["AscendersBane","Strike_B","Strike_B","Strike_B","Defend_B","Defend_B","Defend_B","Defend_B","Zap","Dualcast","All For One","Auto Shields","Ball Lightning","Leap","Genetic Algorithm","Melter","Loop","Doom and Gloom"],"special_seed":0,"relics":["Cracked Core","Golden Idol","The Courier","Darkstone Periapt"],"potions_floor_usage":[10,10,16],"damage_taken":[{"damage":6.0,"enemies":"Cultist","floor":1.0,"turns":3.0},{"damage":4.0,"enemies":"Small Slimes","floor":2.0,"turns":3.0},{"damage":0.0,"enemies":"2 Louse","floor":3.0,"turns":2.0},{"damage":28.0,"enemies":"Gremlin Nob","floor":6.0,"turns":4.0},{"damage":5.0,"enemies":"2 Fungi Beasts","floor":8.0,"turns":4.0},{"damage":22,"enemies":"Lots of Slimes","floor":10,"turns":4},{"damage":14,"enemies":"Large Slime","floor":13,"turns":5},{"damage":7,"enemies":"Exordium Thugs","floor":14,"turns":4},{"damage":41,"enemies":"Hexaghost","floor":16,"turns":9}],"seed_played":"-6208522200822508087","potions_obtained":[{"floor":1.0,"key":"Fire Potion"},{"floor":6.0,"key":"PowerPotion"},{"floor":8.0,"key":"Ancient Potion"},{"floor":13,"key":"GamblersBrew"}],"is_trial":false,"path_per_floor":["M","M","M","?","$","E","R","M","T","M","R","?","M","M","R","B"],"character_chosen":"DEFECT","items_purchased":[],"campfire_rested":3,"item_purchase_floors":[],"current_hp_per_floor":[58,54,54,54,54,26,47,42,42,20,41,41,27,20,41,0],"gold":175,"neow_bonus":"ONE_RANDOM_RARE_CARD","is_prod":false,"is_daily":false,"chose_seed":false,"campfire_upgraded":0,"win_rate":0,"timestamp":1550781108,"path_taken":["M","M","M","?","$","E","R","M","T","M","R","?","M","?","R","BOSS"],"build_version":"2019-01-23","purchased_purges":1,"victory":false,"max_hp_per_floor":[71,71,71,71,71,71,71,71,71,71,71,71,71,71,71,71],"card_choices":[{"not_picked":["Tempest","Heatsinks"],"picked":"Auto Shields","floor":1.0},{"not_picked":["Leap","Hologram"],"picked":"Ball Lightning","floor":2.0},{"not_picked":["Compile Driver","Stack"],"picked":"Leap","floor":3.0},{"not_picked":["Ball Lightning","Hyperbeam"],"picked":"Genetic Algorithm","floor":6.0},{"not_picked":["Sweeping Beam","Lockon","Streamline"],"picked":"SKIP","floor":8.0},{"not_picked":["Scrape","Aggregate"],"picked":"Melter","floor":10},{"not_picked":["Redo","Undo","Rebound"],"picked":"SKIP","floor":13},{"not_picked":["Beam Cell","Sweeping Beam"],"picked":"Doom and Gloom","floor":14}],"player_experience":302054,"relics_obtained":[{"floor":6.0,"key":"The Courier"},{"floor":9.0,"key":"Darkstone Periapt"}],"event_choices":[{"damage_healed":0.0,"max_hp_gain":0.0,"max_hp_loss":0.0,"gold_gain":0.0,"event_name":"Golden Idol","player_choice":"Take Wound","floor":4.0,"gold_loss":0.0,"damage_taken":0.0,"relics_obtained":["Golden Idol"],"cards_obtained":["Injury"]},{"damage_healed":0,"gold_gain":0,"cards_transformed":["Strike_B"],"player_choice":"Transformed","damage_taken":0,"max_hp_gain":0,"max_hp_loss":0,"event_name":"Transmorgrifier","floor":12,"gold_loss":0,"cards_obtained":["Loop"]}],"is_beta":false,"boss_relics":[],"items_purged_floors":[5],"is_endless":false,"potions_floor_spawned":[1,6,8,13],"killed_by":"Hexaghost","ascension_level":20}