{"gold_per_floor":[17,29,29,48,48,48,48,74,149,203,203,220,255,63,63,158,158,172,172,183,183,193,193],"floor_reached":23,"playtime":1433,"items_purged":[],"score":199,"play_id":"5f8c2210-247f-4616-aeb2-719c7e9fcbf7","local_time":"20190116141752","is_ascension_mode":false,"campfire_choices":[{"data":"LockedWarPaint","floor":6,"key":"SMITH"},{"data":"Accruing","floor":11,"key":"SMITH"},{"floor":15,"key":"REST"}],"neow_cost":"NO_GOLD","seed_source_timestamp":643280332206839,"circlet_count":0,"master_deck":["Strike_Br+1","Strike_Br+1","Strike_Br+1","Defend_Br+1","Defend_Br+1","Defend_Br+1","Defend_Br+1","SecondHand","PatternShift","OldTimer","BlueShift","LockedWarPaint+1","Parasite","Accruing+1","SlimeSpray","Cuckoo","DaylightSavings","LockedFlame","ReapSow","Tempo+1","LockedTornado+1"],"special_seed":0,"relics":["Chronometer","Hand?","Ancient Tea Set","Potion Belt","Boot","Pen Nib","Snecko Eye"],"potions_floor_usage":[8,16,18,23],"damage_taken":[{"damage":4.0,"enemies":"Cultist","floor":1.0,"turns":4.0},{"damage":10.0,"enemies":"2 Louse","floor":2.0,"turns":3.0},{"damage":1.0,"enemies":"Jaw Worm","floor":4.0,"turns":5.0},{"damage":27,"enemies":"3 Sentries","floor":8,"turns":17},{"damage":2,"enemies":"2 Fungi Beasts","floor":12,"turns":5},{"damage":23,"enemies":"Lagavulin","floor":13,"turns":8},{"damage":29,"enemies":"The Guardian","floor":16,"turns":12},{"damage":7,"enemies":"Shell Parasite","floor":18,"turns":3},{"damage":36,"enemies":"2 Thieves","floor":20,"turns":4},{"damage":13,"enemies":"3 Cultists","floor":22,"turns":5},{"damage":12,"enemies":"Slavers","floor":23,"turns":1}],"seed_played":"-3357719002299488244","potions_obtained":[{"floor":4.0,"key":"SkillPotion"},{"floor":8,"key":"FearPotion"},{"floor":12,"key":"Energy Potion"},{"floor":18,"key":"Poison Potion"}],"is_trial":false,"path_per_floor":["M","M","?","M","?","R","?","E","T","T","R","M","E","$","R","B",null,"M","?","M","?","M","E"],"character_chosen":"CHRONO_CLASS","items_purchased":["DaylightSavings","Pen Nib"],"campfire_rested":1,"item_purchase_floors":[14,14],"current_hp_per_floor":[61,51,51,50,50,50,65,38,38,38,38,36,13,13,32,3,65,58,58,22,22,9,0],"gold":193,"neow_bonus":"THREE_RARE_CARDS","is_prod":false,"is_daily":false,"chose_seed":false,"campfire_upgraded":2,"win_rate":0.0,"timestamp":1547669872,"path_taken":["M","?","?","M","?","R","?","E","T","?","R","?","E","$","R","BOSS","M","?","?","?","M","E"],"build_version":"2019-01-10","purchased_purges":0,"victory":false,"max_hp_per_floor":[65,65,65,65,65,65,65,65,65,65,65,65,65,65,65,65,65,65,65,65,65,65,65],"card_choices":[{"not_picked":["OverTime","RageCommand"],"picked":"OldTimer","floor":0.0},{"not_picked":["LockedMedicine","LockedBlood","AlternateTimeline"],"picked":"SKIP","floor":1.0},{"not_picked":["LockedMedicine","LockedWhetstone"],"picked":"BlueShift","floor":2.0},{"not_picked":["HandsUp","WakeUpCall"],"picked":"LockedWarPaint","floor":4.0},{"not_picked":["LockedOrichalcum","CrunchTime"],"picked":"Accruing","floor":8},{"not_picked":["LockedMedicine","Tempo"],"picked":"SlimeSpray","floor":12},{"not_picked":["Cuckoo","LockedCalendar","AlternateTimeline"],"picked":"SKIP","floor":13},{"not_picked":["LockedCalendar","AlternateTimeline"],"picked":"Cuckoo","floor":13},{"not_picked":["OverTime","OldTimer"],"picked":"LockedFlame","floor":16},{"not_picked":["Chronoelasticity","PrimeTime"],"picked":"ReapSow","floor":18},{"not_picked":["BiteCommand","AlternateTimeline"],"picked":"Tempo+1","floor":20},{"not_picked":["ReapSow+1","TiringSlam"],"picked":"LockedTornado+1","floor":22}],"player_experience":223360,"relics_obtained":[{"floor":8,"key":"Ancient Tea Set"},{"floor":10,"key":"Potion Belt"},{"floor":13,"key":"Boot"}],"event_choices":[{"damage_healed":0.0,"max_hp_gain":0.0,"max_hp_loss":0.0,"gold_gain":0.0,"event_name":"The Cleric","player_choice":"Leave","floor":3.0,"gold_loss":0.0,"damage_taken":0.0},{"damage_healed":16,"gold_gain":0,"player_choice":"Healed and dodged fight","damage_taken":0,"max_hp_gain":0,"max_hp_loss":0,"event_name":"Mushrooms","floor":7,"gold_loss":0,"cards_obtained":["Parasite"]},{"cards_removed":["Strike_Br"],"damage_healed":0,"gold_gain":0,"player_choice":"Purged","damage_taken":0,"max_hp_gain":0,"max_hp_loss":0,"event_name":"Purifier","floor":19,"gold_loss":0},{"damage_healed":0,"gold_gain":0,"player_choice":"Simplicity","damage_taken":0,"max_hp_gain":0,"max_hp_loss":0,"event_name":"Back to Basics","floor":21,"gold_loss":0,"cards_upgraded":[]}],"is_beta":false,"boss_relics":[{"not_picked":["Orrery","Lizard Tail"],"picked":"Snecko Eye"}],"items_purged_floors":[],"is_endless":false,"potions_floor_spawned":[4,8,12,18],"killed_by":"Slavers","ascension_level":0}