{"gold_per_floor":[111,111,122,197,217,217,232,232,232,232,245,63,81,81,81,182,182,202,216,46,56,73,73,89,89],"floor_reached":25,"playtime":1117,"items_purged":["Strike_R"],"score":197,"play_id":"5de0ecfe-c419-48d3-996c-88c5abf04a7e","local_time":"20190223193144","is_ascension_mode":false,"campfire_choices":[{"data":"Anger","floor":6,"key":"SMITH"},{"data":"Clash","floor":8,"key":"SMITH"},{"data":"Shrug It Off","floor":10,"key":"SMITH"},{"data":"Flex","floor":15,"key":"SMITH"},{"floor":23,"key":"REST"}],"neow_cost":"NONE","seed_source_timestamp":774279723834906,"circlet_count":0,"master_deck":["Strike_R","Strike_R","Strike_R","Defend_R","Defend_R","Defend_R","Bash+1","Shrug It Off+1","Anger+1","Clash+1","Shrug It Off","Spot Weakness","Reckless Charge","Burning Pact","Flex+1","Feed","Panache"],"relics":["Burning Blood","Kunai","Pantograph","Empty Cage"],"potions_floor_usage":[22],"damage_taken":[{"damage":0,"enemies":"Jaw Worm","floor":1,"turns":4},{"damage":2,"enemies":"Small Slimes","floor":3,"turns":4},{"damage":0,"enemies":"2 Louse","floor":5,"turns":4},{"damage":10,"enemies":"Gremlin Gang","floor":7,"turns":4},{"damage":0,"enemies":"Looter","floor":11,"turns":3},{"damage":5,"enemies":"Red Slaver","floor":13,"turns":2},{"damage":29,"enemies":"The Guardian","floor":16,"turns":8},{"damage":9,"enemies":"Spheric Guardian","floor":18,"turns":4},{"damage":14,"enemies":"Shell Parasite","floor":19,"turns":5},{"damage":10,"enemies":"Snake Plant","floor":21,"turns":3},{"damage":30,"enemies":"3 Cultists","floor":22,"turns":5},{"damage":39,"enemies":"Sentry and Sphere","floor":24,"turns":7},{"damage":39,"enemies":"Centurion and Healer","floor":25,"turns":3}],"seed_played":"-7629309817861417419","potions_obtained":[{"floor":3,"key":"Dexterity Potion"},{"floor":13,"key":"Poison Potion"},{"floor":16,"key":"Ancient Potion"}],"is_trial":false,"path_per_floor":["M","?","M","?","M","R","M","R","T","R","M","$","M","?","R","B",null,"M","M","$","M","M","R","M","M"],"character_chosen":"IRONCLAD","items_purchased":["Reckless Charge","Burning Pact","Panache"],"campfire_rested":1,"item_purchase_floors":[12,12,20],"current_hp_per_floor":[80,73,77,66,72,72,68,68,68,68,74,74,75,75,75,57,80,77,69,69,65,44,68,35,0],"gold":89,"neow_bonus":"UPGRADE_CARD","is_prod":false,"is_daily":false,"chose_seed":false,"campfire_upgraded":4,"win_rate":0,"timestamp":1550968304,"path_taken":["M","?","M","?","M","R","M","R","T","R","M","$","M","?","R","BOSS","M","M","$","M","M","R","?","M"],"build_version":"2019-01-23","purchased_purges":1,"victory":false,"max_hp_per_floor":[80,80,80,80,80,80,80,80,80,80,80,80,80,80,80,80,80,80,80,80,80,83,83,83,86],"card_choices":[{"not_picked":["Iron Wave","Anger"],"picked":"Shrug It Off","floor":1},{"not_picked":["Warcry","Infernal Blade"],"picked":"Anger","floor":3},{"not_picked":["Carnage","Headbutt"],"picked":"Clash","floor":5},{"not_picked":["Wild Strike","Metallicize"],"picked":"Shrug It Off","floor":7},{"not_picked":["Iron Wave","True Grit"],"picked":"Spot Weakness","floor":11},{"not_picked":["Havoc","True Grit"],"picked":"Flex","floor":13},{"not_picked":["Juggernaut","Fiend Fire"],"picked":"Feed","floor":16},{"not_picked":["Second Wind","Cleave","Rampage"],"picked":"SKIP","floor":18},{"not_picked":["Power Through","Clothesline","Armaments"],"picked":"SKIP","floor":19},{"not_picked":["Hemokinesis","Perfected Strike+1","Uppercut"],"picked":"SKIP","floor":21},{"not_picked":["Body Slam","Sentinel+1","Feel No Pain"],"picked":"SKIP","floor":22},{"not_picked":["Rupture","Rampage+1","Combust+1"],"picked":"SKIP","floor":24}],"player_experience":1080987,"relics_obtained":[{"floor":9,"key":"Pantograph"}],"event_choices":[{"damage_healed":0,"gold_gain":0,"player_choice":"Success","damage_taken":7,"relics_obtained":["Kunai"],"max_hp_gain":0,"max_hp_loss":0,"event_name":"Scrap Ooze","floor":2,"gold_loss":0},{"damage_healed":0,"gold_gain":75,"player_choice":"Gather Gold","damage_taken":11,"max_hp_gain":0,"max_hp_loss":0,"event_name":"World of Goop","floor":4,"gold_loss":0},{"damage_healed":0,"gold_gain":0,"player_choice":"Leave","damage_taken":0,"max_hp_gain":0,"max_hp_loss":0,"event_name":"FaceTrader","floor":14,"gold_loss":0}],"is_beta":false,"boss_relics":[{"not_picked":["Black Star","Astrolabe"],"picked":"Empty Cage"}],"items_purged_floors":[12],"is_endless":false,"potions_floor_spawned":[3,13,16,18],"killed_by":"Centurion and Healer","ascension_level":0}