{"gold_per_floor":[113,130,205,130,130,130,147,147,171,171,121,137,37,51,51,153,153,172,97,115,127,427,462,462,1,25,53,70,87,102,119,119,119],"floor_reached":33,"playtime":1287,"items_purged":["Fusion","Defend_B"],"score":432,"play_id":"95426b9e-8d3f-4a2f-bc2d-16e29c10fc4e","local_time":"20181223203634","is_ascension_mode":true,"campfire_choices":[{"floor":6,"key":"REST"},{"data":"Defragment","floor":8,"key":"SMITH"},{"data":"Buffer","floor":10,"key":"SMITH"},{"floor":15,"key":"REST"},{"floor":24,"key":"REST"},{"floor":32,"key":"REST"}],"neow_cost":"PERCENT_DAMAGE","seed_source_timestamp":7262387049647,"circlet_count":0,"master_deck":["AscendersBane","Strike_B+1","Strike_B+1","Defend_B","Zap","Dualcast","Buffer+1","BootSequence","Defragment+1","Conserve Battery","Genetic Algorithm","Conserve Battery","Echo Form","Sunder+1","Glacier","Cold Snap+1","Force Field+1","Echo Form","Ball Lightning"],"relics":["Cracked Core","Bag of Marbles","Nuclear Battery","Old Coin","Du-Vu Doll","Runic Capacitor","Question Card","Strawberry","Whetstone"],"potions_floor_usage":[12,23,27],"damage_taken":[{"damage":2,"enemies":"Jaw Worm","floor":1,"turns":4},{"damage":0,"enemies":"Small Slimes","floor":2,"turns":3},{"damage":0,"enemies":"2 Louse","floor":7,"turns":2},{"damage":22,"enemies":"Exordium Thugs","floor":12,"turns":5},{"damage":0,"enemies":"Exordium Wildlife","floor":14,"turns":3},{"damage":9,"enemies":"Slime Boss","floor":16,"turns":10},{"damage":0,"enemies":"Shell Parasite","floor":18,"turns":5},{"damage":11,"enemies":"Spheric Guardian","floor":20,"turns":5},{"damage":17,"enemies":"Snake Plant","floor":21,"turns":4},{"damage":28,"enemies":"Gremlin Leader","floor":23,"turns":7},{"damage":8,"enemies":"Book of Stabbing","floor":27,"turns":6},{"damage":3,"enemies":"Centurion and Healer","floor":28,"turns":6},{"damage":11,"enemies":"3 Cultists","floor":29,"turns":5},{"damage":0,"enemies":"Snecko","floor":30,"turns":6},{"damage":4,"enemies":"Shelled Parasite and Fungi","floor":31,"turns":5},{"damage":0,"enemies":"Champ","floor":33,"turns":1}],"seed_played":"-6821240263693510021","potions_obtained":[{"floor":1,"key":"Weak Potion"},{"floor":14,"key":"Energy Potion"},{"floor":16,"key":"Ancient Potion"},{"floor":18,"key":"Poison Potion"},{"floor":23,"key":"Dexterity Potion"},{"floor":28,"key":"Fire Potion"},{"floor":31,"key":"SteroidPotion"}],"is_trial":false,"path_per_floor":["M","M","?","$","?","R","M","R","T","R","?","M","$","M","R","B",null,"M","?","M","M","T","E","R","$","T","E","M","M","M","M","R","B"],"character_chosen":"DEFECT","items_purchased":["Runic Capacitor","Question Card"],"campfire_rested":4,"item_purchase_floors":[25,25],"current_hp_per_floor":[48,48,37,37,22,44,44,44,44,44,44,22,22,22,44,35,65,65,65,54,37,37,9,31,31,38,30,27,16,16,12,36,36],"gold":119,"neow_bonus":"TRANSFORM_TWO_CARDS","is_prod":false,"is_daily":false,"chose_seed":false,"campfire_upgraded":2,"win_rate":0,"timestamp":1545604594,"path_taken":["M","M","?","$","?","R","M","R","T","R","?","M","$","M","R","BOSS","M","?","M","M","?","E","R","?","T","E","M","M","M","M","R","BOSS"],"build_version":"2018-12-20","purchased_purges":2,"victory":false,"max_hp_per_floor":[75,75,75,75,75,75,75,75,75,75,75,75,75,75,75,75,75,75,75,75,75,75,75,75,75,82,82,82,82,82,82,82,82],"card_choices":[{"not_picked":["White Noise","Redo"],"picked":"BootSequence","floor":1},{"not_picked":["Streamline","Redo"],"picked":"Defragment","floor":2},{"not_picked":["Sweeping Beam","Melter"],"picked":"Conserve Battery","floor":7},{"not_picked":["Auto Shields","Turbo"],"picked":"Genetic Algorithm","floor":12},{"not_picked":["Leap","Go for the Eyes"],"picked":"Conserve Battery","floor":14},{"not_picked":["Reboot","All For One"],"picked":"Echo Form","floor":16},{"not_picked":["Cold Snap","BootSequence"],"picked":"Sunder","floor":18},{"not_picked":["Melter","Sweeping Beam"],"picked":"Glacier","floor":20},{"not_picked":["Heatsinks","Skim","Conserve Battery"],"picked":"SKIP","floor":21},{"not_picked":["Hyperbeam","Darkness"],"picked":"Cold Snap","floor":23},{"not_picked":["Redo","BootSequence+1","Double Energy+1"],"picked":"Force Field+1","floor":27},{"not_picked":["Stack","Rebound","Hologram"],"picked":"Echo Form","floor":28},{"not_picked":["Compile Driver","Stack","Steam"],"picked":"Ball Lightning","floor":29},{"not_picked":["White Noise","Streamline","Compile Driver","Double Energy"],"picked":"SKIP","floor":30},{"not_picked":["Steam Power+1","Consume","Undo+1","Rebound"],"picked":"SKIP","floor":31}],"player_experience":628069,"relics_obtained":[{"floor":9,"key":"Bag of Marbles"},{"floor":22,"key":"Old Coin"},{"floor":23,"key":"Du-Vu Doll"},{"floor":26,"key":"Strawberry"},{"floor":27,"key":"Whetstone"}],"event_choices":[{"damage_healed":0,"gold_gain":75,"player_choice":"Gather Gold","damage_taken":11,"max_hp_gain":0,"max_hp_loss":0,"event_name":"World of Goop","floor":3,"gold_loss":0},{"damage_healed":0,"gold_gain":0,"player_choice":"Entered Light","damage_taken":15,"max_hp_gain":0,"max_hp_loss":0,"event_name":"Shining Light","floor":5,"gold_loss":0,"cards_upgraded":["Strike_B","Strike_B"]},{"cards_removed":["Defend_B"],"damage_healed":0,"gold_gain":0,"player_choice":"Card Removal","damage_taken":0,"max_hp_gain":0,"max_hp_loss":0,"event_name":"The Cleric","floor":11,"gold_loss":50},{"cards_removed":["Strike_B"],"damage_healed":0,"gold_gain":0,"player_choice":"Gave Gold","damage_taken":0,"max_hp_gain":0,"max_hp_loss":0,"event_name":"Beggar","floor":19,"gold_loss":75}],"is_beta":false,"boss_relics":[{"not_picked":["Philosopher\u0027s Stone","Lizard Tail"],"picked":"Nuclear Battery"}],"items_purged_floors":[4,13],"is_endless":false,"potions_floor_spawned":[1,14,16,18,20,23,28,31],"killed_by":"Champ","ascension_level":11}