{"gold_per_floor":[118,136,136,136,151,151,170,183,210,210,220,145,145,157,157,255,255,195,24,42,42,142,142,160,160,160,180,55,87,97,113,113,214,214,226,226,240,240,254,254,270,270,323,323,343,362,372,372],"floor_reached":48,"playtime":3659,"items_purged":["Strike_B","Strike_B","Defend_B"],"score":448,"play_id":"6909205a-ff5d-4ccb-977a-9648165a5eb9","local_time":"20190308014532","is_ascension_mode":false,"campfire_choices":[{"data":"Go for the Eyes","floor":6,"key":"SMITH"},{"data":"Sweeping Beam","floor":10,"key":"SMITH"},{"data":"Beam Cell","floor":13,"key":"SMITH"},{"data":"Conserve Battery","floor":15,"key":"SMITH"},{"data":"Chill","floor":23,"key":"SMITH"},{"data":"Echo Form","floor":25,"key":"SMITH"},{"floor":32,"key":"REST"},{"data":"Finesse","floor":40,"key":"SMITH"},{"data":"Hologram","floor":42,"key":"SMITH"},{"data":"Go for the Eyes","floor":44,"key":"SMITH"}],"neow_cost":"NONE","seed_source_timestamp":212492309287493,"circlet_count":0,"master_deck":["Defend_B+1","Zap","Dualcast","Sweeping Beam+1","Go for the Eyes+1","Sweeping Beam","Go for the Eyes+1","Beam Cell+1","Conserve Battery+1","Conserve Battery","Echo Form+1","Scrape+1","FTL","Chill+1","BootSequence","Hologram+1","Genetic Algorithm","Leap+1","Leap+1","All For One","Auto Shields+1","Finesse+1","Beam Cell+1","Cold Snap+1","Parasite","Gash","Hologram+1"],"relics":["Cracked Core","Dream Catcher","Eternal Feather","Bag of Marbles","Regal Pillow","Empty Cage","Anchor","PreservedInsect"],"potions_floor_usage":[16,16,18],"damage_taken":[{"damage":0,"enemies":"Small Slimes","floor":1,"turns":2},{"damage":6,"enemies":"Jaw Worm","floor":2,"turns":3},{"damage":0,"enemies":"2 Louse","floor":5,"turns":2},{"damage":0,"enemies":"Lots of Slimes","floor":7,"turns":1},{"damage":7,"enemies":"Looter","floor":8,"turns":3},{"damage":0,"enemies":"2 Fungi Beasts","floor":11,"turns":2},{"damage":1,"enemies":"Red Slaver","floor":14,"turns":4},{"damage":41,"enemies":"Slime Boss","floor":16,"turns":11},{"damage":7,"enemies":"2 Thieves","floor":18,"turns":4},{"damage":14,"enemies":"Spheric Guardian","floor":20,"turns":5},{"damage":3,"enemies":"Centurion and Healer","floor":24,"turns":10},{"damage":5,"enemies":"Sentry and Sphere","floor":27,"turns":5},{"damage":25,"enemies":"Slavers","floor":29,"turns":6},{"damage":6,"enemies":"3 Cultists","floor":30,"turns":5},{"damage":0,"enemies":"Cultist and Chosen","floor":31,"turns":6},{"damage":63,"enemies":"Champ","floor":33,"turns":22},{"damage":3,"enemies":"3 Shapes","floor":35,"turns":7},{"damage":0,"enemies":"Orb Walker","floor":37,"turns":5},{"damage":6,"enemies":"Maw","floor":39,"turns":12},{"damage":13,"enemies":"3 Darklings","floor":41,"turns":6},{"damage":3,"enemies":"Writhing Mass","floor":45,"turns":15},{"damage":0,"enemies":"4 Shapes","floor":46,"turns":10},{"damage":7,"enemies":"Transient","floor":47,"turns":5},{"damage":73,"enemies":"2 Orb Walkers","floor":48,"turns":6}],"seed_played":"3914307788054563720","potions_obtained":[{"floor":8,"key":"Explosive Potion"},{"floor":11,"key":"SpeedPotion"},{"floor":14,"key":"SkillPotion"},{"floor":16,"key":"LiquidBronze"},{"floor":24,"key":"LiquidBronze"},{"floor":31,"key":"SteroidPotion"},{"floor":46,"key":"FocusPotion"}],"is_trial":false,"path_per_floor":["M","M","?","?","M","R","M","M","T","R","M","$","R","M","R","B",null,"M","$","M","?","?","R","M","R","T","M","$","E","M","M","R","B",null,"M","?","M","?","M","R","M","R","T","R","M","M","M","?"],"character_chosen":"DEFECT","items_purchased":["FTL"],"campfire_rested":1,"item_purchase_floors":[19],"current_hp_per_floor":[75,69,54,54,54,54,54,47,47,47,47,47,47,46,46,5,75,68,68,54,40,40,49,46,55,55,50,50,25,19,19,70,7,80,77,77,77,77,71,80,67,79,79,80,77,77,70,0],"gold":372,"neow_bonus":"REMOVE_CARD","is_prod":false,"is_daily":false,"chose_seed":false,"campfire_upgraded":9,"win_rate":0,"timestamp":1552005932,"path_taken":["M","M","?","?","M","R","M","M","T","R","M","$","R","?","R","BOSS","M","$","M","?","?","R","M","R","T","M","$","E","?","M","R","BOSS","M","?","M","?","M","R","M","R","T","R","M","M","?","?"],"build_version":"2019-01-23","purchased_purges":3,"victory":false,"max_hp_per_floor":[75,75,75,75,75,75,75,75,75,75,75,75,75,75,75,75,75,75,75,75,80,80,80,80,80,80,80,80,80,80,80,80,80,80,80,80,80,80,80,80,80,80,80,80,80,80,80,80],"card_choices":[{"not_picked":["Streamline","Lockon"],"picked":"Sweeping Beam","floor":1},{"not_picked":["Self Repair","Streamline"],"picked":"Go for the Eyes","floor":2},{"not_picked":["Stack","Loop"],"picked":"Sweeping Beam","floor":5},{"not_picked":["Sweeping Beam","Stack"],"picked":"Go for the Eyes","floor":7},{"not_picked":["Rebound","Sunder"],"picked":"Beam Cell","floor":8},{"not_picked":["Leap","Rip and Tear"],"picked":"Conserve Battery","floor":11},{"not_picked":["Leap","Turbo"],"picked":"Conserve Battery","floor":14},{"not_picked":["Reboot","Rainbow"],"picked":"Echo Form","floor":16},{"not_picked":["Gash","Go for the Eyes"],"picked":"Scrape+1","floor":18},{"not_picked":["Beam Cell","Barrage+1"],"picked":"Chill","floor":20},{"not_picked":["Aggregate","Redo"],"picked":"BootSequence","floor":24},{"not_picked":["Rebound","Reboot","Redo"],"picked":"SKIP","floor":27},{"not_picked":["Rebound","Turbo"],"picked":"Hologram","floor":29},{"not_picked":["Streamline","Coolheaded"],"picked":"Genetic Algorithm","floor":30},{"not_picked":["Sunder","Stack"],"picked":"Leap+1","floor":31},{"not_picked":["BootSequence","Rebound"],"picked":"Leap+1","floor":32},{"not_picked":["Electrodynamics","Echo Form"],"picked":"All For One","floor":33},{"not_picked":["Scrape","Beam Cell+1"],"picked":"Auto Shields+1","floor":35},{"not_picked":["Metamorphosis","Jack Of All Trades"],"picked":"Finesse","floor":36},{"not_picked":["Static Discharge","Conserve Battery","Turbo+1"],"picked":"SKIP","floor":37},{"not_picked":["Streamline+1","Conserve Battery+1"],"picked":"Beam Cell+1","floor":39},{"not_picked":["Steam+1","Blizzard+1"],"picked":"Cold Snap+1","floor":41},{"not_picked":["Redo+1","Steam+1","Loop"],"picked":"SKIP","floor":45},{"not_picked":["Steam","Loop+1"],"picked":"Gash","floor":46},{"not_picked":["Gash","Beam Cell"],"picked":"Hologram+1","floor":47}],"player_experience":104256,"relics_obtained":[{"floor":9,"key":"Dream Catcher"},{"floor":26,"key":"Bag of Marbles"},{"floor":29,"key":"Regal Pillow"},{"floor":38,"key":"Anchor"},{"floor":43,"key":"PreservedInsect"}],"event_choices":[{"damage_healed":0,"gold_gain":0,"player_choice":"Entered Light","damage_taken":15,"max_hp_gain":0,"max_hp_loss":0,"event_name":"Shining Light","floor":3,"gold_loss":0,"cards_upgraded":["Defend_B","Defend_B"]},{"cards_removed":["Strike_B"],"damage_healed":0,"gold_gain":0,"player_choice":"Forget","damage_taken":0,"max_hp_gain":0,"max_hp_loss":0,"event_name":"Living Wall","floor":4,"gold_loss":0},{"damage_healed":0,"gold_gain":0,"player_choice":"Shed Blood","damage_taken":19,"max_hp_gain":5,"max_hp_loss":0,"event_name":"Forgotten Altar","floor":21,"gold_loss":0},{"damage_healed":0,"gold_gain":100,"player_choice":"Pray","damage_taken":0,"max_hp_gain":0,"max_hp_loss":0,"event_name":"Golden Shrine","floor":22,"gold_loss":0},{"damage_healed":0,"gold_gain":0,"player_choice":"Memory 1","damage_taken":0,"max_hp_gain":0,"max_hp_loss":0,"event_name":"SensoryStone","floor":36,"gold_loss":0},{"damage_healed":0,"gold_gain":0,"player_choice":"Relic","damage_taken":0,"max_hp_gain":0,"max_hp_loss":0,"event_name":"Wheel of Change","floor":38,"gold_loss":0},{"damage_healed":0,"gold_gain":0,"player_choice":"Fight","damage_taken":0,"max_hp_gain":0,"max_hp_loss":0,"event_name":"Mysterious Sphere","floor":48,"gold_loss":0}],"is_beta":false,"boss_relics":[{"not_picked":["Pandora\u0027s Box","Coffee Dripper"],"picked":"Eternal Feather"},{"not_picked":["Black Star","Sozu"],"picked":"Empty Cage"}],"items_purged_floors":[12,19,28],"is_endless":false,"potions_floor_spawned":[8,11,14,16,24,31,41,46,47],"killed_by":"2 Orb Walkers","ascension_level":0}