{"gold_per_floor":[116,116,129,95,113,113,126,160,183,183,183,243,243,260,260,260],"floor_reached":16,"playtime":491,"items_purged":[],"score":110,"play_id":"99758be1-e0c4-40a2-bf09-d620635fc735","local_time":"20190304162131","is_ascension_mode":false,"campfire_choices":[{"data":"Bash","floor":6,"key":"SMITH"},{"floor":10,"key":"REST"},{"floor":13,"key":"REST"},{"data":"Sever Soul","floor":15,"key":"SMITH"}],"neow_cost":"NONE","seed_source_timestamp":1457634379286636,"circlet_count":0,"master_deck":["Strike_R","Strike_R","Strike_R","Strike_R","Defend_R","Defend_R","Defend_R","Defend_R","Bash+1","Sword Boomerang","Wild Strike","Searing Blow","Flex","Flex","Evolve","Flame Barrier","Sever Soul+1"],"relics":["Runic Pyramid","Potion Belt","Anchor","Tiny Chest"],"potions_floor_usage":[12,16],"damage_taken":[{"damage":5,"enemies":"Small Slimes","floor":1,"turns":4},{"damage":1,"enemies":"Cultist","floor":3,"turns":3},{"damage":8,"enemies":"Jaw Worm","floor":5,"turns":3},{"damage":27,"enemies":"Large Slime","floor":7,"turns":4},{"damage":26,"enemies":"3 Sentries","floor":8,"turns":8},{"damage":26,"enemies":"Lagavulin","floor":12,"turns":5},{"damage":16,"enemies":"Exordium Thugs","floor":14,"turns":5},{"damage":43,"enemies":"The Guardian","floor":16,"turns":10}],"seed_played":"-4390244524783748931","potions_obtained":[{"floor":8,"key":"Regen Potion"},{"floor":12,"key":"Swift Potion"},{"floor":14,"key":"EssenceOfSteel"}],"is_trial":false,"path_per_floor":["M","?","M","$","M","R","M","E","T","R","?","E","R","M","R","B"],"character_chosen":"IRONCLAD","items_purchased":["Searing Blow"],"campfire_rested":2,"item_purchase_floors":[4],"current_hp_per_floor":[75,80,79,79,71,71,44,18,18,42,42,30,54,38,38,0],"gold":260,"neow_bonus":"BOSS_RELIC","is_prod":false,"is_daily":false,"chose_seed":false,"campfire_upgraded":2,"win_rate":0,"timestamp":1551694891,"path_taken":["M","?","?","$","M","R","?","E","T","R","?","E","R","M","R","BOSS"],"build_version":"2019-01-23","purchased_purges":0,"victory":false,"max_hp_per_floor":[80,80,80,80,80,80,80,80,80,80,80,80,80,80,80,80],"card_choices":[{"not_picked":["Anger","Sever Soul"],"picked":"Sword Boomerang","floor":1},{"not_picked":["Body Slam","Iron Wave"],"picked":"Wild Strike","floor":3},{"not_picked":["Havoc","Cleave"],"picked":"Flex","floor":5},{"not_picked":["Sword Boomerang","Dropkick"],"picked":"Flex","floor":7},{"not_picked":["Perfected Strike","Rage"],"picked":"Evolve","floor":8},{"not_picked":["Havoc","Seeing Red"],"picked":"Flame Barrier","floor":12},{"not_picked":["Carnage","Sword Boomerang"],"picked":"Sever Soul","floor":14}],"player_experience":941599,"relics_obtained":[{"floor":8,"key":"Potion Belt"},{"floor":9,"key":"Anchor"},{"floor":12,"key":"Tiny Chest"}],"event_choices":[{"damage_healed":5,"gold_gain":0,"player_choice":"Full Heal","damage_taken":0,"max_hp_gain":0,"max_hp_loss":0,"event_name":"Wheel of Change","floor":2,"gold_loss":0},{"cards_removed":["Strike_R"],"damage_healed":0,"gold_gain":0,"player_choice":"Purged","damage_taken":0,"max_hp_gain":0,"max_hp_loss":0,"event_name":"Purifier","floor":11,"gold_loss":0}],"is_beta":false,"boss_relics":[],"items_purged_floors":[],"is_endless":false,"potions_floor_spawned":[8,12,14],"killed_by":"The Guardian","ascension_level":0}