{"gold_per_floor":[366,366,382,395,98,98,125,135,135,164,176,194,194,214,214,291,291,303,303,303,315,212,212,231,231,299,310,327,327,327,338,338,410,410,427,444,424,424],"floor_reached":38,"playtime":3601,"items_purged":["Strike_B"],"score":814,"play_id":"0487145a-0b55-4667-b8c5-c98aa9286dea","local_time":"20190311165131","is_ascension_mode":true,"campfire_choices":[{"floor":6,"key":"REST"},{"floor":13,"key":"REST"},{"floor":15,"key":"REST"},{"data":"Ghostly","floor":23,"key":"SMITH"},{"data":"Self Repair","floor":25,"key":"SMITH"},{"data":"Ghostly","floor":30,"key":"SMITH"},{"data":"Sunder","floor":32,"key":"SMITH"}],"neow_cost":"CURSE","seed_source_timestamp":2061131337441297,"circlet_count":0,"master_deck":["AscendersBane","Strike_B","Strike_B","Strike_B","Defend_B","Defend_B","Defend_B","Defend_B","Zap","Dualcast","Static Discharge","Self Repair+1","Darkness","Machine Learning","Force Field","Melter","Echo Form","Coolheaded","Amplify","Conserve Battery","Seek","Defragment","Ghostly+1","Ghostly","Ghostly+1","Heatsinks","Coolheaded","Hologram","Compile Driver","Hologram+1","Sunder+1","Creative AI"],"relics":["Cracked Core","Gremlin Horn","Question Card","Omamori","Busted Crown","WarpedTongs","Toxic Egg 2","Ornamental Fan","Fusion Hammer"],"potions_floor_usage":[7,7,11,12,16,24],"damage_taken":[{"damage":9,"enemies":"Small Slimes","floor":1,"turns":4},{"damage":4,"enemies":"Jaw Worm","floor":3,"turns":4},{"damage":11,"enemies":"Cultist","floor":4,"turns":4},{"damage":23,"enemies":"Gremlin Nob","floor":7,"turns":5},{"damage":17,"enemies":"Exordium Thugs","floor":8,"turns":4},{"damage":3,"enemies":"Lagavulin","floor":10,"turns":8},{"damage":12,"enemies":"Looter","floor":11,"turns":5},{"damage":34,"enemies":"Lots of Slimes","floor":12,"turns":3},{"damage":25,"enemies":"2 Fungi Beasts","floor":14,"turns":6},{"damage":36,"enemies":"Hexaghost","floor":16,"turns":14},{"damage":19,"enemies":"Chosen","floor":18,"turns":5},{"damage":2,"enemies":"Spheric Guardian","floor":21,"turns":5},{"damage":29,"enemies":"Cultist and Chosen","floor":24,"turns":9},{"damage":0,"enemies":"Centurion and Healer","floor":27,"turns":7},{"damage":3,"enemies":"Snake Plant","floor":28,"turns":1},{"damage":12,"enemies":"3 Cultists","floor":31,"turns":8},{"damage":0,"enemies":"Collector","floor":33,"turns":14},{"damage":18,"enemies":"3 Darklings","floor":35,"turns":6},{"damage":6,"enemies":"3 Shapes","floor":36,"turns":8},{"damage":39,"enemies":"Jaw Worm Horde","floor":38,"turns":3}],"seed_played":"-4641284193851598427","potions_obtained":[{"floor":1,"key":"EssenceOfSteel"},{"floor":7,"key":"FocusPotion"},{"floor":8,"key":"SteroidPotion"},{"floor":10,"key":"Poison Potion"},{"floor":14,"key":"Swift Potion"},{"floor":21,"key":"Block Potion"},{"floor":24,"key":"Ancient Potion"},{"floor":35,"key":"EssenceOfSteel"},{"floor":36,"key":"Regen Potion"}],"is_trial":false,"path_per_floor":["M","?","M","M","$","R","E","M","T","E","M","M","R","M","R","B",null,"M","?","?","M","$","R","M","R","T","M","M","T","R","M","R","B",null,"M","M","?","M"],"character_chosen":"DEFECT","items_purchased":["Machine Learning","Force Field","Melter","Swift Potion","Coolheaded"],"campfire_rested":3,"item_purchase_floors":[5,5,5,5,22],"current_hp_per_floor":[55,55,51,47,47,68,52,49,49,60,62,28,49,24,45,23,59,47,35,35,35,35,35,20,20,20,35,32,32,32,35,35,35,35,35,35,35,0],"gold":424,"neow_bonus":"TWO_FIFTY_GOLD","is_prod":false,"is_daily":false,"chose_seed":false,"campfire_upgraded":4,"win_rate":0,"timestamp":1552301491,"path_taken":["M","?","M","M","$","R","E","M","T","E","M","M","R","M","R","BOSS","M","?","?","M","$","R","?","R","T","M","M","?","R","M","R","BOSS","M","M","?","?"],"build_version":"2019-01-23","purchased_purges":1,"victory":false,"max_hp_per_floor":[71,71,71,71,71,71,71,71,71,71,71,71,71,71,71,71,71,71,35,35,35,35,35,35,35,35,35,35,35,35,35,35,35,35,35,35,35,35],"card_choices":[{"not_picked":["Stack","Compile Driver"],"picked":"Static Discharge","floor":1},{"not_picked":["Capacitor","Beam Cell"],"picked":"Self Repair","floor":3},{"not_picked":["Beam Cell","Reprogram"],"picked":"Darkness","floor":4},{"not_picked":["Sweeping Beam","Heatsinks"],"picked":"Echo Form","floor":7},{"not_picked":["Sweeping Beam","Stack"],"picked":"Coolheaded","floor":8},{"not_picked":["Darkness","Barrage","Rebound","Go for the Eyes"],"picked":"SKIP","floor":10},{"not_picked":["Stack","Ball Lightning","Beam Cell","Fusion"],"picked":"SKIP","floor":11},{"not_picked":["Hello World","Gash","Hologram"],"picked":"Amplify","floor":12},{"not_picked":["Skim","Fusion","Darkness"],"picked":"Conserve Battery","floor":14},{"not_picked":["All For One","Thunder Strike","Multi-Cast"],"picked":"Seek","floor":16},{"not_picked":["Compile Driver"],"picked":"Defragment","floor":18},{"not_picked":["Capacitor"],"picked":"Heatsinks","floor":21},{"not_picked":["Barrage"],"picked":"Hologram","floor":24},{"not_picked":["Barrage+1"],"picked":"Compile Driver","floor":27},{"not_picked":["Echo Form"],"picked":"Hologram+1","floor":28},{"not_picked":["Leap+1"],"picked":"Sunder","floor":31},{"not_picked":["Machine Learning"],"picked":"Creative AI","floor":33},{"not_picked":["Stack+1","Reprogram+1"],"picked":"SKIP","floor":35},{"not_picked":["Sweeping Beam","Coolheaded+1"],"picked":"SKIP","floor":36}],"player_experience":978504,"relics_obtained":[{"floor":7,"key":"Gremlin Horn"},{"floor":9,"key":"Question Card"},{"floor":10,"key":"Omamori"},{"floor":26,"key":"Toxic Egg 2"},{"floor":29,"key":"Ornamental Fan"}],"event_choices":[{"cards_removed":["Injury"],"damage_healed":0,"gold_gain":0,"player_choice":"Forget","damage_taken":0,"max_hp_gain":0,"max_hp_loss":0,"event_name":"Living Wall","floor":2,"gold_loss":0},{"damage_healed":0,"gold_gain":0,"player_choice":"Became a Ghost","damage_taken":0,"max_hp_gain":0,"max_hp_loss":36,"event_name":"Ghosts","floor":19,"gold_loss":0,"cards_obtained":["Ghostly","Ghostly","Ghostly"]},{"damage_healed":0,"gold_gain":0,"player_choice":"Rummage","damage_taken":0,"relics_obtained":["WarpedTongs"],"max_hp_gain":0,"max_hp_loss":0,"event_name":"Accursed Blacksmith","floor":20,"gold_loss":0,"cards_obtained":["Pain"]},{"damage_healed":0,"gold_gain":0,"player_choice":"Bought 1 Potion","damage_taken":0,"max_hp_gain":0,"max_hp_loss":0,"event_name":"The Woman in Blue","floor":37,"gold_loss":0}],"is_beta":false,"boss_relics":[{"not_picked":["Black Star","Coffee Dripper"],"picked":"Busted Crown"},{"not_picked":["Lizard Tail","Orrery"],"picked":"Fusion Hammer"}],"items_purged_floors":[22],"is_endless":false,"potions_floor_spawned":[1,7,8,10,14,21,24,35,36],"killed_by":"Jaw Worm Horde","ascension_level":17}