{"gold_per_floor":[111,128,138,153,153,153,171,230,230,230,230,250,250,262,262,262],"floor_reached":16,"playtime":445,"items_purged":[],"score":192,"play_id":"358379c1-37fc-40b7-a5f8-4a924a0fd423","local_time":"20190311152942","is_ascension_mode":true,"campfire_choices":[{"floor":6,"key":"REST"},{"floor":10,"key":"REST"},{"data":"Bash","floor":13,"key":"SMITH"},{"floor":15,"key":"REST"}],"neow_cost":"NONE","seed_source_timestamp":888993808492471,"circlet_count":0,"master_deck":["AscendersBane","Strike_R","Strike_R","Strike_R","Strike_R","Defend_R","Defend_R","Defend_R","Defend_R","Bash+1","Dropkick"],"relics":["Burning Blood","Tiny Chest","Self Forming Clay"],"potions_floor_usage":[8,8,12,16],"damage_taken":[{"damage":9,"enemies":"Jaw Worm","floor":1,"turns":5},{"damage":7,"enemies":"2 Louse","floor":2,"turns":4},{"damage":10,"enemies":"Small Slimes","floor":3,"turns":3},{"damage":22,"enemies":"3 Louse","floor":4,"turns":5},{"damage":19,"enemies":"Large Slime","floor":7,"turns":6},{"damage":16,"enemies":"Gremlin Nob","floor":8,"turns":3},{"damage":2,"enemies":"Exordium Wildlife","floor":12,"turns":5},{"damage":22,"enemies":"Exordium Thugs","floor":14,"turns":3},{"damage":86,"enemies":"Hexaghost","floor":16,"turns":9}],"seed_played":"201697714184174590","potions_obtained":[{"floor":1,"key":"Strength Potion"},{"floor":4,"key":"FearPotion"},{"floor":8,"key":"Explosive Potion"},{"floor":12,"key":"Fire Potion"}],"is_trial":false,"path_per_floor":["M","M","M","M","?","R","M","E","T","R","?","M","R","M","R","B"],"character_chosen":"IRONCLAD","items_purchased":[],"campfire_rested":3,"item_purchase_floors":[],"current_hp_per_floor":[72,71,67,51,51,75,62,52,52,76,76,80,80,64,82,0],"gold":262,"neow_bonus":"TEN_PERCENT_HP_BONUS","is_prod":false,"is_daily":false,"chose_seed":false,"campfire_upgraded":1,"win_rate":0,"timestamp":1552354182,"path_taken":["M","M","M","M","?","R","M","E","T","R","?","M","R","M","R","BOSS"],"build_version":"2019-01-23","purchased_purges":0,"victory":false,"max_hp_per_floor":[82,82,82,82,82,82,82,82,82,82,82,82,82,82,82,82],"card_choices":[{"not_picked":["True Grit","Heavy Blade"],"picked":"Dropkick","floor":1},{"not_picked":["Armaments","Warcry","Combust"],"picked":"SKIP","floor":2},{"not_picked":["Blood for Blood","True Grit","Heavy Blade"],"picked":"SKIP","floor":3},{"not_picked":["Bloodletting","Sentinel","Warcry"],"picked":"SKIP","floor":4},{"not_picked":["Corruption","Perfected Strike","Armaments"],"picked":"SKIP","floor":7},{"not_picked":["Warcry","Sword Boomerang","Havoc"],"picked":"SKIP","floor":8},{"not_picked":["Feed","Heavy Blade","Armaments"],"picked":"SKIP","floor":12},{"not_picked":["Warcry","Twin Strike","Flex"],"picked":"SKIP","floor":14}],"player_experience":494875,"relics_obtained":[{"floor":8,"key":"Tiny Chest"},{"floor":9,"key":"Self Forming Clay"}],"event_choices":[{"damage_healed":0,"gold_gain":0,"player_choice":"Ignored","damage_taken":0,"max_hp_gain":0,"max_hp_loss":0,"event_name":"Golden Idol","floor":5,"gold_loss":0},{"cards_removed":["Strike_R"],"damage_healed":0,"gold_gain":0,"player_choice":"Forget","damage_taken":0,"max_hp_gain":0,"max_hp_loss":0,"event_name":"Living Wall","floor":11,"gold_loss":0}],"is_beta":false,"boss_relics":[],"items_purged_floors":[],"is_endless":false,"potions_floor_spawned":[1,4,8,12],"killed_by":"Hexaghost","ascension_level":17}