{"gold_per_floor":[119,194,209,209,209,209,224,224,248,304,304,329,329,347,347,451,451,465,476,168,93,192,192,140,170,170,170,201,211,261,271,271,372,372,388,398,439,439,439,468,486,501,501,148,161,161,189,206,206,206],"floor_reached":51,"playtime":27078,"items_purged":["Regret"],"score":844,"play_id":"a7673d62-0dd1-478e-ab22-1a9caa4e8163","local_time":"20190111115233","daily_mods":["Shiny","Colorless Cards","Binary"],"is_ascension_mode":true,"campfire_choices":[{"data":"Seek","floor":6.0,"key":"SMITH"},{"data":"Buffer","floor":8.0,"key":"SMITH"},{"data":"Apotheosis","floor":11.0,"key":"SMITH"},{"data":"Echo Form","floor":13.0,"key":"SMITH"},{"data":"Mayhem","floor":15.0,"key":"SMITH"},{"data":"Fission","floor":23.0,"key":"SMITH"},{"data":"Secret Technique","floor":27.0,"key":"SMITH"},{"data":"Creative AI","floor":32.0,"key":"SMITH"},{"data":"Panache","floor":46,"key":"SMITH"},{"data":"Secret Technique","floor":49,"key":"SMITH"}],"neow_cost":"","seed_source_timestamp":0,"circlet_count":0,"master_deck":["Multi-Cast","Hyperbeam","Thunder Strike","Biased Cognition","Machine Learning","Electrodynamics","Buffer+1","Rainbow","Seek+1","Meteor Strike","Echo Form+1","All For One","Reboot","Amplify","Creative AI+1","Fission+1","Core Surge","Thinking Ahead","Metamorphosis","Master of Strategy","Chrysalis","Transmutation","HandOfGreed","Mayhem+1","Apotheosis+1","Secret Weapon","Panache+1","Violence","Secret Technique+1","Sadistic Nature","Hologram","Cold Snap","Capacitor","Leap","Conserve Battery","Secret Technique+1","Force Field+1","Clumsy","Glacier","Cold Snap+1","Purity+1"],"special_seed":0,"relics":["Cracked Core","Oddly Smooth Stone","Regal Pillow","Art of War","Cursed Key","Bird Faced Urn","Ornamental Fan","Pantograph","Bronze Scales","Sozu","Shuriken","Lantern","Meat on the Bone","Strange Spoon","Pen Nib"],"potions_floor_usage":[],"damage_taken":[{"damage":0.0,"enemies":"Small Slimes","floor":1.0,"turns":1.0},{"damage":10.0,"enemies":"Jaw Worm","floor":3.0,"turns":4.0},{"damage":0.0,"enemies":"2 Louse","floor":7.0,"turns":1.0},{"damage":0.0,"enemies":"Gremlin Nob","floor":10.0,"turns":4.0},{"damage":9.0,"enemies":"3 Sentries","floor":12.0,"turns":2.0},{"damage":8.0,"enemies":"Looter","floor":14.0,"turns":2.0},{"damage":12.0,"enemies":"The Guardian","floor":16.0,"turns":5.0},{"damage":20.0,"enemies":"2 Thieves","floor":18.0,"turns":2.0},{"damage":0.0,"enemies":"Spheric Guardian","floor":19.0,"turns":3.0},{"damage":0.0,"enemies":"Slavers","floor":25.0,"turns":1.0},{"damage":9.0,"enemies":"Gremlin Leader","floor":28.0,"turns":5.0},{"damage":5.0,"enemies":"Shelled Parasite and Fungi","floor":29.0,"turns":5.0},{"damage":4.0,"enemies":"Chosen and Byrds","floor":31.0,"turns":3.0},{"damage":38.0,"enemies":"Collector","floor":33.0,"turns":7.0},{"damage":0.0,"enemies":"3 Shapes","floor":35.0,"turns":1.0},{"damage":0.0,"enemies":"Orb Walker","floor":36.0,"turns":2.0},{"damage":0.0,"enemies":"Jaw Worm Horde","floor":37.0,"turns":2.0},{"damage":50.0,"enemies":"Reptomancer","floor":40.0,"turns":5.0},{"damage":0.0,"enemies":"4 Shapes","floor":41.0,"turns":3.0},{"damage":6.0,"enemies":"Transient","floor":42.0,"turns":5.0},{"damage":4.0,"enemies":"Spire Growth","floor":45.0,"turns":5.0},{"damage":13,"enemies":"Giant Head","floor":47,"turns":6},{"damage":0,"enemies":"Maw","floor":48,"turns":3},{"damage":18,"enemies":"Donu and Deca","floor":50,"turns":6}],"seed_played":"9072376671185133689","potions_obtained":[{"floor":3.0,"key":"Explosive Potion"},{"floor":7.0,"key":"Poison Potion"},{"floor":14.0,"key":"SmokeBomb"},{"floor":28.0,"key":"GamblersBrew"},{"floor":31.0,"key":"Swift Potion"}],"is_trial":true,"path_per_floor":["M","?","M","?","?","R","M","R","T","E","R","E","R","M","R","B",null,"M","M","$","?","?","R","$","E","T","R","E","M","?","M","R","B",null,"M","M","M","?","?","E","M","M","T","$","M","R","E","M","R","B",null],"character_chosen":"DEFECT","items_purchased":["Bird Faced Urn","Leap","Strange Spoon","Glacier"],"campfire_rested":0,"item_purchase_floors":[20,24,44,44],"current_hp_per_floor":[75,64,54,47,72,72,72,72,72,72,72,63,63,55,55,43,75,55,55,55,55,55,55,55,55,55,55,64,75,75,75,75,59,75,75,75,75,71,71,35,45,63,63,63,71,71,71,71,71,71],"gold":206,"neow_bonus":"","is_prod":false,"is_daily":false,"chose_seed":false,"campfire_upgraded":10,"win_rate":0,"timestamp":1547229153,"path_taken":["M","?","M","?","?","R","?","R","T","E","R","E","R","M","R","BOSS","M","?","$","?","?","R","?","E","T","R","E","M","?","M","R","BOSS","M","M","?","?","?","E","M","M","T","$","?","R","E","M","R","BOSS"],"build_version":"2019-01-10","purchased_purges":1,"victory":true,"max_hp_per_floor":[75,75,75,75,75,75,75,75,75,75,75,75,75,75,75,75,75,75,75,75,75,75,75,75,75,75,75,75,75,75,75,75,75,75,75,75,75,71,71,71,71,71,71,71,71,71,71,71,71,71],"card_choices":[{"not_picked":["Streamline","Stack"],"picked":"SKIP","floor":1.0},{"not_picked":["Sweeping Beam"],"picked":"Hologram","floor":3.0},{"not_picked":["Stack","Redo"],"picked":"SKIP","floor":7.0},{"not_picked":["Sadistic Nature"],"picked":"Cold Snap","floor":10.0},{"not_picked":["Doom and Gloom","Turbo"],"picked":"SKIP","floor":12.0},{"not_picked":["PanicButton"],"picked":"Capacitor","floor":14.0},{"not_picked":["Loop","Gash"],"picked":"SKIP","floor":18.0},{"not_picked":["Sweeping Beam","Recycle"],"picked":"SKIP","floor":19.0},{"not_picked":["Streamline","Steam+1"],"picked":"SKIP","floor":25.0},{"not_picked":["Sweeping Beam"],"picked":"Conserve Battery","floor":28.0},{"not_picked":["Sweeping Beam","Sadistic Nature"],"picked":"SKIP","floor":29.0},{"not_picked":["BootSequence","Hologram"],"picked":"SKIP","floor":31.0},{"not_picked":["Biased Cognition"],"picked":"Secret Technique","floor":33.0},{"not_picked":["Redo","Enlightenment"],"picked":"SKIP","floor":35.0},{"not_picked":["Streamline+1","Hologram"],"picked":"SKIP","floor":36.0},{"not_picked":["Turbo","Impatience"],"picked":"SKIP","floor":37.0},{"not_picked":["Hologram+1","Stack"],"picked":"SKIP","floor":40.0},{"not_picked":["Leap"],"picked":"Force Field+1","floor":41.0},{"not_picked":["Mind Blast","Stack"],"picked":"SKIP","floor":42.0},{"not_picked":["FTL"],"picked":"Cold Snap+1","floor":45},{"not_picked":["PanicButton","Chaos"],"picked":"SKIP","floor":47},{"not_picked":["Streamline+1"],"picked":"Purity+1","floor":48}],"player_experience":162560,"relics_obtained":[{"floor":9.0,"key":"Oddly Smooth Stone"},{"floor":10.0,"key":"Regal Pillow"},{"floor":12.0,"key":"Art of War"},{"floor":25.0,"key":"Ornamental Fan"},{"floor":26.0,"key":"Pantograph"},{"floor":28.0,"key":"Bronze Scales"},{"floor":40.0,"key":"Lantern"},{"floor":43.0,"key":"Meat on the Bone"},{"floor":47,"key":"Pen Nib"}],"event_choices":[{"damage_healed":0.0,"max_hp_gain":0.0,"max_hp_loss":0.0,"gold_gain":75.0,"event_name":"World of Goop","player_choice":"Gather Gold","floor":2.0,"gold_loss":0.0,"damage_taken":11.0},{"cards_removed":["Magnetism"],"damage_healed":0.0,"max_hp_gain":0.0,"max_hp_loss":0.0,"gold_gain":0.0,"event_name":"Golden Wing","player_choice":"Card Removal","floor":4.0,"gold_loss":0.0,"damage_taken":7.0},{"damage_healed":25.0,"max_hp_gain":0.0,"max_hp_loss":0.0,"gold_gain":0.0,"event_name":"Big Fish","player_choice":"Banana","floor":5.0,"gold_loss":0.0,"damage_taken":0.0},{"cards_removed":["The Bomb"],"damage_healed":0.0,"max_hp_gain":0.0,"max_hp_loss":0.0,"gold_gain":0.0,"event_name":"Beggar","player_choice":"Gave Gold","floor":21.0,"gold_loss":75.0,"damage_taken":0.0},{"damage_healed":0.0,"max_hp_gain":0.0,"max_hp_loss":0.0,"gold_gain":99.0,"event_name":"Nest","player_choice":"Stole From Cult","floor":22.0,"gold_loss":0.0,"damage_taken":0.0},{"damage_healed":0.0,"max_hp_gain":0.0,"max_hp_loss":0.0,"gold_gain":100.0,"event_name":"The Joust","player_choice":"Bet on Murderer","floor":30.0,"gold_loss":50.0,"damage_taken":0.0},{"damage_healed":0.0,"max_hp_gain":0.0,"max_hp_loss":4.0,"gold_gain":0.0,"event_name":"Winding Halls","player_choice":"Max HP","floor":38.0,"gold_loss":0.0,"damage_taken":0.0},{"damage_healed":0.0,"max_hp_gain":0.0,"max_hp_loss":0.0,"gold_gain":0.0,"event_name":"WeMeetAgain","player_choice":"Gave Potion","floor":39.0,"gold_loss":0.0,"damage_taken":0.0,"relics_obtained":["Shuriken"]}],"is_beta":false,"boss_relics":[{"not_picked":["FrozenCore","Busted Crown"],"picked":"Cursed Key"},{"not_picked":["Snecko Eye","Coffee Dripper"],"picked":"Sozu"}],"items_purged_floors":[44],"is_endless":false,"potions_floor_spawned":[3,7,14,19,28,31,36,47,48],"ascension_level":1}