{"gold_per_floor":[118,43,43,57,75,110,127,152,179,179,214,214,232,246,246,343,343,357,150,169,83,115,115],"floor_reached":23,"playtime":2360,"items_purged":["Normality","Doom and Gloom","Strike_B"],"score":232,"play_id":"7626aa46-17b8-4237-b791-867176787eef","local_time":"20190303174635","is_ascension_mode":true,"campfire_choices":[{"data":"Conserve Battery","floor":10,"key":"SMITH"},{"data":"White Noise","floor":12,"key":"SMITH"},{"floor":15,"key":"REST"}],"neow_cost":"CURSE","seed_source_timestamp":70598913724053,"circlet_count":0,"master_deck":["Strike_B","Strike_B","Defend_B","Defend_B","Defend_B","Defend_B","Zap","Dualcast","White Noise+1","Conserve Battery+1","Ball Lightning","Self Repair","Echo Form","Cold Snap","Conserve Battery","Machine Learning","Leap+1","Seek","Storm","Coolheaded","Defragment","Self Repair"],"relics":["Cracked Core","Pocketwatch","DataDisk","Ancient Tea Set","Smiling Mask","Oddly Smooth Stone","Nuclear Battery","Red Mask"],"potions_floor_usage":[13,18,18,18,22,23,23],"damage_taken":[{"damage":7,"enemies":"Jaw Worm","floor":1,"turns":4},{"damage":0,"enemies":"Small Slimes","floor":4,"turns":3},{"damage":0,"enemies":"2 Louse","floor":5,"turns":3},{"damage":1,"enemies":"Gremlin Nob","floor":6,"turns":3},{"damage":15,"enemies":"Exordium Thugs","floor":7,"turns":4},{"damage":18,"enemies":"3 Sentries","floor":8,"turns":7},{"damage":13,"enemies":"Lagavulin","floor":11,"turns":6},{"damage":7,"enemies":"Large Slime","floor":13,"turns":4},{"damage":13,"enemies":"3 Louse","floor":14,"turns":3},{"damage":27,"enemies":"Slime Boss","floor":16,"turns":4},{"damage":0,"enemies":"3 Byrds","floor":18,"turns":3},{"damage":9,"enemies":"Shell Parasite","floor":20,"turns":6},{"damage":45,"enemies":"Masked Bandits","floor":22,"turns":5},{"damage":53,"enemies":"Slavers","floor":23,"turns":4}],"seed_played":"-1349802848490856159","potions_obtained":[{"floor":4,"key":"AttackPotion"},{"floor":5,"key":"LiquidBronze"},{"floor":7,"key":"FairyPotion"},{"floor":13,"key":"Regen Potion"},{"floor":16,"key":"EntropicBrew"},{"floor":20,"key":"SteroidPotion"},{"floor":22,"key":"Explosive Potion"}],"is_trial":false,"path_per_floor":["M","$","?","M","M","E","M","E","T","R","E","R","M","M","R","B",null,"M","$","M","$","?","E"],"character_chosen":"DEFECT","items_purchased":["Seek","Storm","Defragment"],"campfire_rested":1,"item_purchase_floors":[19,19,21],"current_hp_per_floor":[68,68,61,61,61,60,52,41,41,41,35,35,35,29,51,31,75,75,75,73,73,42,0],"gold":115,"neow_bonus":"ONE_RARE_RELIC","is_prod":false,"is_daily":false,"chose_seed":false,"campfire_upgraded":2,"win_rate":0,"timestamp":1551656795,"path_taken":["M","$","?","M","M","E","M","E","T","R","E","R","M","M","R","BOSS","M","$","M","$","?","E"],"build_version":"2019-01-23","purchased_purges":3,"victory":false,"max_hp_per_floor":[75,75,75,75,75,75,75,75,75,75,75,75,75,75,75,75,75,75,75,75,75,75,75],"card_choices":[{"not_picked":["Conserve Battery","Redo"],"picked":"White Noise","floor":1},{"not_picked":["Genetic Algorithm","Coolheaded"],"picked":"Conserve Battery","floor":4},{"not_picked":["Melter","Redo"],"picked":"Ball Lightning","floor":5},{"not_picked":["Gash","Compile Driver"],"picked":"Self Repair","floor":6},{"not_picked":["Recycle","Scrape","Blizzard"],"picked":"SKIP","floor":7},{"not_picked":["Go for the Eyes","Melter"],"picked":"Doom and Gloom","floor":8},{"not_picked":["FTL","Reinforced Body"],"picked":"Echo Form","floor":11},{"not_picked":["Rip and Tear","Rebound"],"picked":"Cold Snap","floor":13},{"not_picked":["Go for the Eyes","Chaos"],"picked":"Conserve Battery","floor":14},{"not_picked":["Core Surge","Echo Form"],"picked":"Machine Learning","floor":16},{"not_picked":["Gash","Streamline"],"picked":"Leap+1","floor":18},{"not_picked":["Tempest+1","Aggregate"],"picked":"Coolheaded","floor":20},{"not_picked":["Coolheaded","BootSequence"],"picked":"Self Repair","floor":22}],"player_experience":165924,"relics_obtained":[{"floor":6,"key":"DataDisk"},{"floor":8,"key":"Ancient Tea Set"},{"floor":9,"key":"Smiling Mask"},{"floor":11,"key":"Oddly Smooth Stone"},{"floor":22,"key":"Red Mask"}],"event_choices":[{"cards_removed":["Strike_B"],"damage_healed":0,"gold_gain":0,"player_choice":"Card Removal","damage_taken":7,"max_hp_gain":0,"max_hp_loss":0,"event_name":"Golden Wing","floor":3,"gold_loss":0},{"damage_healed":0,"gold_gain":0,"player_choice":"Fought Bandits","damage_taken":0,"max_hp_gain":0,"max_hp_loss":0,"event_name":"Masked Bandits","floor":22,"gold_loss":0}],"is_beta":false,"boss_relics":[{"not_picked":["Astrolabe","Orrery"],"picked":"Nuclear Battery"}],"items_purged_floors":[2,19,21],"is_endless":false,"potions_floor_spawned":[4,5,7,13,16,20,22],"killed_by":"Slavers","ascension_level":2}