{"gold_per_floor":[109,123,123,123,123,152,167,167,167,167,185,13,33,46,46,118,118,129,13,13,28,41,41,76,76,100,100,111,123,123,142,142,142],"floor_reached":33,"playtime":1092,"items_purged":["Strike_G"],"score":573,"play_id":"6f11bcdb-da9b-4d8e-ac08-a367fa188ec7","local_time":"20190311132824","is_ascension_mode":true,"campfire_choices":[{"data":"Crippling Poison","floor":8.0,"key":"SMITH"},{"data":"Neutralize","floor":10.0,"key":"SMITH"},{"data":"Footwork","floor":15.0,"key":"SMITH"},{"data":"Footwork","floor":23.0,"key":"SMITH"},{"data":"Night Terror","floor":25.0,"key":"SMITH"},{"data":"Burst","floor":30.0,"key":"SMITH"},{"data":"Leg Sweep","floor":32.0,"key":"SMITH"}],"neow_cost":"NONE","seed_source_timestamp":416717616688898,"circlet_count":0,"master_deck":["AscendersBane","Defend_G+1","Defend_G+1","Defend_G+1","Defend_G+1","Defend_G+1","Strike_G+1","Strike_G+1","Strike_G+1","Strike_G+1","Survivor","Neutralize+1","Dagger Spray","Noxious Fumes+1","Crippling Poison+1","Bane","Footwork+1","Night Terror+1","Footwork+1","Leg Sweep+1","Blur","Burst+1","Deadly Poison"],"special_seed":0,"relics":["Ring of the Snake","NeowsBlessing","Ice Cream","Gambling Chip","Pear","Juzu Bracelet","Coffee Dripper","Letter Opener","Pen Nib"],"potions_floor_usage":[33],"damage_taken":[{"damage":0.0,"enemies":"Small Slimes","floor":1.0,"turns":1.0},{"damage":0.0,"enemies":"Jaw Worm","floor":2.0,"turns":1.0},{"damage":0.0,"enemies":"3 Sentries","floor":6.0,"turns":1.0},{"damage":0.0,"enemies":"2 Louse","floor":7.0,"turns":3.0},{"damage":9.0,"enemies":"Exordium Wildlife","floor":11.0,"turns":4.0},{"damage":20.0,"enemies":"Exordium Thugs","floor":13.0,"turns":4.0},{"damage":3.0,"enemies":"Red Slaver","floor":14.0,"turns":3.0},{"damage":35.0,"enemies":"The Guardian","floor":16.0,"turns":10.0},{"damage":13.0,"enemies":"Chosen","floor":18.0,"turns":5.0},{"damage":15.0,"enemies":"3 Byrds","floor":21.0,"turns":4.0},{"damage":15.0,"enemies":"Snake Plant","floor":22.0,"turns":5.0},{"damage":25.0,"enemies":"Slavers","floor":24.0,"turns":5.0},{"damage":11.0,"enemies":"Cultist and Chosen","floor":28.0,"turns":6.0},{"damage":0.0,"enemies":"Snecko","floor":29.0,"turns":8.0},{"damage":1.0,"enemies":"Snake Plant","floor":31.0,"turns":5.0},{"damage":25,"enemies":"Collector","floor":33,"turns":6}],"seed_played":"-5465379939969724005","potions_obtained":[{"floor":6.0,"key":"Strength Potion"},{"floor":13.0,"key":"LiquidBronze"},{"floor":14.0,"key":"Regen Potion"},{"floor":21.0,"key":"AttackPotion"},{"floor":22.0,"key":"FearPotion"},{"floor":28.0,"key":"SteroidPotion"}],"is_trial":false,"path_per_floor":["M","M","?","?","?","E","M","R","T","R","M","$","M","M","R","B",null,"M","$","?","M","M","R","E","R","T","?","M","M","R","M","R","B"],"character_chosen":"THE_SILENT","items_purchased":["Juzu Bracelet","Leg Sweep"],"campfire_rested":0,"item_purchase_floors":[12,19],"current_hp_per_floor":[59,59,54,59,59,59,59,59,69,69,60,60,40,37,37,17,65,52,52,68,53,38,38,13,13,13,13,2,2,2,1,1,0],"gold":142,"neow_bonus":"THREE_ENEMY_KILL","is_prod":false,"is_daily":false,"chose_seed":false,"campfire_upgraded":7,"win_rate":0,"timestamp":1552307304,"path_taken":["M","M","?","?","?","E","M","R","T","R","M","?","M","M","R","BOSS","M","$","?","M","M","R","E","R","T","?","M","M","R","M","R","BOSS"],"build_version":"2019-01-23","purchased_purges":1,"victory":false,"max_hp_per_floor":[66,66,66,71,71,71,71,71,81,81,81,81,81,81,81,81,81,81,81,81,81,81,81,81,81,81,81,81,81,81,81,81,81],"card_choices":[{"not_picked":["Slice","Backstab"],"picked":"Dagger Spray","floor":1.0},{"not_picked":["Choke","Poisoned Stab"],"picked":"Noxious Fumes","floor":2.0},{"not_picked":["Flying Knee","Heel Hook","Acrobatics"],"picked":"SKIP","floor":6.0},{"not_picked":["Acrobatics","Dodge and Roll"],"picked":"Crippling Poison","floor":7.0},{"not_picked":["Backflip","Blur"],"picked":"Bane","floor":11.0},{"not_picked":["Leg Sweep","Poisoned Stab"],"picked":"Footwork","floor":13.0},{"not_picked":["Sucker Punch","Underhanded Strike","Poisoned Stab"],"picked":"SKIP","floor":14.0},{"not_picked":["Glass Knife","Tools of the Trade"],"picked":"Night Terror","floor":16.0},{"not_picked":["Dagger Throw","Terror"],"picked":"Footwork","floor":18.0},{"not_picked":["Backflip","Dodge and Roll","Cloak And Dagger"],"picked":"SKIP","floor":21.0},{"not_picked":["Slice","Heel Hook"],"picked":"Blur","floor":22.0},{"not_picked":["Dodge and Roll","Sucker Punch","Poisoned Stab"],"picked":"SKIP","floor":24.0},{"not_picked":["Leg Sweep","Sucker Punch"],"picked":"Burst","floor":28.0},{"not_picked":["Finisher","Infinite Blades"],"picked":"Deadly Poison","floor":29.0},{"not_picked":["PiercingWail","Underhanded Strike","Dagger Throw"],"picked":"SKIP","floor":31.0}],"player_experience":960936,"relics_obtained":[{"floor":6.0,"key":"Gambling Chip"},{"floor":9.0,"key":"Pear"},{"floor":24.0,"key":"Letter Opener"},{"floor":26.0,"key":"Pen Nib"}],"event_choices":[{"damage_healed":0.0,"max_hp_gain":0.0,"max_hp_loss":0.0,"gold_gain":0.0,"event_name":"Scrap Ooze","player_choice":"Success","floor":3.0,"gold_loss":0.0,"damage_taken":5.0,"relics_obtained":["Ice Cream"]},{"damage_healed":0.0,"max_hp_gain":5.0,"max_hp_loss":0.0,"gold_gain":0.0,"event_name":"Big Fish","player_choice":"Donut","floor":4.0,"gold_loss":0.0,"damage_taken":0.0},{"damage_healed":0.0,"max_hp_gain":0.0,"max_hp_loss":0.0,"gold_gain":0.0,"event_name":"Living Wall","player_choice":"Grow","floor":5.0,"gold_loss":0.0,"damage_taken":0.0,"cards_upgraded":["Noxious Fumes"]},{"damage_healed":16.0,"max_hp_gain":0.0,"max_hp_loss":0.0,"gold_gain":0.0,"event_name":"The Library","player_choice":"Heal","floor":20.0,"gold_loss":0.0,"damage_taken":0.0},{"damage_healed":0.0,"max_hp_gain":0.0,"max_hp_loss":0.0,"gold_gain":0.0,"event_name":"Back to Basics","player_choice":"Simplicity","floor":27.0,"gold_loss":0.0,"damage_taken":0.0,"cards_upgraded":["Defend_G","Defend_G","Defend_G","Defend_G","Defend_G","Strike_G","Strike_G","Strike_G","Strike_G"]}],"is_beta":false,"boss_relics":[{"not_picked":["Pandora\u0027s Box","WristBlade"],"picked":"Coffee Dripper"}],"items_purged_floors":[19],"is_endless":false,"potions_floor_spawned":[6,13,14,21,22,28],"killed_by":"Collector","ascension_level":19}