{"gold_per_floor":[109,184,204,204,204,204,204,218,243,276,293,293],"floor_reached":12,"playtime":264,"items_purged":[],"score":86,"play_id":"fd7b0992-66a6-4031-9708-9514c1a84db5","local_time":"20190311175251","is_ascension_mode":true,"campfire_choices":[{"data":"Caltrops","floor":6,"key":"SMITH"}],"neow_cost":"NONE","seed_source_timestamp":172396623949622,"circlet_count":0,"master_deck":["Defend_G","Defend_G","Defend_G","Defend_G","Strike_G","Strike_G","Strike_G","Strike_G","Strike_G","Survivor","Neutralize+1","Caltrops+1","Deadly Poison","Noxious Fumes","Blur","Footwork"],"relics":["Ring of the Snake","NeowsBlessing","Juzu Bracelet","Anchor","Orichalcum"],"potions_floor_usage":[10,10],"damage_taken":[{"damage":0,"enemies":"Cultist","floor":1,"turns":1},{"damage":0,"enemies":"Small Slimes","floor":3,"turns":1},{"damage":0,"enemies":"Jaw Worm","floor":8,"turns":1},{"damage":13,"enemies":"Gremlin Nob","floor":10,"turns":5},{"damage":6,"enemies":"2 Fungi Beasts","floor":11,"turns":4},{"damage":18,"enemies":"Exordium Wildlife","floor":12,"turns":6}],"seed_played":"-882382016677676433","potions_obtained":[{"floor":1,"key":"Block Potion"},{"floor":8,"key":"Block Potion"},{"floor":10,"key":"Block Potion"}],"is_trial":false,"path_per_floor":["M","?","M","?","?","R","?","M","T","E","M","M"],"character_chosen":"THE_SILENT","items_purchased":[],"campfire_rested":0,"item_purchase_floors":[],"current_hp_per_floor":[70,59,59,41,41,41,34,34,34,21,15,0],"gold":293,"neow_bonus":"THREE_ENEMY_KILL","is_prod":false,"is_daily":false,"chose_seed":false,"campfire_upgraded":1,"win_rate":0,"timestamp":1552323171,"path_taken":["M","?","M","?","?","R","?","M","T","E","M","M"],"build_version":"2019-01-23","purchased_purges":0,"victory":false,"max_hp_per_floor":[70,70,70,70,70,70,70,70,70,70,70,70],"card_choices":[{"not_picked":["Predator","Expertise"],"picked":"Caltrops","floor":1},{"not_picked":["Masterful Stab","Acrobatics"],"picked":"Deadly Poison","floor":3},{"not_picked":["PiercingWail","Blade Dance"],"picked":"Noxious Fumes","floor":8},{"not_picked":["Night Terror","Blade Dance"],"picked":"Blur","floor":10},{"not_picked":["Predator","Slice"],"picked":"Footwork","floor":11}],"player_experience":177588,"relics_obtained":[{"floor":9,"key":"Anchor"},{"floor":10,"key":"Orichalcum"}],"event_choices":[{"damage_healed":0,"gold_gain":75,"player_choice":"Gather Gold","damage_taken":11,"max_hp_gain":0,"max_hp_loss":0,"event_name":"World of Goop","floor":2,"gold_loss":0},{"damage_healed":0,"gold_gain":0,"player_choice":"Success","damage_taken":18,"relics_obtained":["Juzu Bracelet"],"max_hp_gain":0,"max_hp_loss":0,"event_name":"Scrap Ooze","floor":4,"gold_loss":0},{"damage_healed":0,"gold_gain":0,"player_choice":"Grow","damage_taken":0,"max_hp_gain":0,"max_hp_loss":0,"event_name":"Living Wall","floor":5,"gold_loss":0,"cards_upgraded":["Neutralize"]},{"cards_removed":["Defend_G"],"damage_healed":0,"gold_gain":0,"player_choice":"Card Removal","damage_taken":7,"max_hp_gain":0,"max_hp_loss":0,"event_name":"Golden Wing","floor":7,"gold_loss":0}],"is_beta":false,"boss_relics":[],"items_purged_floors":[],"is_endless":false,"potions_floor_spawned":[1,8,10],"killed_by":"Exordium Wildlife","ascension_level":2}