{"gold_per_floor":[112,112,128,151,169,195,215,140,140,140,140],"floor_reached":11,"playtime":591,"items_purged":["Strike_G"],"score":73,"play_id":"c79ae710-5ee2-4bcf-9af1-ab73bcc18b9d","local_time":"20190306120939","is_ascension_mode":false,"campfire_choices":[],"neow_cost":"NONE","seed_source_timestamp":80206897156552,"circlet_count":0,"master_deck":["Defend_G","Defend_G","Defend_G","Defend_G","Defend_G","Strike_G","Strike_G","Strike_G","Strike_G","Survivor","Neutralize","Noxious Fumes","Backflip","Catalyst","Cloak And Dagger"],"relics":["Ring of the Snake","NeowsBlessing","Incense Burner","Orichalcum","Gambling Chip","Singing Bowl","Juzu Bracelet"],"potions_floor_usage":[],"damage_taken":[{"damage":0,"enemies":"Small Slimes","floor":1,"turns":1},{"damage":0,"enemies":"Jaw Worm","floor":3,"turns":1},{"damage":0,"enemies":"2 Louse","floor":5,"turns":1},{"damage":29,"enemies":"Gremlin Nob","floor":6,"turns":6},{"damage":11,"enemies":"Lots of Slimes","floor":7,"turns":5},{"damage":18,"enemies":"3 Sentries","floor":11,"turns":4}],"seed_played":"3245447161220541951","potions_obtained":[{"floor":5,"key":"SkillPotion"}],"is_trial":false,"path_per_floor":["M","?","M","T","M","E","M","$","T","?","E"],"character_chosen":"THE_SILENT","items_purchased":[],"campfire_rested":0,"item_purchase_floors":[],"current_hp_per_floor":[70,58,58,58,58,29,18,18,18,18,0],"gold":140,"neow_bonus":"THREE_ENEMY_KILL","is_prod":false,"is_daily":false,"chose_seed":false,"campfire_upgraded":0,"win_rate":0.0,"timestamp":1551870579,"path_taken":["M","?","M","?","M","E","M","$","T","?","E"],"build_version":"2019-01-23","purchased_purges":1,"victory":false,"max_hp_per_floor":[70,70,70,70,70,70,70,70,70,70,70],"card_choices":[{"not_picked":["Poisoned Stab","Outmaneuver"],"picked":"Noxious Fumes","floor":1},{"not_picked":["Flying Knee","Bane","Predator"],"picked":"SKIP","floor":3},{"not_picked":["Deflect","Choke"],"picked":"Backflip","floor":5},{"not_picked":["Finisher","Crippling Poison"],"picked":"Catalyst","floor":6},{"not_picked":["Caltrops","Bane"],"picked":"Cloak And Dagger","floor":7}],"player_experience":74426,"relics_obtained":[{"floor":4,"key":"Orichalcum"},{"floor":6,"key":"Gambling Chip"},{"floor":9,"key":"Singing Bowl"}],"event_choices":[{"damage_healed":0,"gold_gain":0,"player_choice":"Success","damage_taken":12,"relics_obtained":["Incense Burner"],"max_hp_gain":0,"max_hp_loss":0,"event_name":"Scrap Ooze","floor":2,"gold_loss":0},{"damage_healed":0,"gold_gain":0,"player_choice":"Gave Potion","damage_taken":0,"relics_obtained":["Juzu Bracelet"],"max_hp_gain":0,"max_hp_loss":0,"event_name":"WeMeetAgain","floor":10,"gold_loss":0}],"is_beta":false,"boss_relics":[],"items_purged_floors":[8],"is_endless":false,"potions_floor_spawned":[5],"killed_by":"3 Sentries","ascension_level":0}