{"gold_per_floor":[118,118,134,134,134,134,159,159,185,204,222,272,272,282,282,357,357,376,376,130,130,130,130,44,44,70,70,90,124,139,23,23,100,100,114,164,214,230,13,70,120,120,120,170,220,240,254,273,273,273],"floor_reached":50,"playtime":6760,"items_purged":[],"score":1047,"play_id":"a37c12fa-e468-4a00-b0a5-1e0ec01e43f0","local_time":"20190131120852","is_ascension_mode":true,"campfire_choices":[{"data":"Dualcast","floor":6.0,"key":"SMITH"},{"data":"Consume","floor":13.0,"key":"SMITH"},{"data":"Zap","floor":15.0,"key":"SMITH"},{"data":"Electrodynamics","floor":23.0,"key":"SMITH"},{"floor":27.0,"key":"REST"},{"floor":32.0,"key":"REST"},{"floor":42.0,"key":"REST"},{"floor":49.0,"key":"REST"}],"neow_cost":"NONE","seed_source_timestamp":72300056202692,"circlet_count":0,"master_deck":["AscendersBane","Strike_B+1","Strike_B+1","Strike_B+1","Strike_B+1","Defend_B+1","Defend_B+1","Defend_B+1","Defend_B+1","Zap+1","Dualcast+1","Ball Lightning","Steam","Consume+1","Steam","Sweeping Beam","Electrodynamics+1","Conserve Battery+1","Defragment+1","Biased Cognition","Coolheaded+1","Coolheaded","Core Surge","Chill","Steam","Defragment+1","Writhe"],"special_seed":0,"relics":["Cracked Core","NeowsBlessing","Juzu Bracelet","Ornamental Fan","Bag of Preparation","Lantern","Inserter","Anchor","SsserpentHead","Boot","Bronze Scales","Philosopher\u0027s Stone","OrangePellets","Tiny Chest","Mummified Hand","Mercury Hourglass"],"potions_floor_usage":[50],"damage_taken":[{"damage":0.0,"enemies":"Jaw Worm","floor":1.0,"turns":1.0},{"damage":0.0,"enemies":"2 Louse","floor":3.0,"turns":1.0},{"damage":0.0,"enemies":"Gremlin Nob","floor":7.0,"turns":1.0},{"damage":0.0,"enemies":"Cultist","floor":10.0,"turns":3.0},{"damage":6.0,"enemies":"Large Slime","floor":11.0,"turns":3.0},{"damage":0.0,"enemies":"Red Slaver","floor":14.0,"turns":3.0},{"damage":51.0,"enemies":"Slime Boss","floor":16.0,"turns":10.0},{"damage":2.0,"enemies":"3 Byrds","floor":18.0,"turns":2.0},{"damage":0.0,"enemies":"Spheric Guardian","floor":28.0,"turns":3.0},{"damage":21.0,"enemies":"Book of Stabbing","floor":29.0,"turns":5.0},{"damage":0.0,"enemies":"Snake Plant","floor":30.0,"turns":3.0},{"damage":32.0,"enemies":"Collector","floor":33.0,"turns":6.0},{"damage":0.0,"enemies":"Orb Walker","floor":35.0,"turns":3.0},{"damage":10.0,"enemies":"3 Shapes","floor":38.0,"turns":2.0},{"damage":53.0,"enemies":"Giant Head","floor":40.0,"turns":9.0},{"damage":19.0,"enemies":"3 Darklings","floor":46.0,"turns":3.0},{"damage":14.0,"enemies":"Maw","floor":47.0,"turns":6.0},{"damage":0.0,"enemies":"4 Shapes","floor":48.0,"turns":4.0},{"damage":71,"enemies":"Awakened One","floor":50,"turns":5}],"seed_played":"8166102966082226514","potions_obtained":[{"floor":3.0,"key":"Regen Potion"},{"floor":10.0,"key":"Swift Potion"},{"floor":18.0,"key":"SpeedPotion"},{"floor":19.0,"key":"EntropicBrew"},{"floor":19.0,"key":"GamblersBrew"}],"is_trial":false,"path_per_floor":["M","?","M","?","T","R","E","?","T","M","M","?","R","M","R","B",null,"M","?","$","?","?","R","$","?","T","R","M","E","M","$","R","B",null,"M","?","?","M","$","E","?","R","T","?","T","M","M","M","R","B"],"character_chosen":"DEFECT","items_purchased":["Defragment","Anchor","Biased Cognition","Core Surge","OrangePellets"],"campfire_rested":4,"item_purchase_floors":[20,20,24,31,39],"current_hp_per_floor":[64,59,59,59,59,59,59,59,59,59,53,53,53,53,53,17,58,56,56,56,56,56,56,56,56,56,71,71,50,50,50,71,39,63,63,81,81,71,71,18,34,58,58,58,58,39,40,40,64,0],"gold":273,"neow_bonus":"THREE_ENEMY_KILL","is_prod":false,"is_daily":false,"chose_seed":false,"campfire_upgraded":4,"win_rate":0,"timestamp":1548958132,"path_taken":["M","?","M","?","?","R","E","?","T","M","M","?","R","M","R","BOSS","M","?","?","?","?","R","$","?","T","R","M","E","M","?","R","BOSS","M","?","?","M","$","E","?","R","T","?","?","M","M","M","R","BOSS"],"build_version":"2019-01-23","purchased_purges":0,"victory":false,"max_hp_per_floor":[71,71,71,71,71,71,71,71,71,71,71,71,71,71,71,71,71,71,71,71,71,71,71,71,71,71,71,71,71,71,71,71,71,71,71,81,81,81,81,81,81,81,81,81,81,81,81,81,81,81],"card_choices":[{"not_picked":["Coolheaded","Streamline"],"picked":"Ball Lightning","floor":1.0},{"not_picked":["Barrage","Compile Driver","Static Discharge"],"picked":"SKIP","floor":3.0},{"not_picked":["Multi-Cast","Capacitor"],"picked":"Steam","floor":7.0},{"not_picked":["Leap","Cold Snap"],"picked":"Consume","floor":10.0},{"not_picked":["Rip and Tear","Steam Power"],"picked":"Steam","floor":11.0},{"not_picked":["Coolheaded","Darkness"],"picked":"Sweeping Beam","floor":14.0},{"not_picked":["Core Surge","Thunder Strike"],"picked":"Electrodynamics","floor":16.0},{"not_picked":["Barrage","Aggregate"],"picked":"Conserve Battery+1","floor":18.0},{"not_picked":["Doom and Gloom","Barrage"],"picked":"Coolheaded+1","floor":28.0},{"not_picked":["Hyperbeam","Meteor Strike","Ball Lightning"],"picked":"SKIP","floor":29.0},{"not_picked":["Hyperbeam","Meteor Strike","Ball Lightning"],"picked":"SKIP","floor":29.0},{"not_picked":["Steam Power","White Noise"],"picked":"Coolheaded","floor":30.0},{"not_picked":["Core Surge","Multi-Cast"],"picked":"Rainbow","floor":33.0},{"not_picked":["Blizzard","Hologram"],"picked":"Chill","floor":35.0},{"not_picked":["Fusion","Barrage"],"picked":"Steam","floor":38.0},{"not_picked":["Stack+1","Leap"],"picked":"Defragment+1","floor":40.0},{"not_picked":["Streamline+1","Compile Driver","Gash"],"picked":"SKIP","floor":46.0},{"not_picked":["Hologram+1","Beam Cell","Streamline"],"picked":"SKIP","floor":47.0},{"not_picked":["Redo","Go for the Eyes","Gash"],"picked":"SKIP","floor":48.0}],"player_experience":264335,"relics_obtained":[{"floor":5.0,"key":"Ornamental Fan"},{"floor":7.0,"key":"Bag of Preparation"},{"floor":9.0,"key":"Lantern"},{"floor":26.0,"key":"Boot"},{"floor":29.0,"key":"Bronze Scales"},{"floor":40.0,"key":"Tiny Chest"},{"floor":43.0,"key":"Mummified Hand"},{"floor":45.0,"key":"Mercury Hourglass"}],"event_choices":[{"damage_healed":0.0,"max_hp_gain":0.0,"max_hp_loss":0.0,"gold_gain":0.0,"event_name":"Scrap Ooze","player_choice":"Success","floor":2.0,"gold_loss":0.0,"damage_taken":5.0,"relics_obtained":["Juzu Bracelet"]},{"damage_healed":0.0,"max_hp_gain":0.0,"max_hp_loss":0.0,"gold_gain":0.0,"event_name":"Golden Wing","player_choice":"Ignored","floor":4.0,"gold_loss":0.0,"damage_taken":0.0},{"damage_healed":0.0,"max_hp_gain":0.0,"max_hp_loss":0.0,"gold_gain":0.0,"event_name":"Dead Adventurer","player_choice":"Searched \u00270\u0027 times","floor":8.0,"gold_loss":0.0,"damage_taken":0.0},{"damage_healed":0.0,"max_hp_gain":0.0,"max_hp_loss":0.0,"gold_gain":50.0,"event_name":"Golden Shrine","player_choice":"Pray","floor":12.0,"gold_loss":0.0,"damage_taken":0.0},{"damage_healed":0.0,"max_hp_gain":0.0,"max_hp_loss":0.0,"gold_gain":0.0,"event_name":"Lab","player_choice":"Got Potions","floor":19.0,"gold_loss":0.0,"damage_taken":0.0},{"damage_healed":0.0,"max_hp_gain":0.0,"max_hp_loss":0.0,"gold_gain":0.0,"event_name":"Back to Basics","player_choice":"Simplicity","floor":21.0,"gold_loss":0.0,"damage_taken":0.0,"cards_upgraded":["Strike_B","Strike_B","Strike_B","Strike_B","Defend_B","Defend_B","Defend_B","Defend_B"]},{"damage_healed":0.0,"max_hp_gain":0.0,"max_hp_loss":0.0,"gold_gain":0.0,"event_name":"Upgrade Shrine","player_choice":"Upgraded","floor":22.0,"gold_loss":0.0,"damage_taken":0.0,"cards_upgraded":["Defragment"]},{"damage_healed":0.0,"max_hp_gain":0.0,"max_hp_loss":0.0,"gold_gain":0.0,"event_name":"FaceTrader","player_choice":"Trade","floor":25.0,"gold_loss":0.0,"damage_taken":0.0,"relics_obtained":["SsserpentHead"]},{"cards_removed":["Rainbow"],"damage_healed":8.0,"max_hp_gain":10.0,"max_hp_loss":0.0,"gold_gain":0.0,"event_name":"Bonfire Elementals","player_choice":"Offered Rare","floor":36.0,"gold_loss":0.0,"damage_taken":0.0},{"damage_healed":0.0,"max_hp_gain":0.0,"max_hp_loss":0.0,"gold_gain":0.0,"event_name":"Tomb of Lord Red Mask","player_choice":"Ignored","floor":37.0,"gold_loss":0.0,"damage_taken":0.0},{"damage_healed":16.0,"max_hp_gain":0.0,"max_hp_loss":0.0,"gold_gain":0.0,"event_name":"Winding Halls","player_choice":"Writhe","floor":41.0,"gold_loss":0.0,"damage_taken":0.0,"cards_obtained":["Writhe"]},{"damage_healed":0.0,"max_hp_gain":0.0,"max_hp_loss":0.0,"gold_gain":0.0,"event_name":"SensoryStone","player_choice":"Memory 1","floor":44.0,"gold_loss":0.0,"damage_taken":0.0}],"is_beta":false,"boss_relics":[{"not_picked":["Lizard Tail","Fusion Hammer"],"picked":"Inserter"},{"not_picked":["Orrery","Coffee Dripper"],"picked":"Philosopher\u0027s Stone"}],"items_purged_floors":[],"is_endless":false,"potions_floor_spawned":[3,10,18,28,40],"killed_by":"Awakened One","ascension_level":20}