{"gold_per_floor":[115,290,302,302,318,318,343,358,358,369,369,237,270,287,287,387,387,403,403,418,220,231,231,257,257,287,202,202,8,8,21,21,123,123,143,93,93,104,54,82,82,0,26,26],"floor_reached":44,"playtime":4109,"items_purged":["Seek","Strike_B","Strike_B","Strike_B","Defend_B"],"score":695,"play_id":"e7034614-474c-47d1-8338-a6466800ec2a","local_time":"20190308183713","is_ascension_mode":true,"campfire_choices":[{"data":"Dualcast","floor":6,"key":"SMITH"},{"data":"Defragment","floor":11,"key":"SMITH"},{"floor":15,"key":"REST"},{"data":"Rainbow","floor":23,"key":"SMITH"},{"data":"Defragment","floor":25,"key":"SMITH"},{"data":"Zap","floor":28,"key":"SMITH"},{"floor":30,"key":"REST"},{"data":"Conserve Battery","floor":32,"key":"SMITH"},{"floor":41,"key":"REST"}],"neow_cost":"TEN_PERCENT_HP_LOSS","seed_source_timestamp":355338144284938,"circlet_count":0,"master_deck":["Defend_B+1","Defend_B","Defend_B","Zap+1","Dualcast+1","Ball Lightning","Doubt","Conserve Battery+1","Defragment+1","Defragment+1","FTL","Rainbow+1","Coolheaded+1","Leap","Biased Cognition","Tempest+1","Skim+1","Regret"],"special_seed":0,"relics":["Cracked Core","Du-Vu Doll","Smiling Mask","Ornamental Fan","Boot","Philosopher\u0027s Stone","Bag of Marbles","Anchor","Sundial","Tiny Chest","Orichalcum","War Paint","Cursed Key","Ginger","Red Mask","Blood Vial"],"potions_floor_usage":[16,16,20,22,22,31,44],"damage_taken":[{"damage":6,"enemies":"Cultist","floor":1,"turns":3},{"damage":0,"enemies":"2 Louse","floor":3,"turns":2},{"damage":0,"enemies":"Jaw Worm","floor":5,"turns":3},{"damage":6,"enemies":"Exordium Wildlife","floor":8,"turns":3},{"damage":0,"enemies":"2 Fungi Beasts","floor":10,"turns":2},{"damage":35,"enemies":"3 Sentries","floor":13,"turns":6},{"damage":8,"enemies":"Blue Slaver","floor":14,"turns":2},{"damage":2,"enemies":"Slime Boss","floor":16,"turns":6},{"damage":9,"enemies":"Chosen","floor":18,"turns":4},{"damage":2,"enemies":"Shell Parasite","floor":20,"turns":4},{"damage":1,"enemies":"Snake Plant","floor":22,"turns":4},{"damage":24,"enemies":"Book of Stabbing","floor":24,"turns":6},{"damage":0,"enemies":"Centurion and Healer","floor":31,"turns":7},{"damage":22,"enemies":"Champ","floor":33,"turns":10},{"damage":0,"enemies":"3 Shapes","floor":35,"turns":4},{"damage":0,"enemies":"3 Darklings","floor":38,"turns":5},{"damage":51,"enemies":"Reptomancer","floor":40,"turns":5},{"damage":75,"enemies":"Giant Head","floor":44,"turns":7}],"seed_played":"-7427455168070238351","potions_obtained":[{"floor":1,"key":"Regen Potion"},{"floor":5,"key":"Dexterity Potion"},{"floor":13,"key":"Explosive Potion"},{"floor":16,"key":"Block Potion"},{"floor":18,"key":"EssenceOfSteel"},{"floor":20,"key":"AttackPotion"},{"floor":24,"key":"SkillPotion"}],"is_trial":false,"path_per_floor":["M","?","M","?","M","R","T","M","T","M","R","$","E","M","R","B",null,"M","?","M","$","M","R","E","R","T","?","R","$","R","M","R","B",null,"M","$","?","M","$","E","R","?","T","E"],"character_chosen":"DEFECT","items_purchased":["Defragment","Anchor","War Paint"],"campfire_rested":3,"item_purchase_floors":[12,21,29],"current_hp_per_floor":[62,62,62,55,55,55,55,49,49,49,49,49,14,6,26,24,68,59,59,57,57,56,56,32,32,32,32,32,32,52,52,52,30,68,68,68,65,65,65,14,33,33,33,0],"gold":26,"neow_bonus":"ONE_RARE_RELIC","is_prod":false,"is_daily":false,"chose_seed":false,"campfire_upgraded":6,"win_rate":0,"timestamp":1552091833,"path_taken":["M","?","M","?","M","R","?","M","T","M","R","$","E","M","R","BOSS","M","?","M","$","M","R","E","R","T","?","R","$","R","M","R","BOSS","M","$","?","M","$","E","R","?","T","E"],"build_version":"2019-01-23","purchased_purges":5,"victory":false,"max_hp_per_floor":[68,68,68,68,68,68,68,68,68,68,68,68,68,68,68,68,68,68,68,68,68,68,68,68,68,68,68,68,68,68,68,68,68,68,68,68,65,65,65,65,65,65,65,65],"card_choices":[{"not_picked":["Stack","Self Repair"],"picked":"Ball Lightning","floor":1},{"not_picked":["Barrage","Stack"],"picked":"Conserve Battery","floor":3},{"not_picked":["Rebound","Coolheaded"],"picked":"Seek","floor":5},{"not_picked":["Steam","Compile Driver","Heatsinks"],"picked":"SKIP","floor":8},{"not_picked":["Stack","Storm"],"picked":"Defragment","floor":10},{"not_picked":["Recycle","Leap"],"picked":"FTL","floor":13},{"not_picked":["Turbo","Go for the Eyes","Compile Driver"],"picked":"SKIP","floor":14},{"not_picked":["Multi-Cast","Hyperbeam"],"picked":"Rainbow","floor":16},{"not_picked":["Aggregate","Turbo"],"picked":"Coolheaded","floor":18},{"not_picked":["Sunder","Stack"],"picked":"Leap","floor":20},{"not_picked":["Sweeping Beam","Hello World","Turbo"],"picked":"SKIP","floor":22},{"not_picked":["Compile Driver","Barrage","Gash"],"picked":"SKIP","floor":24},{"not_picked":["Go for the Eyes+1","Consume","Turbo+1"],"picked":"SKIP","floor":31},{"not_picked":["Machine Learning","Meteor Strike"],"picked":"Biased Cognition","floor":33},{"not_picked":["Redo","Sweeping Beam","Sunder+1"],"picked":"SKIP","floor":35},{"not_picked":["Stack+1","Consume+1"],"picked":"Tempest+1","floor":38},{"not_picked":["Rebound+1","Barrage+1"],"picked":"Skim+1","floor":40}],"player_experience":229005,"relics_obtained":[{"floor":7,"key":"Smiling Mask"},{"floor":9,"key":"Ornamental Fan"},{"floor":13,"key":"Boot"},{"floor":24,"key":"Sundial"},{"floor":26,"key":"Tiny Chest"},{"floor":40,"key":"Ginger"},{"floor":43,"key":"Blood Vial"}],"event_choices":[{"damage_healed":0,"gold_gain":175,"player_choice":"AGREE","damage_taken":0,"max_hp_gain":0,"max_hp_loss":0,"event_name":"Liars Game","floor":2,"gold_loss":0,"cards_obtained":["Doubt"]},{"cards_removed":["Strike_B"],"damage_healed":0,"gold_gain":0,"player_choice":"Card Removal","damage_taken":7,"max_hp_gain":0,"max_hp_loss":0,"event_name":"Golden Wing","floor":4,"gold_loss":0},{"damage_healed":0,"gold_gain":0,"player_choice":"Opened","damage_taken":0,"relics_obtained":["Bag of Marbles"],"max_hp_gain":0,"max_hp_loss":0,"event_name":"The Mausoleum","floor":19,"gold_loss":0},{"damage_healed":0,"gold_gain":0,"player_choice":"Obtained Relic","damage_taken":0,"relics_obtained":["Orichalcum"],"max_hp_gain":0,"max_hp_loss":0,"event_name":"Addict","floor":27,"gold_loss":85},{"damage_healed":0,"gold_gain":0,"player_choice":"Max HP","damage_taken":0,"max_hp_gain":0,"max_hp_loss":3,"event_name":"Winding Halls","floor":37,"gold_loss":0},{"damage_healed":0,"gold_gain":0,"player_choice":"Paid","damage_taken":0,"relics_obtained":["Red Mask"],"max_hp_gain":0,"max_hp_loss":0,"event_name":"Tomb of Lord Red Mask","floor":42,"gold_loss":82}],"is_beta":false,"boss_relics":[{"not_picked":["Busted Crown","Lizard Tail"],"picked":"Philosopher\u0027s Stone"},{"not_picked":["Velvet Choker","FrozenCore"],"picked":"Cursed Key"}],"items_purged_floors":[12,21,29,36,39],"is_endless":false,"potions_floor_spawned":[1,5,13,16,18,20,24],"killed_by":"Giant Head","ascension_level":3}