{"gold_per_floor":[111,127,55,55,55,90,107,132,132,97,131,143,174,220,232,347,409,439,376,438,54,69,69],"floor_reached":23,"playtime":1154,"items_purged":["Defend_G"],"score":375,"play_id":"8a8df544-3356-4706-909e-f8a86a96c4c6","local_time":"20181228164151","is_ascension_mode":true,"campfire_choices":[{"floor":15,"key":"REST"}],"neow_cost":"NONE","seed_source_timestamp":2630230152712,"circlet_count":0,"master_deck":["AscendersBane","Defend_G+1","Defend_G","Defend_G","Defend_G","Strike_G","Strike_G","Strike_G","Strike_G","Strike_G","Survivor+1","Neutralize","Bullet Time","Footwork","Dagger Spray","Backflip+1","Cloak And Dagger","Escape Plan","Noxious Fumes","Dodge and Roll","Envenom","Cloak And Dagger","Dodge and Roll","Footwork","Backflip","Dagger Spray"],"relics":["Ring of the Snake","NeowsBlessing","Happy Flower","Shuriken","War Paint","Pen Nib","MawBank","Shovel","Tiny House","Snake Skull"],"potions_floor_usage":[8,11,11,14,14,16,23,23],"damage_taken":[{"damage":0,"enemies":"Jaw Worm","floor":1,"turns":1},{"damage":0,"enemies":"Small Slimes","floor":2,"turns":1},{"damage":0,"enemies":"3 Sentries","floor":6,"turns":1},{"damage":0,"enemies":"Cultist","floor":7,"turns":3},{"damage":22,"enemies":"Gremlin Nob","floor":8,"turns":4},{"damage":15,"enemies":"Lagavulin","floor":11,"turns":6},{"damage":0,"enemies":"Large Slime","floor":13,"turns":6},{"damage":22,"enemies":"Gremlin Nob","floor":14,"turns":6},{"damage":20,"enemies":"Hexaghost","floor":16,"turns":12},{"damage":21,"enemies":"Chosen","floor":18,"turns":6},{"damage":4,"enemies":"2 Thieves","floor":19,"turns":5},{"damage":5,"enemies":"Snecko","floor":22,"turns":6},{"damage":40,"enemies":"Gremlin Leader","floor":23,"turns":2}],"seed_played":"-2680421994103656967","potions_obtained":[{"floor":6,"key":"AttackPotion"},{"floor":8,"key":"EntropicBrew"},{"floor":13,"key":"GhostInAJar"},{"floor":14,"key":"Regen Potion"},{"floor":17,"key":"FearPotion"},{"floor":18,"key":"Poison Potion"}],"is_trial":false,"path_per_floor":["M","M","$","?","$","E","M","E","T","?","E","?","M","E","R","B",null,"M","M","?","$","M","E"],"character_chosen":"THE_SILENT","items_purchased":["Footwork","Snake Skull","Footwork","Backflip","Dagger Spray"],"campfire_rested":1,"item_purchase_floors":[3,21,21,21,21],"current_hp_per_floor":[63,63,63,60,60,60,60,38,38,55,40,40,40,18,39,34,66,45,41,41,41,36,0],"gold":69,"neow_bonus":"THREE_ENEMY_KILL","is_prod":false,"is_daily":false,"chose_seed":false,"campfire_upgraded":0,"win_rate":0,"timestamp":1546022511,"path_taken":["M","M","$","?","$","E","M","E","T","?","E","?","?","E","R","BOSS","M","M","?","$","?","E"],"build_version":"2018-12-20","purchased_purges":1,"victory":false,"max_hp_per_floor":[70,70,70,70,70,70,70,70,70,70,70,70,70,70,70,70,75,75,75,75,75,75,75],"card_choices":[{"not_picked":["Blade Dance","Underhanded Strike","Outmaneuver"],"picked":"SKIP","floor":1},{"not_picked":["Dodge and Roll","Bane"],"picked":"Bullet Time","floor":2},{"not_picked":["Caltrops","Underhanded Strike"],"picked":"Dagger Spray","floor":6},{"not_picked":["Tactician","Finisher"],"picked":"Backflip","floor":7},{"not_picked":["Blade Dance","Leg Sweep"],"picked":"Cloak And Dagger","floor":8},{"not_picked":["Terror","Quick Slash"],"picked":"Escape Plan","floor":11},{"not_picked":["Heel Hook","Setup"],"picked":"Noxious Fumes","floor":13},{"not_picked":["Distraction","Bane"],"picked":"Dodge and Roll","floor":14},{"not_picked":["Phantasmal Killer","Die Die Die"],"picked":"Envenom","floor":16},{"not_picked":["Blade Dance","Leg Sweep"],"picked":"Cloak And Dagger","floor":18},{"not_picked":["Outmaneuver","Accuracy"],"picked":"Dodge and Roll","floor":19},{"not_picked":["Blade Dance","Flying Knee","Predator"],"picked":"SKIP","floor":22}],"player_experience":647065,"relics_obtained":[{"floor":6,"key":"Shuriken"},{"floor":8,"key":"War Paint"},{"floor":9,"key":"Pen Nib"},{"floor":11,"key":"MawBank"},{"floor":14,"key":"Shovel"}],"event_choices":[{"damage_healed":0,"gold_gain":0,"player_choice":"Success","damage_taken":3,"relics_obtained":["Happy Flower"],"max_hp_gain":0,"max_hp_loss":0,"event_name":"Scrap Ooze","floor":4,"gold_loss":0},{"damage_healed":17,"gold_gain":0,"player_choice":"Healed","damage_taken":0,"max_hp_gain":0,"max_hp_loss":0,"event_name":"The Cleric","floor":10,"gold_loss":35},{"damage_healed":0,"gold_gain":0,"player_choice":"Ignored","damage_taken":0,"max_hp_gain":0,"max_hp_loss":0,"event_name":"Liars Game","floor":12,"gold_loss":0},{"damage_healed":0,"gold_gain":100,"player_choice":"Bet on Murderer","damage_taken":0,"max_hp_gain":0,"max_hp_loss":0,"event_name":"The Joust","floor":20,"gold_loss":50}],"is_beta":false,"boss_relics":[{"not_picked":["Empty Cage","Busted Crown"],"picked":"Tiny House"}],"items_purged_floors":[21],"is_endless":false,"potions_floor_spawned":[6,8,13,14,18],"killed_by":"Gremlin Leader","ascension_level":11}