{"gold_per_floor":[115,115,132,132,76,76,110,110,137,102,135,163,206,229,229,320,320,335,335,260,117,130,130,174,132,132,132,47,67,67,87,87,87],"floor_reached":33,"playtime":1403,"items_purged":[],"score":502,"play_id":"0ce2ef84-9424-48b5-8784-237d32b7e2ad","local_time":"20190227235705","is_ascension_mode":true,"campfire_choices":[{"data":"Iron Wave","floor":6,"key":"SMITH"},{"floor":8,"key":"REST"},{"floor":15,"key":"REST"},{"data":"Shrug It Off","floor":23,"key":"SMITH"},{"floor":27,"key":"REST"},{"floor":32,"key":"REST"}],"neow_cost":"NONE","seed_source_timestamp":166264593299200,"circlet_count":0,"master_deck":["AscendersBane","Strike_R","Strike_R","Strike_R","Defend_R","Defend_R","Defend_R","Defend_R","Bash","Double Tap+1","Evolve","Iron Wave+1","Shrug It Off+1","Armaments+1","Uppercut+1","Body Slam+1","Infernal Blade+1","Offering+1","Feed+1","Shockwave+1","Flex+1","Infernal Blade+1","Warcry+1","Wild Strike+1","Reckless Charge+1","True Grit+1"],"relics":["Burning Blood","Golden Idol","Toxic Egg 2","Blood Vial","Molten Egg 2","Odd Mushroom","Meat on the Bone","Lizard Tail","Omamori","Question Card","Smiling Mask"],"potions_floor_usage":[13,13,22,24],"damage_taken":[{"damage":15,"enemies":"Small Slimes","floor":1,"turns":5},{"damage":0,"enemies":"Cultist","floor":3,"turns":2},{"damage":49,"enemies":"Lagavulin","floor":7,"turns":8},{"damage":24,"enemies":"3 Sentries","floor":11,"turns":10},{"damage":39,"enemies":"The Mushroom Lair","floor":12,"turns":6},{"damage":13,"enemies":"Gremlin Nob","floor":13,"turns":3},{"damage":2,"enemies":"2 Louse","floor":14,"turns":2},{"damage":24,"enemies":"The Guardian","floor":16,"turns":14},{"damage":8,"enemies":"Shell Parasite","floor":18,"turns":7},{"damage":25,"enemies":"3 Byrds","floor":22,"turns":5},{"damage":54,"enemies":"Gremlin Leader","floor":24,"turns":7},{"damage":31,"enemies":"Snake Plant","floor":29,"turns":4},{"damage":33,"enemies":"Chosen and Byrds","floor":31,"turns":5},{"damage":100,"enemies":"Collector","floor":33,"turns":11}],"seed_played":"-2525570672695516772","potions_obtained":[{"floor":1,"key":"FearPotion"},{"floor":3,"key":"PowerPotion"},{"floor":14,"key":"Weak Potion"},{"floor":22,"key":"Fruit Juice"}],"is_trial":false,"path_per_floor":["M","?","M","?","$","R","E","R","T","?","E","?","E","M","R","B",null,"M","?","?","$","M","R","E","$","T","R","?","M","?","M","R","B"],"character_chosen":"IRONCLAD","items_purchased":["Shrug It Off","Flex+1","Infernal Blade+1","Reckless Charge+1"],"campfire_rested":4,"item_purchase_floors":[5,21,21,25],"current_hp_per_floor":[59,59,65,65,65,65,22,42,42,59,43,12,7,25,45,41,61,65,65,65,65,57,57,23,23,23,47,47,36,36,23,47,0],"gold":87,"neow_bonus":"ONE_RANDOM_RARE_CARD","is_prod":false,"is_daily":false,"chose_seed":false,"campfire_upgraded":2,"win_rate":0,"timestamp":1551329825,"path_taken":["M","?","?","?","?","R","E","R","T","?","E","?","E","M","R","BOSS","M","?","?","$","M","R","E","$","T","R","?","M","?","?","R","BOSS"],"build_version":"2019-02-06","purchased_purges":0,"victory":false,"max_hp_per_floor":[75,75,75,68,68,68,68,68,68,68,68,68,68,68,68,68,68,72,72,72,72,81,81,81,81,81,81,81,81,81,81,81,81],"card_choices":[{"not_picked":["True Grit","Seeing Red"],"picked":"Evolve","floor":1},{"not_picked":["Rage","Headbutt"],"picked":"Iron Wave","floor":3},{"not_picked":["Spot Weakness","Reckless Charge"],"picked":"Armaments","floor":7},{"not_picked":["Sword Boomerang","Warcry+1"],"picked":"Uppercut","floor":11},{"not_picked":["Cleave+1","Perfected Strike+1"],"picked":"Body Slam+1","floor":12},{"not_picked":["Battle Trance+1","Blood for Blood+1"],"picked":"Infernal Blade+1","floor":13},{"not_picked":["Flex+1","Feel No Pain"],"picked":"Offering+1","floor":14},{"not_picked":["Fiend Fire+1","Double Tap+1"],"picked":"Feed+1","floor":16},{"not_picked":["Wild Strike+1","Warcry+1"],"picked":"Shockwave+1","floor":18},{"not_picked":["Headbutt+1","Searing Blow+1"],"picked":"Warcry+1","floor":22},{"not_picked":["Havoc+1","Second Wind+1"],"picked":"Wild Strike+1","floor":24},{"not_picked":["Pommel Strike+1","Perfected Strike+1","Sword Boomerang+1"],"picked":"True Grit+1","floor":29},{"not_picked":["Anger+1","Twin Strike+1","Headbutt+1","Uppercut+1"],"picked":"SKIP","floor":31}],"player_experience":617197,"relics_obtained":[{"floor":7,"key":"Toxic Egg 2"},{"floor":9,"key":"Blood Vial"},{"floor":11,"key":"Molten Egg 2"},{"floor":12,"key":"Odd Mushroom"},{"floor":13,"key":"Meat on the Bone"},{"floor":24,"key":"Omamori"},{"floor":26,"key":"Question Card"}],"event_choices":[{"damage_healed":0,"gold_gain":0,"player_choice":"Upgraded","damage_taken":0,"max_hp_gain":0,"max_hp_loss":0,"event_name":"Upgrade Shrine","floor":2,"gold_loss":0,"cards_upgraded":["Double Tap"]},{"damage_healed":0,"gold_gain":0,"player_choice":"Lose Max HP","damage_taken":0,"relics_obtained":["Golden Idol"],"max_hp_gain":0,"max_hp_loss":7,"event_name":"Golden Idol","floor":4,"gold_loss":0},{"damage_healed":17,"gold_gain":0,"player_choice":"Healed","damage_taken":0,"max_hp_gain":0,"max_hp_loss":0,"event_name":"The Cleric","floor":10,"gold_loss":35},{"damage_healed":0,"gold_gain":0,"player_choice":"Fought Mushrooms","damage_taken":0,"max_hp_gain":0,"max_hp_loss":0,"event_name":"Mushrooms","floor":12,"gold_loss":0},{"damage_healed":0,"gold_gain":0,"player_choice":"Ignored","damage_taken":0,"max_hp_gain":0,"max_hp_loss":0,"event_name":"Ghosts","floor":19,"gold_loss":0},{"cards_removed":["Strike_R"],"damage_healed":0,"gold_gain":0,"player_choice":"Gave Gold","damage_taken":0,"max_hp_gain":0,"max_hp_loss":0,"event_name":"Beggar","floor":20,"gold_loss":75},{"damage_healed":0,"gold_gain":0,"player_choice":"Obtained Relic","damage_taken":0,"relics_obtained":["Smiling Mask"],"max_hp_gain":0,"max_hp_loss":0,"event_name":"Addict","floor":28,"gold_loss":85},{"cards_removed":["Strike_R"],"damage_healed":0,"gold_gain":0,"player_choice":"Purged","damage_taken":0,"max_hp_gain":0,"max_hp_loss":0,"event_name":"Purifier","floor":30,"gold_loss":0}],"is_beta":true,"boss_relics":[{"not_picked":["Calling Bell","Eternal Feather"],"picked":"Lizard Tail"}],"items_purged_floors":[],"is_endless":false,"potions_floor_spawned":[1,3,14,22],"killed_by":"Collector","ascension_level":16}