{"gold_per_floor":[219,234,252,272,272,272,347,365,365,365,383,401,401,411,411,489,489,505,505],"floor_reached":19,"playtime":824,"items_purged":[],"score":513,"play_id":"d6544366-91fe-4725-9e97-4574347e16ee","local_time":"20190311225510","is_ascension_mode":true,"campfire_choices":[{"data":"Neutralize","floor":6,"key":"SMITH"},{"floor":10,"key":"REST"},{"floor":15,"key":"REST"}],"neow_cost":"NONE","seed_source_timestamp":0,"circlet_count":0,"master_deck":["AscendersBane","Defend_G","Defend_G","Defend_G","Defend_G","Defend_G","Strike_G","Strike_G","Strike_G","Strike_G","Strike_G","Survivor","Neutralize+1","Cloak And Dagger","Well Laid Plans","Blade Dance","Dash","Sucker Punch","Parasite","Poisoned Stab","Adrenaline","Caltrops+1"],"special_seed":0,"relics":["Ring of the Snake","Singing Bowl","Cursed Key"],"potions_floor_usage":[14,16,16,18],"damage_taken":[{"damage":2,"enemies":"2 Louse","floor":1,"turns":4},{"damage":1,"enemies":"Jaw Worm","floor":2,"turns":7},{"damage":2,"enemies":"Cultist","floor":3,"turns":5},{"damage":8,"enemies":"Blue Slaver","floor":4,"turns":6},{"damage":34,"enemies":"Exordium Thugs","floor":8,"turns":9},{"damage":2,"enemies":"Looter","floor":11,"turns":4},{"damage":5,"enemies":"Exordium Wildlife","floor":12,"turns":4},{"damage":4,"enemies":"3 Louse","floor":14,"turns":4},{"damage":36,"enemies":"Slime Boss","floor":16,"turns":9},{"damage":32,"enemies":"3 Byrds","floor":18,"turns":6},{"damage":21,"enemies":"Chosen","floor":19,"turns":5}],"seed_played":"2743131311617389487","potions_obtained":[{"floor":1,"key":"Dexterity Potion"},{"floor":8,"key":"SteroidPotion"},{"floor":14,"key":"FearPotion"},{"floor":16,"key":"PowerPotion"}],"is_trial":false,"path_per_floor":["M","M","M","M","?","R","?","M","T","R","M","M","?","M","R","B",null,"M","M"],"character_chosen":"THE_SILENT","items_purchased":[],"campfire_rested":2,"item_purchase_floors":[],"current_hp_per_floor":[57,56,54,46,46,46,35,1,1,20,18,13,29,25,44,8,52,20,0],"gold":505,"neow_bonus":"HUNDRED_GOLD","is_prod":false,"is_daily":false,"chose_seed":false,"campfire_upgraded":1,"win_rate":0,"timestamp":1552341310,"path_taken":["M","M","M","M","?","R","?","M","T","R","M","M","?","M","R","BOSS","M","M"],"build_version":"2019-01-23","purchased_purges":0,"victory":false,"max_hp_per_floor":[66,66,66,66,66,66,66,66,66,66,66,66,66,66,66,66,66,66,66],"card_choices":[{"not_picked":["Prepared","Backflip","Dagger Throw"],"picked":"SKIP","floor":1},{"not_picked":["Caltrops","Deflect"],"picked":"Cloak And Dagger","floor":2},{"not_picked":["Grand Finale","Acrobatics","Bane"],"picked":"SKIP","floor":3},{"not_picked":["Eviscerate","Distraction"],"picked":"Well Laid Plans","floor":4},{"not_picked":["All Out Attack","Prepared"],"picked":"Blade Dance","floor":8},{"not_picked":["Flying Knee","Bane"],"picked":"Dash","floor":11},{"not_picked":["Deflect","Quick Slash"],"picked":"Sucker Punch","floor":12},{"not_picked":["Flechettes","Acrobatics"],"picked":"Poisoned Stab","floor":14},{"not_picked":["Venomology","Phantasmal Killer"],"picked":"Adrenaline","floor":16},{"not_picked":["PiercingWail","Underhanded Strike"],"picked":"Caltrops+1","floor":18}],"player_experience":972680,"relics_obtained":[{"floor":9,"key":"Singing Bowl"}],"event_choices":[{"damage_healed":0,"gold_gain":0,"player_choice":"Ignored","damage_taken":0,"max_hp_gain":0,"max_hp_loss":0,"event_name":"Liars Game","floor":5,"gold_loss":0},{"damage_healed":0,"gold_gain":75,"player_choice":"Gather Gold","damage_taken":11,"max_hp_gain":0,"max_hp_loss":0,"event_name":"World of Goop","floor":7,"gold_loss":0},{"damage_healed":16,"gold_gain":0,"player_choice":"Healed and dodged fight","damage_taken":0,"max_hp_gain":0,"max_hp_loss":0,"event_name":"Mushrooms","floor":13,"gold_loss":0,"cards_obtained":["Parasite"]}],"is_beta":false,"boss_relics":[{"not_picked":["Pandora\u0027s Box","HoveringKite"],"picked":"Cursed Key"}],"items_purged_floors":[],"is_endless":false,"potions_floor_spawned":[1,8,14,16],"killed_by":"Chosen","ascension_level":19}