{"gold_per_floor":[109,126,126,126,51,80,80,255,255,266,266,284,234,282,282,382,382,392,307,257,268,21,21,33,48,72,0,0,12,12],"floor_reached":30,"playtime":1524,"items_purged":["Strike_G"],"score":228,"play_id":"74798040-6ec2-4d03-8286-d53f735fdc90","local_time":"20190223221605","is_ascension_mode":false,"campfire_choices":[{"floor":7,"key":"REST"},{"data":"Deadly Poison","floor":11,"key":"SMITH"},{"data":"Dodge and Roll","floor":15,"key":"SMITH"},{"floor":23,"key":"REST"}],"neow_cost":"NONE","seed_source_timestamp":783731993207815,"circlet_count":0,"master_deck":["Defend_G+1","Defend_G","Defend_G+1","Defend_G","Strike_G","Strike_G","Survivor+1","Neutralize","Impatience","Deadly Poison+1","Dodge and Roll+1","Doubt","Dodge and Roll+1","Backstab","Envenom","Storm of Steel+1","Choke+1","Envenom+1","Bouncing Flask+1","Backstab","Finesse","Crippling Poison+1"],"relics":["Ring of the Snake","WingedGreaves","War Paint","Snake Skull","Astrolabe","Bronze Scales","Oddly Smooth Stone","Juzu Bracelet"],"potions_floor_usage":[24,29],"damage_taken":[{"damage":5,"enemies":"Small Slimes","floor":1,"turns":4},{"damage":0,"enemies":"Jaw Worm","floor":2,"turns":4},{"damage":43,"enemies":"3 Sentries","floor":6,"turns":14},{"damage":0,"enemies":"2 Louse","floor":10,"turns":3},{"damage":8,"enemies":"Large Slime","floor":12,"turns":10},{"damage":11,"enemies":"Hexaghost","floor":16,"turns":12},{"damage":19,"enemies":"3 Byrds","floor":18,"turns":8},{"damage":39,"enemies":"2 Thieves","floor":21,"turns":4},{"damage":10,"enemies":"Snecko","floor":24,"turns":4},{"damage":28,"enemies":"Snake Plant","floor":25,"turns":3},{"damage":0,"enemies":"Centurion and Healer","floor":29,"turns":8},{"damage":3,"enemies":"Colosseum Slavers","floor":30,"turns":1}],"seed_played":"-918939250073899076","potions_obtained":[{"floor":1,"key":"SteroidPotion"},{"floor":16,"key":"SteroidPotion"},{"floor":21,"key":"SkillPotion"},{"floor":24,"key":"PowerPotion"}],"is_trial":false,"path_per_floor":["M","M","?","?","$","E","R","?","T","M","R","M","?","T","R","B",null,"M","?","?","M","$","R","M","M","T","?","$","M","?"],"character_chosen":"THE_SILENT","items_purchased":["Oddly Smooth Stone","Finesse"],"campfire_rested":2,"item_purchase_floors":[22,22],"current_hp_per_floor":[65,65,51,56,56,13,35,35,35,35,35,27,27,27,27,16,75,56,56,56,17,17,39,29,1,1,1,1,1,0],"gold":12,"neow_bonus":"RANDOM_COLORLESS","is_prod":false,"is_daily":false,"chose_seed":false,"campfire_upgraded":2,"win_rate":0,"timestamp":1550978165,"path_taken":["M","M","?","?","$","E","R","?","T","M","R","M","?","?","R","BOSS","M","?","?","M","$","R","?","M","T","?","?","M","?"],"build_version":"2019-01-23","purchased_purges":1,"victory":false,"max_hp_per_floor":[70,70,70,75,75,75,75,75,75,75,75,75,75,75,75,75,75,75,75,75,75,75,75,75,75,75,75,75,75,75],"card_choices":[{"not_picked":["Flechettes","Dodge and Roll"],"picked":"Deadly Poison","floor":1},{"not_picked":["Sucker Punch","Masterful Stab","All Out Attack"],"picked":"SKIP","floor":2},{"not_picked":["Sucker Punch","Blade Dance"],"picked":"Dodge and Roll","floor":6},{"not_picked":["Caltrops","Storm of Steel"],"picked":"Dodge and Roll","floor":10},{"not_picked":["Backflip","Caltrops"],"picked":"Backstab","floor":12},{"not_picked":["Unload","After Image"],"picked":"Envenom","floor":16},{"not_picked":["Prepared+1","Escape Plan"],"picked":"Bouncing Flask+1","floor":18},{"not_picked":["Dagger Spray","Reflex+1"],"picked":"Backstab","floor":21},{"not_picked":["Cloak And Dagger","Slice"],"picked":"Crippling Poison+1","floor":24},{"not_picked":["Infinite Blades","Slice","Cloak And Dagger"],"picked":"SKIP","floor":25},{"not_picked":["Bane","Slice","Outmaneuver"],"picked":"SKIP","floor":29}],"player_experience":1090382,"relics_obtained":[{"floor":6,"key":"WingedGreaves"},{"floor":9,"key":"War Paint"},{"floor":14,"key":"Snake Skull"},{"floor":26,"key":"Juzu Bracelet"}],"event_choices":[{"damage_healed":0,"gold_gain":0,"player_choice":"Entered Light","damage_taken":14,"max_hp_gain":0,"max_hp_loss":0,"event_name":"Shining Light","floor":3,"gold_loss":0,"cards_upgraded":["Defend_G","Survivor"]},{"damage_healed":0,"gold_gain":0,"player_choice":"Donut","damage_taken":0,"max_hp_gain":5,"max_hp_loss":0,"event_name":"Big Fish","floor":4,"gold_loss":0},{"damage_healed":0,"gold_gain":175,"player_choice":"AGREE","damage_taken":0,"max_hp_gain":0,"max_hp_loss":0,"event_name":"Liars Game","floor":8,"gold_loss":0,"cards_obtained":["Doubt"]},{"damage_healed":0,"gold_gain":0,"player_choice":"Left Gold","damage_taken":0,"max_hp_gain":0,"max_hp_loss":0,"event_name":"World of Goop","floor":13,"gold_loss":50},{"damage_healed":0,"gold_gain":0,"player_choice":"Obtained Relic","damage_taken":0,"relics_obtained":["Bronze Scales"],"max_hp_gain":0,"max_hp_loss":0,"event_name":"Addict","floor":19,"gold_loss":85},{"damage_healed":0,"gold_gain":0,"player_choice":"Bet on Murderer","damage_taken":0,"max_hp_gain":0,"max_hp_loss":0,"event_name":"The Joust","floor":20,"gold_loss":50},{"damage_healed":0,"gold_gain":0,"player_choice":"Paid Fearfully","damage_taken":0,"max_hp_gain":0,"max_hp_loss":0,"event_name":"Masked Bandits","floor":27,"gold_loss":72},{"damage_healed":0,"gold_gain":0,"player_choice":"Fight","damage_taken":0,"max_hp_gain":0,"max_hp_loss":0,"event_name":"Colosseum","floor":30,"gold_loss":0}],"is_beta":false,"boss_relics":[{"not_picked":["Tiny House","Fusion Hammer"],"picked":"Astrolabe"}],"items_purged_floors":[5],"is_endless":false,"potions_floor_spawned":[1,16,21,24],"killed_by":"Colosseum Slavers","ascension_level":0}