{"gold_per_floor":[119,119,40,56,68,97,109,139,139,158,333,352,352,352,352,454,454,469,384,354,96,112,112],"floor_reached":23,"playtime":1523,"items_purged":["Doubt"],"score":201,"play_id":"6209cd6b-7783-4f37-88b0-efa70e197bab","local_time":"20190307222436","is_ascension_mode":false,"campfire_choices":[{"floor":13,"key":"REST"},{"floor":15,"key":"REST"}],"neow_cost":"NONE","seed_source_timestamp":936490276880226,"circlet_count":0,"master_deck":["Strike_B","Strike_B","Strike_B","Defend_B","Defend_B","Defend_B","Defend_B","Zap+1","Dualcast","Turbo","Capacitor","Turbo","BootSequence","Ball Lightning","Creative AI","Static Discharge","Conserve Battery","Beam Cell","Amplify","Steam Power+1","Loop","Self Repair+1"],"relics":["Cracked Core","FossilizedHelix","Mummified Hand","Matryoshka","Inserter","Darkstone Periapt","Bag of Marbles"],"potions_floor_usage":[6,8,8,16,22,23],"damage_taken":[{"damage":0,"enemies":"Small Slimes","floor":1,"turns":3},{"damage":0,"enemies":"2 Louse","floor":4,"turns":4},{"damage":3,"enemies":"Jaw Worm","floor":5,"turns":4},{"damage":39,"enemies":"Lagavulin","floor":6,"turns":7},{"damage":0,"enemies":"3 Louse","floor":7,"turns":4},{"damage":5,"enemies":"Gremlin Nob","floor":8,"turns":4},{"damage":8,"enemies":"Red Slaver","floor":10,"turns":3},{"damage":0,"enemies":"Gremlin Gang","floor":12,"turns":5},{"damage":43,"enemies":"Hexaghost","floor":16,"turns":12},{"damage":22,"enemies":"3 Byrds","floor":18,"turns":5},{"damage":39,"enemies":"Shell Parasite","floor":22,"turns":9},{"damage":30,"enemies":"Snecko","floor":23,"turns":6}],"seed_played":"-2015570267629573402","potions_obtained":[{"floor":4,"key":"FocusPotion"},{"floor":5,"key":"PowerPotion"},{"floor":6,"key":"PowerPotion"},{"floor":7,"key":"EssenceOfSteel"},{"floor":16,"key":"SkillPotion"},{"floor":20,"key":"SneckoOil"},{"floor":20,"key":"Regen Potion"},{"floor":22,"key":"Explosive Potion"}],"is_trial":false,"path_per_floor":["M","?","$","M","M","E","M","E","T","M","?","M","R","?","R","B",null,"M","?","?","$","M","M"],"character_chosen":"DEFECT","items_purchased":["Capacitor","Bag of Marbles","Loop"],"campfire_rested":2,"item_purchase_floors":[3,21,21],"current_hp_per_floor":[75,68,68,68,65,26,26,21,21,13,13,13,35,35,57,14,75,53,53,53,53,28,0],"gold":112,"neow_bonus":"UPGRADE_CARD","is_prod":false,"is_daily":false,"chose_seed":false,"campfire_upgraded":0,"win_rate":0,"timestamp":1552008276,"path_taken":["M","?","$","M","M","E","M","E","T","M","?","M","R","?","R","BOSS","M","?","?","$","M","M"],"build_version":"2019-01-23","purchased_purges":1,"victory":false,"max_hp_per_floor":[75,75,75,75,75,75,75,75,75,75,75,75,75,75,75,75,75,75,75,75,75,75,75],"card_choices":[{"not_picked":["Sweeping Beam","Coolheaded"],"picked":"Turbo","floor":1},{"not_picked":["Double Energy","Compile Driver"],"picked":"Turbo","floor":4},{"not_picked":["Lockon","Steam"],"picked":"BootSequence","floor":5},{"not_picked":["Hyperbeam","Reinforced Body"],"picked":"Aggregate","floor":6},{"not_picked":["Loop","Chill"],"picked":"Ball Lightning","floor":7},{"not_picked":["Rip and Tear","Barrage"],"picked":"Creative AI","floor":8},{"not_picked":["Beam Cell","Ball Lightning"],"picked":"Static Discharge","floor":10},{"not_picked":["Hologram","Coolheaded"],"picked":"Conserve Battery","floor":12},{"not_picked":["Core Surge","Hyperbeam"],"picked":"Amplify","floor":16},{"not_picked":["Coolheaded","FTL+1"],"picked":"Steam Power+1","floor":18},{"not_picked":["Coolheaded","Loop"],"picked":"Self Repair+1","floor":22}],"player_experience":31526,"relics_obtained":[{"floor":6,"key":"FossilizedHelix"},{"floor":8,"key":"Mummified Hand"},{"floor":9,"key":"Matryoshka"}],"event_choices":[{"cards_removed":["Strike_B"],"damage_healed":0,"gold_gain":0,"player_choice":"Card Removal","damage_taken":7,"max_hp_gain":0,"max_hp_loss":0,"event_name":"Golden Wing","floor":2,"gold_loss":0},{"damage_healed":0,"gold_gain":175,"player_choice":"AGREE","damage_taken":0,"max_hp_gain":0,"max_hp_loss":0,"event_name":"Liars Game","floor":11,"gold_loss":0,"cards_obtained":["Doubt"]},{"damage_healed":0,"gold_gain":0,"cards_transformed":["Aggregate"],"player_choice":"Change","damage_taken":0,"max_hp_gain":0,"max_hp_loss":0,"event_name":"Living Wall","floor":14,"gold_loss":0,"cards_obtained":["Beam Cell"]},{"damage_healed":0,"gold_gain":0,"player_choice":"Obtained Relic","damage_taken":0,"relics_obtained":["Darkstone Periapt"],"max_hp_gain":0,"max_hp_loss":0,"event_name":"Addict","floor":19,"gold_loss":85},{"damage_healed":0,"gold_gain":0,"player_choice":"Bought 2 Potions","damage_taken":0,"max_hp_gain":0,"max_hp_loss":0,"event_name":"The Woman in Blue","floor":20,"gold_loss":0}],"is_beta":false,"boss_relics":[{"not_picked":["Velvet Choker","FrozenCore"],"picked":"Inserter"}],"items_purged_floors":[21],"is_endless":false,"potions_floor_spawned":[4,5,6,7,16,22],"killed_by":"Snecko","ascension_level":0}