{"gold_per_floor":[10,28,28,38,113,143,158,183,183,183,210,160,195,215,215,310,310,320,126,137,52,62,93,93,107,107,140,195,195,230,30,30,130,130,144,157,379,390,390,418,418,429,429,429,79,106,126,126,126,126,126,126,126,161,161],"floor_reached":56,"playtime":2683,"items_purged":[],"score":1492,"play_id":"9a0725a6-35c6-4e1a-9ee6-dd63aaf096d2","local_time":"20190118162640","is_ascension_mode":true,"campfire_choices":[{"data":"Corruption","floor":10,"key":"SMITH"},{"data":"Seeing Red","floor":15,"key":"SMITH"},{"floor":24,"key":"RECALL"},{"data":"Sentinel","floor":29,"key":"SMITH"},{"data":"Offering","floor":32,"key":"SMITH"},{"data":"Madness","floor":41,"key":"SMITH"},{"data":"Offering","floor":44,"key":"SMITH"},{"data":"Havoc","floor":49,"key":"SMITH"},{"data":"Inflame","floor":52,"key":"SMITH"}],"neow_cost":"NO_GOLD","seed_source_timestamp":168113980840847,"circlet_count":0,"master_deck":["Strike_R","Strike_R+1","Strike_R","Strike_R","Defend_R","Defend_R","Defend_R","Defend_R","Bash","Immolate+1","Corruption+1","Body Slam+1","Seeing Red+1","Impervious","Sentinel+1","Whirlwind+1","Uppercut+1","Inflame+1","Disarm","Body Slam+1","Offering+1","Entrench","Corruption+1","Offering+1","Sentinel+1","Madness+1","True Grit+1","Havoc+1","Battle Trance","Disarm+1"],"special_seed":0,"relics":["Burning Blood","Dead Branch","Blue Candle","Bottled Flame","Molten Egg 2","Whetstone","Regal Pillow","Odd Mushroom","Snecko Eye","Happy Flower","Oddly Smooth Stone","Red Mask","Tiny Chest","Pantograph","DollysMirror","Philosopher\u0027s Stone","Centennial Puzzle","Frozen Egg 2","Unceasing Top","Juzu Bracelet","Bag of Preparation"],"potions_floor_usage":[6,8,16,33,50,55,55],"damage_taken":[{"damage":0.0,"enemies":"Small Slimes","floor":1.0,"turns":2.0},{"damage":7.0,"enemies":"2 Louse","floor":2.0,"turns":2.0},{"damage":1.0,"enemies":"Cultist","floor":4.0,"turns":3.0},{"damage":17,"enemies":"3 Sentries","floor":6,"turns":5},{"damage":0,"enemies":"2 Fungi Beasts","floor":7,"turns":2},{"damage":14,"enemies":"Gremlin Nob","floor":8,"turns":3},{"damage":17,"enemies":"3 Sentries","floor":11,"turns":5},{"damage":23,"enemies":"Lagavulin","floor":13,"turns":6},{"damage":0,"enemies":"The Mushroom Lair","floor":14,"turns":1},{"damage":13,"enemies":"Hexaghost","floor":16,"turns":3},{"damage":5,"enemies":"2 Thieves","floor":18,"turns":2},{"damage":3,"enemies":"Shell Parasite","floor":20,"turns":2},{"damage":9,"enemies":"Snake Plant","floor":22,"turns":3},{"damage":2,"enemies":"Book of Stabbing","floor":23,"turns":3},{"damage":4,"enemies":"Chosen and Byrds","floor":25,"turns":3},{"damage":0,"enemies":"Masked Bandits","floor":27,"turns":2},{"damage":0,"enemies":"Slavers","floor":28,"turns":2},{"damage":0,"enemies":"Gremlin Leader","floor":30,"turns":3},{"damage":58,"enemies":"Champ","floor":33,"turns":10},{"damage":0,"enemies":"3 Shapes","floor":35,"turns":2},{"damage":6,"enemies":"Orb Walker","floor":36,"turns":2},{"damage":12,"enemies":"Maw","floor":38,"turns":3},{"damage":6,"enemies":"Reptomancer","floor":40,"turns":1},{"damage":6,"enemies":"3 Darklings","floor":42,"turns":3},{"damage":0,"enemies":"Sphere and 2 Shapes","floor":47,"turns":2},{"damage":28,"enemies":"Awakened One","floor":50,"turns":3},{"damage":7,"enemies":"Shield and Spear","floor":54,"turns":2},{"damage":63,"enemies":"The Heart","floor":55,"turns":9}],"seed_played":"9157027853546989248","potions_obtained":[{"floor":1.0,"key":"Energy Potion"},{"floor":2.0,"key":"Block Potion"},{"floor":7,"key":"PowerPotion"},{"floor":13,"key":"Dexterity Potion"},{"floor":16,"key":"Fire Potion"},{"floor":23,"key":"Weak Potion"},{"floor":35,"key":"AttackPotion"},{"floor":54,"key":"Energy Potion"}],"is_trial":false,"path_per_floor":["M","M","?","M","?","E","M","E","T","R","E","?","E","?","R","B",null,"M","$","M","?","M","E","R","M","T","?","E","R","E","$","R","B",null,"M","M","?","M","?","E","R","M","T","R","$","T","M","?","R","B",null,"R","$","E","B",null],"character_chosen":"IRONCLAD","items_purchased":["Whirlwind+1","Uppercut+1","Inflame","DollysMirror","Havoc","Unceasing Top"],"campfire_rested":0,"item_purchase_floors":[19,19,19,31,45,45],"current_hp_per_floor":[80,79,72,77,69,58,64,56,56,56,45,45,28,34,34,27,80,80,80,80,80,77,80,80,80,80,80,80,80,80,80,80,28,80,80,80,80,74,74,74,74,74,74,74,74,74,80,80,80,58,80,80,80,79,23],"gold":161,"neow_bonus":"THREE_RARE_CARDS","is_prod":false,"is_daily":false,"chose_seed":false,"campfire_upgraded":8,"win_rate":0,"timestamp":1547850400,"path_taken":["M","M","?","M","?","E","?","E","T","R","E","?","E","?","R","BOSS","M","$","M","?","M","E","R","M","T","?","E","R","E","?","R","BOSS","M","M","?","M","?","E","R","M","T","R","$","?","M","?","R","BOSS","R","$","E","BOSS"],"build_version":"2019-01-17v2","purchased_purges":0,"victory":true,"max_hp_per_floor":[80,80,80,80,80,80,80,80,80,80,80,80,80,80,80,80,80,80,80,80,80,80,80,80,80,80,80,80,80,80,80,80,80,80,80,80,80,80,80,80,80,80,80,80,80,80,80,80,80,80,80,80,80,80,80],"card_choices":[{"not_picked":["Berserk","Double Tap"],"picked":"Immolate","floor":0.0},{"not_picked":["Dropkick","Blood for Blood","Second Wind"],"picked":"SKIP","floor":1.0},{"not_picked":["Infernal Blade","Clash","Twin Strike"],"picked":"SKIP","floor":2.0},{"not_picked":["Hemokinesis","Clash","Havoc"],"picked":"SKIP","floor":4.0},{"not_picked":["Dual Wield","Hemokinesis","Anger"],"picked":"SKIP","floor":6},{"not_picked":["Combust","Body Slam","Clash"],"picked":"SKIP","floor":7},{"not_picked":["Flex","Twin Strike"],"picked":"Corruption","floor":8},{"not_picked":["Dual Wield","Thunderclap+1"],"picked":"Body Slam+1","floor":11},{"not_picked":["Sword Boomerang+1","Ghostly Armor","Carnage+1"],"picked":"SKIP","floor":13},{"not_picked":["Shrug It Off","Clash+1"],"picked":"Seeing Red","floor":14},{"not_picked":["Immolate+1","Feed+1"],"picked":"Impervious","floor":16},{"not_picked":["Dual Wield+1","Iron Wave+1"],"picked":"Sentinel","floor":18},{"not_picked":["Headbutt+1","Iron Wave+1","Uppercut+1"],"picked":"SKIP","floor":20},{"not_picked":["Whirlwind+1","Battle Trance"],"picked":"Disarm","floor":22},{"not_picked":["Cleave+1","Blood for Blood+1","Dropkick+1"],"picked":"SKIP","floor":23},{"not_picked":["True Grit","Searing Blow+1"],"picked":"Body Slam+1","floor":25},{"not_picked":["Limit Break","Clothesline+1"],"picked":"Offering","floor":28},{"not_picked":["Clothesline+1","Entrench","Carnage+1"],"picked":"SKIP","floor":30},{"not_picked":["Clothesline+1","Carnage+1"],"picked":"Entrench","floor":30},{"not_picked":["Berserk","Immolate+1"],"picked":"Offering","floor":33},{"not_picked":["Entrench","Flex+1"],"picked":"Sentinel+1","floor":35},{"not_picked":["Dropkick+1","Whirlwind+1","Iron Wave+1"],"picked":"SKIP","floor":36},{"not_picked":["Evolve+1","Cleave+1","Sword Boomerang+1"],"picked":"SKIP","floor":38},{"not_picked":["Bandage Up","Magnetism"],"picked":"Madness","floor":39},{"not_picked":["Thunderclap+1","Clothesline+1","Perfected Strike+1"],"picked":"SKIP","floor":40},{"not_picked":["Headbutt+1","Clash+1"],"picked":"True Grit","floor":42},{"not_picked":["Pommel Strike+1","Bloodletting"],"picked":"Battle Trance","floor":47},{"not_picked":["Spot Weakness+1","Sword Boomerang+1"],"picked":"Disarm+1","floor":54}],"player_experience":217246,"relics_obtained":[{"floor":6,"key":"Blue Candle"},{"floor":8,"key":"Bottled Flame"},{"floor":9,"key":"Molten Egg 2"},{"floor":11,"key":"Whetstone"},{"floor":13,"key":"Regal Pillow"},{"floor":14,"key":"Odd Mushroom"},{"floor":23,"key":"Oddly Smooth Stone"},{"floor":27,"key":"Red Mask"},{"floor":28,"key":"Tiny Chest"},{"floor":30,"key":"Pantograph"},{"floor":40,"key":"Centennial Puzzle"},{"floor":43,"key":"Frozen Egg 2"},{"floor":46,"key":"Juzu Bracelet"},{"floor":54,"key":"Bag of Preparation"}],"event_choices":[{"damage_healed":0.0,"max_hp_gain":0.0,"max_hp_loss":0.0,"gold_gain":0.0,"event_name":"Scrap Ooze","player_choice":"Success","floor":3.0,"gold_loss":0.0,"damage_taken":7.0,"relics_obtained":["Dead Branch"]},{"damage_healed":0,"gold_gain":75,"player_choice":"Touch","damage_taken":8,"max_hp_gain":0,"max_hp_loss":0,"event_name":"FaceTrader","floor":5,"gold_loss":0},{"cards_removed":["Strike_R"],"damage_healed":0,"gold_gain":0,"player_choice":"Card Removal","damage_taken":0,"max_hp_gain":0,"max_hp_loss":0,"event_name":"The Cleric","floor":12,"gold_loss":50},{"damage_healed":0,"gold_gain":0,"player_choice":"Fought Mushrooms","damage_taken":0,"max_hp_gain":0,"max_hp_loss":0,"event_name":"Mushrooms","floor":14,"gold_loss":0},{"damage_healed":0,"gold_gain":0,"player_choice":"Obtained Relic","damage_taken":0,"relics_obtained":["Happy Flower"],"max_hp_gain":0,"max_hp_loss":0,"event_name":"Addict","floor":21,"gold_loss":85},{"damage_healed":0,"gold_gain":0,"player_choice":"Fought Bandits","damage_taken":0,"max_hp_gain":0,"max_hp_loss":0,"event_name":"Masked Bandits","floor":27,"gold_loss":0},{"damage_healed":0,"gold_gain":222,"player_choice":"Wore Mask","damage_taken":0,"max_hp_gain":0,"max_hp_loss":0,"event_name":"Tomb of Lord Red Mask","floor":37,"gold_loss":0},{"damage_healed":0,"gold_gain":0,"player_choice":"Memory 1","damage_taken":0,"max_hp_gain":0,"max_hp_loss":0,"event_name":"SensoryStone","floor":39,"gold_loss":0},{"damage_healed":0,"gold_gain":0,"player_choice":"Upgraded","damage_taken":0,"max_hp_gain":0,"max_hp_loss":0,"event_name":"Upgrade Shrine","floor":48,"gold_loss":0,"cards_upgraded":["True Grit"]}],"is_beta":false,"boss_relics":[{"not_picked":["Velvet Choker","Astrolabe"],"picked":"Snecko Eye"},{"not_picked":["Mark of Pain","Calling Bell"],"picked":"Philosopher\u0027s Stone"}],"items_purged_floors":[],"is_endless":false,"potions_floor_spawned":[1,2,7,13,16,23,25,28,30,35,36,40,54],"ascension_level":1}