{"gold_per_floor":[118,118,141,161,161,161,200,200,225,261,261,291,120,164,164,285,285,300,155,155,155,180,180,211,211,268,268,283,304,304,322,322,443,443,462,462],"floor_reached":36,"playtime":2699,"items_purged":[],"score":463,"play_id":"3cec39ac-c680-4943-a144-389ae23ec214","local_time":"20190311145646","is_ascension_mode":true,"campfire_choices":[{"data":"Spot Weakness","floor":6,"key":"SMITH"},{"floor":8,"key":"REST"},{"data":"Feed","floor":11,"key":"SMITH"},{"floor":15,"key":"REST"},{"data":"Inflame","floor":23,"key":"SMITH"},{"floor":25,"key":"REST"},{"floor":32,"key":"REST"}],"neow_cost":"NONE","seed_source_timestamp":2316922721061099,"circlet_count":0,"master_deck":["Bash","Spot Weakness+1","Shockwave+1","Feed+1","True Grit","Metallicize","Offering","Bloodletting","Twin Strike","Inflame+1","Inflame","Evolve","Warcry","Body Slam","Body Slam","Inflame+1","Ghostly Armor+1","Ghostly Armor+1","Pommel Strike","Intimidate","Shockwave","Feed","Blood for Blood+1"],"relics":["Burning Blood","Golden Idol","Centennial Puzzle","Smiling Mask","Singing Bowl","Art of War","Happy Flower","Pandora\u0027s Box","Vajra","Shuriken","Tiny Chest","Velvet Choker"],"potions_floor_usage":[7,7,24,24,29,36],"damage_taken":[{"damage":5,"enemies":"Small Slimes","floor":1,"turns":4},{"damage":7,"enemies":"2 Louse","floor":3,"turns":3},{"damage":13,"enemies":"Jaw Worm","floor":4,"turns":5},{"damage":30,"enemies":"3 Sentries","floor":7,"turns":6},{"damage":11,"enemies":"Lagavulin","floor":10,"turns":6},{"damage":20,"enemies":"3 Sentries","floor":14,"turns":8},{"damage":75,"enemies":"Slime Boss","floor":16,"turns":14},{"damage":15,"enemies":"3 Byrds","floor":18,"turns":5},{"damage":17,"enemies":"Chosen","floor":22,"turns":5},{"damage":43,"enemies":"Slavers","floor":24,"turns":4},{"damage":14,"enemies":"Shelled Parasite and Fungi","floor":28,"turns":5},{"damage":14,"enemies":"3 Cultists","floor":29,"turns":4},{"damage":5,"enemies":"Centurion and Healer","floor":31,"turns":5},{"damage":39,"enemies":"Champ","floor":33,"turns":9},{"damage":51,"enemies":"3 Shapes","floor":35,"turns":5},{"damage":68,"enemies":"2 Orb Walkers","floor":36,"turns":4}],"seed_played":"-1753760807243926901","potions_obtained":[{"floor":1,"key":"Poison Potion"},{"floor":4,"key":"Fire Potion"},{"floor":16,"key":"Fire Potion"},{"floor":22,"key":"PowerPotion"},{"floor":28,"key":"EssenceOfSteel"},{"floor":31,"key":"Explosive Potion"},{"floor":33,"key":"Fire Potion"},{"floor":35,"key":"GamblersBrew"}],"is_trial":false,"path_per_floor":["M","?","M","M","?","R","E","R","T","E","R","?","$","E","R","B",null,"M","$","?","$","M","R","E","R","T","?","M","M","?","M","R","B",null,"M","?"],"character_chosen":"IRONCLAD","items_purchased":["Art of War","True Grit","Vajra"],"campfire_rested":4,"item_purchase_floors":[13,13,19],"current_hp_per_floor":[88,81,80,73,73,73,49,73,73,70,70,70,70,56,80,11,83,80,80,80,80,69,69,32,58,58,58,54,50,50,55,85,52,101,63,0],"gold":462,"neow_bonus":"TEN_PERCENT_HP_BONUS","is_prod":false,"is_daily":false,"chose_seed":false,"campfire_upgraded":3,"win_rate":0,"timestamp":1552330606,"path_taken":["M","?","M","M","?","R","E","R","T","E","R","?","$","E","R","BOSS","M","$","?","$","M","R","E","R","T","?","M","?","?","M","R","BOSS","M","?"],"build_version":"2019-01-23","purchased_purges":0,"victory":false,"max_hp_per_floor":[88,81,81,81,81,81,81,81,81,83,83,83,83,83,83,83,83,89,89,89,89,89,89,89,89,89,89,93,97,97,101,101,101,101,108,108],"card_choices":[{"not_picked":["Uppercut","Cleave"],"picked":"Spot Weakness","floor":1},{"not_picked":["Flex","Entrench","Hemokinesis"],"picked":"SKIP","floor":3},{"not_picked":["Wild Strike","Clothesline"],"picked":"Shockwave","floor":4},{"not_picked":["Intimidate","Seeing Red"],"picked":"Feed","floor":7},{"not_picked":["Reckless Charge","Warcry","Wild Strike"],"picked":"Singing Bowl","floor":10},{"not_picked":["Flex","Sword Boomerang"],"picked":"Metallicize","floor":14},{"not_picked":["Barricade","Immolate"],"picked":"Offering","floor":16},{"not_picked":["Body Slam","Headbutt","Feel No Pain"],"picked":"Singing Bowl","floor":18},{"not_picked":["Anger","Iron Wave"],"picked":"Inflame+1","floor":22},{"not_picked":["Brutality","Second Wind"],"picked":"Ghostly Armor+1","floor":24},{"not_picked":["Sever Soul","Perfected Strike"],"picked":"Pommel Strike","floor":28},{"not_picked":["Evolve","Carnage"],"picked":"Intimidate","floor":29},{"not_picked":["Thunderclap","Sword Boomerang"],"picked":"Shockwave","floor":31},{"not_picked":["Double Tap","Fiend Fire"],"picked":"Feed","floor":33},{"not_picked":["Battle Trance","Wild Strike"],"picked":"Blood for Blood+1","floor":35}],"player_experience":122161,"relics_obtained":[{"floor":7,"key":"Centennial Puzzle"},{"floor":9,"key":"Smiling Mask"},{"floor":10,"key":"Singing Bowl"},{"floor":14,"key":"Happy Flower"},{"floor":24,"key":"Shuriken"},{"floor":26,"key":"Tiny Chest"}],"event_choices":[{"damage_healed":0,"gold_gain":0,"player_choice":"Lose Max HP","damage_taken":0,"relics_obtained":["Golden Idol"],"max_hp_gain":0,"max_hp_loss":7,"event_name":"Golden Idol","floor":2,"gold_loss":0},{"damage_healed":0,"gold_gain":0,"player_choice":"Grow","damage_taken":0,"max_hp_gain":0,"max_hp_loss":0,"event_name":"Living Wall","floor":5,"gold_loss":0,"cards_upgraded":["Shockwave"]},{"damage_healed":0,"gold_gain":30,"player_choice":"Searched \u00271\u0027 times","damage_taken":0,"max_hp_gain":0,"max_hp_loss":0,"event_name":"Dead Adventurer","floor":12,"gold_loss":0},{"cards_removed":["Second Wind"],"damage_healed":0,"gold_gain":0,"player_choice":"Elegance","damage_taken":0,"max_hp_gain":0,"max_hp_loss":0,"event_name":"Back to Basics","floor":20,"gold_loss":0},{"damage_healed":0,"gold_gain":0,"player_choice":"Copied","damage_taken":0,"max_hp_gain":0,"max_hp_loss":0,"event_name":"Duplicator","floor":27,"gold_loss":0,"cards_obtained":["Ghostly Armor"]},{"damage_healed":0,"gold_gain":0,"player_choice":"Ignored","damage_taken":0,"max_hp_gain":0,"max_hp_loss":0,"event_name":"Ghosts","floor":30,"gold_loss":0},{"damage_healed":0,"gold_gain":0,"player_choice":"Fight","damage_taken":0,"max_hp_gain":0,"max_hp_loss":0,"event_name":"Mysterious Sphere","floor":36,"gold_loss":0}],"is_beta":false,"boss_relics":[{"not_picked":["Black Star","Philosopher\u0027s Stone"],"picked":"Pandora\u0027s Box"},{"not_picked":["Empty Cage","Fusion Hammer"],"picked":"Velvet Choker"}],"items_purged_floors":[],"is_endless":false,"potions_floor_spawned":[1,4,16,22,28,31,33,35],"killed_by":"2 Orb Walkers","ascension_level":2}