{"gold_per_floor":[360,377,188,205,205,238,248,248,298,298,38,38],"floor_reached":12,"playtime":416,"items_purged":["Strike_B","Strike_B"],"score":82,"play_id":"6c653eca-2a38-4873-a6d4-2ff8148a18e3","local_time":"20190309194954","is_ascension_mode":true,"campfire_choices":[{"data":"Strike_B","floor":8,"key":"SMITH"},{"data":"Hologram","floor":10,"key":"SMITH"}],"neow_cost":"TEN_PERCENT_HP_LOSS","seed_source_timestamp":6469662436077,"circlet_count":0,"master_deck":["Strike_B+1","Strike_B","Defend_B","Defend_B","Defend_B","Defend_B","Zap","Dualcast","Hologram+1","Redo","Defragment","Zap","Conserve Battery","Undo","Leap","Double Energy","Cold Snap","Impatience","Redo"],"relics":["Cracked Core","Matryoshka","Pantograph","Regal Pillow"],"potions_floor_usage":[],"damage_taken":[{"damage":1,"enemies":"Jaw Worm","floor":1,"turns":4},{"damage":1,"enemies":"Cultist","floor":2,"turns":3},{"damage":2,"enemies":"2 Louse","floor":4,"turns":2},{"damage":43,"enemies":"Gremlin Nob","floor":6,"turns":4},{"damage":14,"enemies":"Blue Slaver","floor":7,"turns":5},{"damage":10,"enemies":"Lots of Slimes","floor":12,"turns":4}],"seed_played":"-8903930071471095294","potions_obtained":[{"floor":2,"key":"FearPotion"},{"floor":6,"key":"Weak Potion"}],"is_trial":false,"path_per_floor":["M","M","$","M","?","E","M","R","T","R","$","M"],"character_chosen":"DEFECT","items_purchased":["Redo","Defragment","Cold Snap","Impatience","Redo"],"campfire_rested":0,"item_purchase_floors":[3,3,11,11,11],"current_hp_per_floor":[67,66,66,64,64,21,7,7,7,7,7,0],"gold":38,"neow_bonus":"TWO_FIFTY_GOLD","is_prod":false,"is_daily":false,"chose_seed":false,"campfire_upgraded":2,"win_rate":0,"timestamp":1552157394,"path_taken":["M","M","$","M","?","E","?","R","T","R","$","M"],"build_version":"2019-01-23","purchased_purges":2,"victory":false,"max_hp_per_floor":[68,68,68,68,68,68,68,68,68,68,68,68],"card_choices":[{"not_picked":["Go for the Eyes","Chaos","Compile Driver"],"picked":"SKIP","floor":1},{"not_picked":["Heatsinks","Genetic Algorithm"],"picked":"Hologram","floor":2},{"not_picked":["Force Field","Steam","Gash"],"picked":"SKIP","floor":4},{"not_picked":["Storm","Scrape"],"picked":"Leap","floor":6},{"not_picked":["Turbo","Stack"],"picked":"Double Energy","floor":7}],"player_experience":128799,"relics_obtained":[{"floor":6,"key":"Matryoshka"},{"floor":9,"key":"Pantograph"},{"floor":9,"key":"Regal Pillow"}],"event_choices":[{"damage_healed":0,"gold_gain":0,"player_choice":"3 cards matched","damage_taken":0,"max_hp_gain":0,"max_hp_loss":0,"event_name":"Match and Keep!","floor":5,"gold_loss":0,"cards_obtained":["Zap","Conserve Battery","Undo"]}],"is_beta":false,"boss_relics":[],"items_purged_floors":[3,11],"is_endless":false,"potions_floor_spawned":[2,6],"killed_by":"Lots of Slimes","ascension_level":1}