{"gold_per_floor":[118,118,134,134,150,175,188,188,188,41,41,112,112,112,112,236,236,257,280,280,303,319,319,319,340,363,363,363,403,403,421,421,546,546,564,588,688,707,707],"floor_reached":39,"playtime":1901,"items_purged":[],"score":568,"play_id":"85583506-e4f6-4cdd-bc8d-58640af5faad","local_time":"20190127091109","is_ascension_mode":true,"campfire_choices":[{"floor":8.0,"key":"REST"},{"floor":13.0,"key":"REST"},{"floor":15.0,"key":"REST"},{"floor":24.0,"key":"REST"},{"floor":27.0,"key":"REST"},{"floor":32.0,"key":"REST"}],"neow_cost":"NONE","seed_source_timestamp":0,"circlet_count":0,"master_deck":["Strike_B","Strike_B","Strike_B","Defend_B","Defend_B","Defend_B","Defend_B","Zap","Dualcast","Conserve Battery","Rainbow+1","Defragment","Steam Power+1","Tempest+1","Conserve Battery+1","Leap+1","Electrodynamics","Sunder+1","Leap+1","Capacitor","Hologram+1","Rebound+1","Cold Snap+1","Redo+1","Creative AI","Chill+1","Conserve Battery+1","Stack+1"],"special_seed":0,"relics":["Cracked Core","Orichalcum","Toxic Egg 2","Molten Egg 2","Gremlin Horn","Ancient Tea Set","Golden Idol","Peace Pipe","Calipers","White Beast Statue","PreservedInsect","Centennial Puzzle","Potion Belt","Runic Pyramid"],"potions_floor_usage":[33,33,35,38,39,39,39],"damage_taken":[{"damage":7.0,"enemies":"Jaw Worm","floor":1.0,"turns":3.0},{"damage":1.0,"enemies":"2 Louse","floor":3.0,"turns":3.0},{"damage":7.0,"enemies":"Small Slimes","floor":5.0,"turns":2.0},{"damage":11.0,"enemies":"3 Sentries","floor":6.0,"turns":8.0},{"damage":4.0,"enemies":"2 Fungi Beasts","floor":7.0,"turns":3.0},{"damage":14.0,"enemies":"Lagavulin Event","floor":12.0,"turns":5.0},{"damage":41.0,"enemies":"Slime Boss","floor":16.0,"turns":10.0},{"damage":16.0,"enemies":"2 Thieves","floor":18.0,"turns":3.0},{"damage":0.0,"enemies":"Spheric Guardian","floor":19.0,"turns":3.0},{"damage":0.0,"enemies":"3 Cultists","floor":21.0,"turns":2.0},{"damage":4.0,"enemies":"Cultist and Chosen","floor":22.0,"turns":5.0},{"damage":0.0,"enemies":"Slavers","floor":23.0,"turns":1.0},{"damage":9.0,"enemies":"Centurion and Healer","floor":25.0,"turns":6.0},{"damage":23.0,"enemies":"Book of Stabbing","floor":29.0,"turns":6.0},{"damage":10.0,"enemies":"Snake Plant","floor":31.0,"turns":4.0},{"damage":41,"enemies":"Collector","floor":33,"turns":9},{"damage":4,"enemies":"Orb Walker","floor":35,"turns":3},{"damage":24,"enemies":"3 Darklings","floor":36,"turns":6},{"damage":32,"enemies":"Sphere and 2 Shapes","floor":38,"turns":8},{"damage":10,"enemies":"Spire Growth","floor":39,"turns":6}],"seed_played":"4905886381694359034","potions_obtained":[{"floor":6.0,"key":"Regen Potion"},{"floor":12.0,"key":"Fire Potion"},{"floor":18.0,"key":"SmokeBomb"},{"floor":19.0,"key":"FocusPotion"},{"floor":21.0,"key":"LiquidBronze"},{"floor":22.0,"key":"Ancient Potion"},{"floor":25.0,"key":"Explosive Potion"},{"floor":29.0,"key":"Fire Potion"},{"floor":31.0,"key":"Fire Potion"},{"floor":33,"key":"AttackPotion"},{"floor":35,"key":"PowerPotion"},{"floor":36,"key":"Explosive Potion"},{"floor":38,"key":"SpeedPotion"}],"is_trial":false,"path_per_floor":["M","?","M","?","M","E","M","R","T","$","?","?","R","T","R","B",null,"M","M","?","M","M","E","R","M","T","R","?","E","?","M","R","B",null,"M","M","?","M","M"],"character_chosen":"DEFECT","items_purchased":["Ancient Tea Set"],"campfire_rested":6,"item_purchase_floors":[10],"current_hp_per_floor":[61,54,53,53,46,35,40,62,62,62,44,30,52,52,74,33,65,49,49,46,46,42,42,64,55,55,75,75,52,52,42,64,23,62,58,34,34,2,0],"gold":707,"neow_bonus":"RANDOM_COMMON_RELIC","is_prod":false,"is_daily":false,"chose_seed":false,"campfire_upgraded":0,"win_rate":0,"timestamp":1548616269,"path_taken":["M","?","M","?","M","E","M","R","T","$","?","?","R","?","R","BOSS","M","M","?","M","?","E","R","M","T","R","?","E","?","M","R","BOSS","M","M","?","?","M"],"build_version":"2019-01-23","purchased_purges":0,"victory":false,"max_hp_per_floor":[75,75,75,75,75,75,75,75,75,75,75,75,75,75,75,75,75,75,75,75,75,75,75,75,75,75,75,75,75,75,75,75,75,75,75,75,75,75,75],"card_choices":[{"not_picked":["Go for the Eyes","Beam Cell"],"picked":"Conserve Battery","floor":1.0},{"not_picked":["Rip and Tear","Coolheaded+1"],"picked":"Rainbow+1","floor":3.0},{"not_picked":["Compile Driver","Ball Lightning"],"picked":"Steam Power+1","floor":5.0},{"not_picked":["Undo+1","Barrage"],"picked":"Tempest+1","floor":6.0},{"not_picked":["Go for the Eyes+1","BootSequence+1"],"picked":"Conserve Battery+1","floor":7.0},{"not_picked":["Stack+1","Consume+1"],"picked":"Leap+1","floor":12.0},{"not_picked":["Multi-Cast+1","Reboot+1"],"picked":"Electrodynamics","floor":16.0},{"not_picked":["Beam Cell+1","Darkness+1"],"picked":"Sunder+1","floor":18.0},{"not_picked":["Cold Snap+1","Steam+1"],"picked":"Leap+1","floor":19.0},{"not_picked":["Redo+1","Hologram+1"],"picked":"Capacitor","floor":21.0},{"not_picked":["Streamline+1","Heatsinks+1"],"picked":"Hologram+1","floor":22.0},{"not_picked":["Ball Lightning+1","Multi-Cast+1"],"picked":"Rebound+1","floor":25.0},{"not_picked":["Heatsinks","Steam+1"],"picked":"Cold Snap+1","floor":29.0},{"not_picked":["Cold Snap+1","Stack+1"],"picked":"Redo+1","floor":31.0},{"not_picked":["All For One+1","Core Surge+1"],"picked":"Creative AI","floor":33},{"not_picked":["Barrage+1","Chaos+1"],"picked":"Chill+1","floor":35},{"not_picked":["Steam Power+1","Blizzard+1"],"picked":"Conserve Battery+1","floor":36},{"not_picked":["Defragment","Conserve Battery+1"],"picked":"Stack+1","floor":38}],"player_experience":369624,"relics_obtained":[{"floor":6.0,"key":"Molten Egg 2"},{"floor":9.0,"key":"Gremlin Horn"},{"floor":12.0,"key":"Peace Pipe"},{"floor":14.0,"key":"Calipers"},{"floor":26.0,"key":"PreservedInsect"},{"floor":29.0,"key":"Centennial Puzzle"}],"event_choices":[{"damage_healed":0.0,"max_hp_gain":0.0,"max_hp_loss":0.0,"gold_gain":0.0,"event_name":"Scrap Ooze","player_choice":"Success","floor":2.0,"gold_loss":0.0,"damage_taken":7.0,"relics_obtained":["Toxic Egg 2"]},{"damage_healed":0.0,"max_hp_gain":0.0,"max_hp_loss":0.0,"gold_gain":0.0,"cards_transformed":["Strike_B"],"event_name":"Living Wall","player_choice":"Change","floor":4.0,"gold_loss":0.0,"damage_taken":0.0,"cards_obtained":["Defragment"]},{"damage_healed":0.0,"max_hp_gain":0.0,"max_hp_loss":0.0,"gold_gain":0.0,"event_name":"Golden Idol","player_choice":"Take Damage","floor":11.0,"gold_loss":0.0,"damage_taken":18.0,"relics_obtained":["Golden Idol"]},{"damage_healed":0.0,"max_hp_gain":0.0,"max_hp_loss":0.0,"gold_gain":30.0,"event_name":"Dead Adventurer","player_choice":"Searched \u00273\u0027 times","floor":12.0,"gold_loss":0.0,"damage_taken":0.0},{"damage_healed":0.0,"max_hp_gain":0.0,"max_hp_loss":0.0,"gold_gain":0.0,"event_name":"Designer","player_choice":"Punched","floor":20.0,"gold_loss":0.0,"damage_taken":3.0},{"damage_healed":0.0,"max_hp_gain":0.0,"max_hp_loss":0.0,"gold_gain":0.0,"event_name":"Ghosts","player_choice":"Ignored","floor":28.0,"gold_loss":0.0,"damage_taken":0.0},{"damage_healed":0.0,"max_hp_gain":0.0,"max_hp_loss":0.0,"gold_gain":0.0,"event_name":"The Mausoleum","player_choice":"Opened","floor":30.0,"gold_loss":0.0,"damage_taken":0.0,"relics_obtained":["Potion Belt"]},{"damage_healed":0,"gold_gain":100,"player_choice":"Pray","damage_taken":0,"max_hp_gain":0,"max_hp_loss":0,"event_name":"Golden Shrine","floor":37,"gold_loss":0}],"is_beta":false,"boss_relics":[{"not_picked":["Coffee Dripper","FrozenCore"],"picked":"White Beast Statue"},{"not_picked":["Philosopher\u0027s Stone","Pandora\u0027s Box"],"picked":"Runic Pyramid"}],"items_purged_floors":[],"is_endless":false,"potions_floor_spawned":[6,12,18,19,21,22,23,25,29,31,33,35,36,38],"killed_by":"Spire Growth","ascension_level":7}