{"gold_per_floor":[116,41,41,41,59,86,86,115,191,191,204,204,216,216,216,318,318,334,334,122,139,158,158,176,176,227,227,227,227,238,264,264,359,359,369,389,328,328,343,343,374,374,397,412,412,422,422,11,11,11],"floor_reached":51,"playtime":4913,"items_purged":["Strike_G","Bouncing Flask","Tools of the Trade"],"score":703,"play_id":"55cd6f81-188e-4fa5-911a-e8d1a1673b1c","local_time":"20180818012527","is_ascension_mode":false,"campfire_choices":[{"data":"Noxious Fumes","floor":7.0,"key":"SMITH"},{"floor":12,"key":"REST"},{"floor":15,"key":"REST"},{"floor":23,"key":"REST"},{"data":"Adrenaline","floor":25,"key":"SMITH"},{"data":"Terror","floor":29,"key":"SMITH"},{"floor":32,"key":"REST"},{"floor":40,"key":"REST"},{"data":"Envenom","floor":42,"key":"SMITH"},{"floor":49,"key":"REST"}],"neow_cost":"NONE","seed_source_timestamp":0,"circlet_count":0,"master_deck":["Survivor","Neutralize","Noxious Fumes+1","Cloak And Dagger","Bouncing Flask","Flechettes","Backflip","Cloak And Dagger","Adrenaline+1","Slice","PiercingWail","Acrobatics","Backflip","Deadly Poison","Distraction","Deflect","Terror+1","Leg Sweep+1","RitualDagger","Catalyst+1","Noxious Fumes","Dagger Throw","Quick Slash","Dagger Spray+1","Envenom+1","Blade Dance+1","Reflex+1","Apotheosis"],"special_seed":0,"relics":["Ring of the Snake","NeowsBlessing","Regal Pillow","Lantern","Pantograph","Ornamental Fan","Pandora\u0027s Box","Snake Skull","Omamori","Eternal Feather","Darkstone Periapt","Pear","Art of War"],"potions_floor_usage":[16,16,18,24,33,33,36,39,41,50,50,50,50],"damage_taken":[{"damage":0.0,"enemies":"Cultist","floor":1.0,"turns":1.0},{"damage":0.0,"enemies":"Small Slimes","floor":5.0,"turns":1.0},{"damage":0.0,"enemies":"Gremlin Nob","floor":6.0,"turns":1.0},{"damage":24.0,"enemies":"3 Sentries","floor":8.0,"turns":6.0},{"damage":0,"enemies":"2 Louse","floor":11,"turns":2},{"damage":11,"enemies":"Exordium Wildlife","floor":13,"turns":4},{"damage":33,"enemies":"Slime Boss","floor":16,"turns":11},{"damage":14,"enemies":"3 Byrds","floor":18,"turns":4},{"damage":7,"enemies":"Chosen","floor":21,"turns":4},{"damage":16,"enemies":"Shelled Parasite and Fungi","floor":22,"turns":5},{"damage":4,"enemies":"Cultist and Chosen","floor":24,"turns":6},{"damage":0,"enemies":"Snecko","floor":30,"turns":3},{"damage":17,"enemies":"Book of Stabbing","floor":31,"turns":4},{"damage":67,"enemies":"Champ","floor":33,"turns":9},{"damage":5,"enemies":"3 Shapes","floor":35,"turns":3},{"damage":33,"enemies":"3 Darklings","floor":36,"turns":4},{"damage":21,"enemies":"Sphere and 2 Shapes","floor":39,"turns":4},{"damage":36,"enemies":"Nemesis","floor":41,"turns":7},{"damage":30,"enemies":"Spire Growth","floor":44,"turns":6},{"damage":9,"enemies":"Transient","floor":46,"turns":5},{"damage":76,"enemies":"Donu and Deca","floor":50,"turns":9}],"seed_played":"3342511007772238462","potions_obtained":[{"floor":5.0,"key":"Regen Potion"},{"floor":8.0,"key":"Explosive Potion"},{"floor":16,"key":"Regen Potion"},{"floor":18,"key":"Explosive Potion"},{"floor":30,"key":"Weak Potion"},{"floor":33,"key":"Fire Potion"},{"floor":35,"key":"SteroidPotion"},{"floor":36,"key":"FearPotion"},{"floor":39,"key":"Energy Potion"},{"floor":46,"key":"SteroidPotion"}],"is_trial":false,"path_per_floor":["M","$","?","?","M","E","R","E","T","?","M","R","M","?","R","B",null,"M","?","$","M","M","R","M","R","T","?","?","R","M","E","R","B",null,"M","M","?","?","M","R","E","R","T","M","?","M","?","$","R","B"],"character_chosen":"THE_SILENT","items_purchased":["Catalyst","Noxious Fumes","Apotheosis","Regen Potion"],"campfire_rested":6,"item_purchase_floors":[20,20,48,48],"current_hp_per_floor":[70,70,56,56,56,56,56,32,32,32,32,68,57,57,70,52,70,56,50,50,43,27,63,68,68,68,68,68,68,68,51,70,3,70,65,32,32,32,11,62,36,51,51,21,21,12,12,12,66,19],"gold":11,"neow_bonus":"THREE_ENEMY_KILL","is_prod":false,"is_daily":false,"chose_seed":false,"campfire_upgraded":4,"win_rate":0,"timestamp":1534573527,"path_taken":["M","$","?","?","M","E","R","E","T","?","?","R","M","?","R","BOSS","M","?","$","?","M","R","M","R","T","?","?","R","M","E","R","BOSS","M","M","?","?","M","R","E","R","T","?","?","M","?","$","R","BOSS"],"build_version":"2018-08-16","purchased_purges":3,"victory":true,"max_hp_per_floor":[70,70,70,70,70,70,70,70,70,70,70,70,70,70,70,70,70,70,70,70,70,70,70,70,70,70,70,70,70,70,70,70,70,70,70,70,70,70,70,70,80,80,80,80,80,80,80,80,80,80],"card_choices":[{"not_picked":["Blade Dance","Deadly Poison"],"picked":"Noxious Fumes","floor":1.0},{"not_picked":["Deadly Poison","Dash"],"picked":"Bouncing Flask","floor":5.0},{"not_picked":["Well Laid Plans","Acrobatics"],"picked":"All Out Attack","floor":6.0},{"not_picked":["Flying Knee","Sucker Punch"],"picked":"Flechettes","floor":8.0},{"not_picked":["Underhanded Strike","Tools of the Trade"],"picked":"Backflip","floor":11},{"not_picked":["Bouncing Flask","Acrobatics"],"picked":"Cloak And Dagger","floor":13},{"not_picked":["A Thousand Cuts","Corpse Explosion"],"picked":"Adrenaline","floor":16},{"not_picked":["Infinite Blades","Eviscerate"],"picked":"Leg Sweep+1","floor":18},{"not_picked":["Sucker Punch","Cloak And Dagger"],"picked":"Dagger Throw","floor":21},{"not_picked":["Deflect","Heel Hook","Slice"],"picked":"SKIP","floor":22},{"not_picked":["Flying Knee+1","Masterful Stab"],"picked":"Quick Slash","floor":24},{"not_picked":["Dagger Throw+1","Flying Knee"],"picked":"Dagger Spray+1","floor":30},{"not_picked":["Dodge and Roll","Outmaneuver","Well Laid Plans"],"picked":"SKIP","floor":31},{"not_picked":["Doppelganger","Tools of the Trade"],"picked":"Envenom","floor":33},{"not_picked":["Dagger Spray+1","Well Laid Plans"],"picked":"Blade Dance+1","floor":35},{"not_picked":["Backstab","Dagger Throw","Crippling Poison"],"picked":"SKIP","floor":36},{"not_picked":["Poisoned Stab+1","Heel Hook+1","Terror+1"],"picked":"SKIP","floor":39},{"not_picked":["Footwork+1","All Out Attack+1"],"picked":"Reflex+1","floor":41},{"not_picked":["PiercingWail+1","Underhanded Strike+1","Outmaneuver"],"picked":"SKIP","floor":44},{"not_picked":["Deflect+1","Dagger Spray+1","Sucker Punch+1"],"picked":"SKIP","floor":46}],"player_experience":84975,"relics_obtained":[{"floor":6.0,"key":"Regal Pillow"},{"floor":8.0,"key":"Lantern"},{"floor":9.0,"key":"Pantograph"},{"floor":26,"key":"Snake Skull"},{"floor":31,"key":"Omamori"},{"floor":41,"key":"Pear"},{"floor":43,"key":"Art of War"}],"event_choices":[{"event_name":"Shining Light","player_choice":"Entered Light","floor":3.0,"damage_taken":0.0},{"event_name":"Match and Keep!","player_choice":"2 cards matched","floor":4.0,"damage_taken":0.0},{"event_name":"Accursed Blacksmith","player_choice":"Rummage","floor":10,"damage_taken":0},{"event_name":"Purifier","player_choice":"One Purge","floor":14,"damage_taken":0},{"event_name":"Nest","player_choice":"Joined the Cult","floor":19,"damage_taken":0},{"event_name":"Vampires","player_choice":"Ignored","floor":27,"damage_taken":0},{"event_name":"Drug Dealer","player_choice":"Ignored","floor":28,"damage_taken":0},{"event_name":"WeMeetAgain","player_choice":"Gold","floor":37,"damage_taken":0},{"event_name":"Mysterious Sphere","player_choice":"Ignore","floor":38,"damage_taken":0},{"event_name":"Falling","player_choice":"Removed Attack","floor":45,"damage_taken":0},{"event_name":"Upgrade Shrine","player_choice":"Upgraded","floor":47,"damage_taken":0}],"is_beta":false,"boss_relics":[{"not_picked":["Sozu","Lizard Tail"],"picked":"Pandora\u0027s Box"},{"not_picked":["Calling Bell","Runic Dome"],"picked":"Eternal Feather"}],"items_purged_floors":[2,20,48],"is_endless":false,"potions_floor_spawned":[5,8,16,18,30,33,35,36,39,46],"ascension_level":0}