{"gold_per_floor":[112,10,10,10,60,60,71,105,159,159],"floor_reached":10,"playtime":267,"items_purged":["KiyohimeMod:Defend"],"score":64,"play_id":"1b98ec54-de38-49d5-a279-6bae48ff41fc","local_time":"20190215204326","is_ascension_mode":false,"campfire_choices":[{"data":"KiyohimeMod:RedBlackKey","floor":6,"key":"SMITH"}],"neow_cost":"NONE","seed_source_timestamp":14657372759840,"circlet_count":0,"master_deck":["KiyohimeMod:Strike","KiyohimeMod:Strike","KiyohimeMod:Strike","KiyohimeMod:Defend","KiyohimeMod:Defend","KiyohimeMod:Defend","KiyohimeMod:Track","KiyohimeMod:FlameKiss","KiyohimeMod:Shapeshift","KiyohimeMod:RedBlackKey+1","KiyohimeMod:Berserker","KiyohimeMod:EatSoul","KiyohimeMod:ExSpicyMapoTofu"],"relics":["KiyohimeMod:Stone","NeowsBlessing","Replay:Rubber Ducky","Tiny Chest"],"potions_floor_usage":[],"damage_taken":[{"damage":0,"enemies":"Cultist","floor":1,"turns":1},{"damage":0,"enemies":"Small Slimes","floor":7,"turns":1},{"damage":4,"enemies":"3 Sentries","floor":8,"turns":3}],"seed_played":"-4457790194351746731","potions_obtained":[{"floor":1,"key":"Dexterity Potion"}],"is_trial":false,"path_per_floor":["M","$","?","$","?","R","M","E","T","$"],"character_chosen":"Kiyohime","items_purchased":["KiyohimeMod:Berserker"],"campfire_rested":0,"item_purchase_floors":[2],"current_hp_per_floor":[60,60,60,60,60,60,60,56,56,56],"gold":159,"neow_bonus":"THREE_ENEMY_KILL","is_prod":false,"is_daily":false,"chose_seed":false,"campfire_upgraded":1,"win_rate":0.0,"timestamp":1550270606,"path_taken":["M","$","?","?","?","R","M","E","T","$"],"build_version":"2019-01-23","purchased_purges":1,"victory":false,"max_hp_per_floor":[60,60,60,60,60,60,60,60,60,60],"card_choices":[{"not_picked":["KiyohimeMod:AndSoTheShipConquers","KiyohimeMod:EatSoul"],"picked":"KiyohimeMod:RedBlackKey","floor":1},{"not_picked":["KiyohimeMod:AndSoTheShipConquers","KiyohimeMod:BlueBlackKey"],"picked":"KiyohimeMod:EatSoul","floor":7},{"not_picked":["KiyohimeMod:WaterTurn","KiyohimeMod:AndSoTheShipConquers"],"picked":"KiyohimeMod:ExSpicyMapoTofu","floor":8}],"player_experience":756885,"relics_obtained":[{"floor":8,"key":"Replay:Rubber Ducky"},{"floor":9,"key":"Tiny Chest"}],"event_choices":[{"cards_removed":["KiyohimeMod:Strike"],"damage_healed":0,"gold_gain":0,"player_choice":"Purged","damage_taken":0,"max_hp_gain":0,"max_hp_loss":0,"event_name":"Purifier","floor":3,"gold_loss":0}],"is_beta":false,"boss_relics":[],"items_purged_floors":[2],"is_endless":false,"potions_floor_spawned":[1],"ascension_level":0}