{"gold_per_floor":[116,116,116,116,132,132,142,153,179,179,191,226,226,273,273,350,350,367,367,282,282,282,282,241,270,270,270,288,288,288],"floor_reached":30,"playtime":1247,"items_purged":[],"score":592,"play_id":"2b50134f-4db4-4334-840e-385144cd10b6","local_time":"20190221145650","is_ascension_mode":true,"campfire_choices":[{"data":"Zap","floor":6.0,"key":"SMITH"},{"data":"Buffer","floor":10.0,"key":"SMITH"},{"data":"Go for the Eyes","floor":15.0,"key":"SMITH"},{"data":"Echo Form","floor":23.0,"key":"SMITH"},{"floor":27,"key":"REST"},{"floor":29,"key":"REST"}],"neow_cost":"NONE","seed_source_timestamp":77088861335587,"circlet_count":0,"master_deck":["AscendersBane","Strike_B","Strike_B","Strike_B+1","Strike_B+1","Defend_B","Defend_B","Defend_B","Defend_B","Zap+1","Dualcast+1","Cold Snap","Buffer+1","Go for the Eyes+1","Creative AI+1","Echo Form+1","Cold Snap","Coolheaded","Glacier","Conserve Battery+1"],"special_seed":0,"relics":["Cracked Core","FossilizedHelix","Pantograph","Whetstone","Dream Catcher","Anchor","Sozu","Boot","Ancient Tea Set","Letter Opener"],"potions_floor_usage":[24],"damage_taken":[{"damage":7.0,"enemies":"Jaw Worm","floor":1.0,"turns":2.0},{"damage":0.0,"enemies":"Cultist","floor":5.0,"turns":3.0},{"damage":7.0,"enemies":"Small Slimes","floor":7.0,"turns":3.0},{"damage":0.0,"enemies":"Blue Slaver","floor":8.0,"turns":4.0},{"damage":0.0,"enemies":"2 Fungi Beasts","floor":11.0,"turns":3.0},{"damage":6.0,"enemies":"3 Sentries","floor":12.0,"turns":8.0},{"damage":0.0,"enemies":"Slime Boss","floor":16.0,"turns":9.0},{"damage":11.0,"enemies":"Shell Parasite","floor":18.0,"turns":6.0},{"damage":16.0,"enemies":"Colosseum Slavers","floor":19.0,"turns":5.0},{"damage":3,"enemies":"2 Thieves","floor":24,"turns":5},{"damage":32,"enemies":"Book of Stabbing","floor":25,"turns":8},{"damage":5,"enemies":"Snake Plant","floor":28,"turns":4},{"damage":59,"enemies":"3 Cultists","floor":30,"turns":6}],"seed_played":"-2640486879230719839","potions_obtained":[{"floor":7.0,"key":"SneckoOil"},{"floor":8.0,"key":"AttackPotion"},{"floor":16.0,"key":"Strength Potion"}],"is_trial":false,"path_per_floor":["M","?","?","T","M","R","M","M","T","R","M","E","?","T","R","B",null,"M","?","?","?","?","R","M","E","T","R","M","R","M"],"character_chosen":"DEFECT","items_purchased":[],"campfire_rested":2,"item_purchase_floors":[],"current_hp_per_floor":[57,52,52,52,52,52,45,45,45,45,45,39,39,39,39,64,69,58,42,42,42,56,56,53,21,21,42,37,58,0],"gold":288,"neow_bonus":"UPGRADE_CARD","is_prod":false,"is_daily":false,"chose_seed":false,"campfire_upgraded":4,"win_rate":0,"timestamp":1550782610,"path_taken":["M","?","?","?","?","R","M","M","T","R","M","E","?","?","R","BOSS","M","?","?","?","?","R","M","E","T","R","M","R","M"],"build_version":"2019-01-23","purchased_purges":0,"victory":false,"max_hp_per_floor":[71,71,71,71,71,71,71,71,71,71,71,71,71,71,71,71,71,71,71,71,71,71,71,71,71,71,71,71,71,71],"card_choices":[{"not_picked":["Beam Cell","Redo","Steam"],"picked":"SKIP","floor":1.0},{"not_picked":["Blizzard","Hologram"],"picked":"Cold Snap","floor":5.0},{"not_picked":["Compile Driver","Streamline"],"picked":"Buffer","floor":7.0},{"not_picked":["Stack","Hologram","Static Discharge"],"picked":"SKIP","floor":8.0},{"not_picked":["Conserve Battery","Barrage"],"picked":"Go for the Eyes","floor":11.0},{"not_picked":["Undo","Compile Driver"],"picked":"Creative AI","floor":12.0},{"not_picked":["Thunder Strike","Fission"],"picked":"Echo Form","floor":16.0},{"not_picked":["Tempest","Blizzard"],"picked":"Cold Snap","floor":18.0},{"not_picked":["Self Repair","Beam Cell","Reprogram"],"picked":"SKIP","floor":24},{"not_picked":["Go for the Eyes","Darkness","Hologram"],"picked":"SKIP","floor":25},{"not_picked":["Go for the Eyes","Scrape"],"picked":"Coolheaded","floor":27},{"not_picked":["Leap","Double Energy"],"picked":"Glacier","floor":28},{"not_picked":["Skim","Rebound"],"picked":"Conserve Battery+1","floor":29}],"player_experience":303466,"relics_obtained":[{"floor":4.0,"key":"Pantograph"},{"floor":9.0,"key":"Whetstone"},{"floor":12.0,"key":"Dream Catcher"},{"floor":14.0,"key":"Anchor"},{"floor":25,"key":"Ancient Tea Set"},{"floor":26,"key":"Letter Opener"}],"event_choices":[{"damage_healed":0.0,"max_hp_gain":0.0,"max_hp_loss":0.0,"gold_gain":0.0,"event_name":"Scrap Ooze","player_choice":"Success","floor":2.0,"gold_loss":0.0,"damage_taken":5.0,"relics_obtained":["FossilizedHelix"]},{"damage_healed":0.0,"max_hp_gain":0.0,"max_hp_loss":0.0,"gold_gain":0.0,"event_name":"Shining Light","player_choice":"Ignored","floor":3.0,"gold_loss":0.0,"damage_taken":0.0},{"damage_healed":0.0,"max_hp_gain":0.0,"max_hp_loss":0.0,"gold_gain":0.0,"event_name":"Living Wall","player_choice":"Grow","floor":13.0,"gold_loss":0.0,"damage_taken":0.0,"cards_upgraded":["Creative AI"]},{"damage_healed":0.0,"max_hp_gain":0.0,"max_hp_loss":0.0,"gold_gain":0.0,"event_name":"Colosseum","player_choice":"Fight","floor":19.0,"gold_loss":0.0,"damage_taken":0.0},{"damage_healed":0.0,"max_hp_gain":0.0,"max_hp_loss":0.0,"gold_gain":0.0,"event_name":"Colosseum","player_choice":"Fled From Nobs","floor":19.0,"gold_loss":0.0,"damage_taken":0.0},{"damage_healed":0.0,"max_hp_gain":0.0,"max_hp_loss":0.0,"gold_gain":0.0,"event_name":"Addict","player_choice":"Obtained Relic","floor":20.0,"gold_loss":85.0,"damage_taken":0.0,"relics_obtained":["Boot"]},{"damage_healed":0.0,"max_hp_gain":0.0,"max_hp_loss":0.0,"gold_gain":0.0,"event_name":"Vampires","player_choice":"Ignored","floor":21.0,"gold_loss":0.0,"damage_taken":0.0},{"damage_healed":14.0,"max_hp_gain":0.0,"max_hp_loss":0.0,"gold_gain":0.0,"event_name":"The Library","player_choice":"Heal","floor":22.0,"gold_loss":0.0,"damage_taken":0.0}],"is_beta":false,"boss_relics":[{"not_picked":["White Beast Statue","Empty Cage"],"picked":"Sozu"}],"items_purged_floors":[],"is_endless":false,"potions_floor_spawned":[7,8,16,18,25],"killed_by":"3 Cultists","ascension_level":20}