{"gold_per_floor":[211,286,35,47,62,112,112,185,185,88,119,155,155,186,186,284,284,320,109,122,162,162,162,180,7,53,53,53,53,66,66,66,66],"floor_reached":33,"playtime":1645,"items_purged":["Strike_G","Parasite"],"score":386,"play_id":"61e8be05-084c-4a37-a1de-b741688a00eb","local_time":"20181027204952","is_ascension_mode":true,"campfire_choices":[{"floor":7.0,"key":"REST"},{"floor":15,"key":"REST"},{"data":"HandOfGreed","floor":23,"key":"SMITH"},{"floor":29,"key":"REST"},{"data":"Finisher","floor":32,"key":"SMITH"}],"neow_cost":"NONE","seed_source_timestamp":0,"circlet_count":0,"master_deck":["Defend_G","Defend_G","Defend_G","Defend_G","Defend_G","Strike_G","Strike_G","Strike_G","Strike_G","Survivor","Neutralize+1","AscendersBane","Dagger Spray","HandOfGreed+1","Deep Breath","Quick Slash","Sucker Punch","Noxious Fumes","Backstab","PiercingWail","Dagger Spray","Dagger Spray","Finisher+1","Die Die Die","Backflip","Footwork","Sucker Punch","Sucker Punch","Noxious Fumes","Backflip","Bane","Writhe","PiercingWail"],"special_seed":0,"relics":["Ring of the Snake","Juzu Bracelet","Paper Crane","Bag of Preparation","Cursed Key","Tiny Chest","Frozen Egg 2","Centennial Puzzle"],"potions_floor_usage":[16,24],"damage_taken":[{"damage":0.0,"enemies":"2 Louse","floor":1.0,"turns":4.0},{"damage":4.0,"enemies":"Jaw Worm","floor":4.0,"turns":5.0},{"damage":0.0,"enemies":"Cultist","floor":5.0,"turns":4.0},{"damage":24.0,"enemies":"Gremlin Nob","floor":6.0,"turns":4.0},{"damage":19.0,"enemies":"3 Sentries","floor":8.0,"turns":7.0},{"damage":0.0,"enemies":"Red Slaver","floor":11.0,"turns":4.0},{"damage":1.0,"enemies":"Lots of Slimes","floor":12.0,"turns":3.0},{"damage":3.0,"enemies":"Exordium Thugs","floor":14.0,"turns":4.0},{"damage":31,"enemies":"Hexaghost","floor":16,"turns":11},{"damage":0,"enemies":"Spheric Guardian","floor":18,"turns":2},{"damage":5,"enemies":"Shell Parasite","floor":20,"turns":6},{"damage":9,"enemies":"Snake Plant","floor":21,"turns":7},{"damage":7,"enemies":"Shelled Parasite and Fungi","floor":24,"turns":6},{"damage":4,"enemies":"Chosen and Byrds","floor":30,"turns":6},{"damage":52,"enemies":"Champ","floor":33,"turns":12}],"seed_played":"-3794316177440375418","potions_obtained":[{"floor":5.0,"key":"Swift Potion"},{"floor":6.0,"key":"Fire Potion"},{"floor":11.0,"key":"AttackPotion"},{"floor":16,"key":"Block Potion"},{"floor":18,"key":"SteroidPotion"}],"is_trial":false,"path_per_floor":["M","?","$","M","M","E","R","E","T","$","M","M","?","M","R","B",null,"M","$","M","M","T","R","M","$","T","?","?","R","M","?","R"],"character_chosen":"THE_SILENT","items_purchased":["HandOfGreed","Deep Breath","PiercingWail","Footwork","Sucker Punch","Tiny Chest","Backflip","Bane"],"campfire_rested":3,"item_purchase_floors":[3,3,10,19,19,19,25,25],"current_hp_per_floor":[63,52,52,48,48,24,45,26,26,26,26,25,25,22,43,12,56,56,56,51,42,42,42,35,35,35,35,35,55,51,51,51,0],"gold":66,"neow_bonus":"HUNDRED_GOLD","is_prod":false,"is_daily":false,"chose_seed":false,"campfire_upgraded":2,"win_rate":0,"timestamp":1540680592,"path_taken":["M","?","?","?","M","E","R","E","T","$","M","M","?","M","R","BOSS","M","$","M","M","?","R","M","$","T","?","?","R","M","?","R","BOSS"],"build_version":"2018-10-25v2","purchased_purges":2,"victory":false,"max_hp_per_floor":[70,70,70,70,70,70,70,70,70,70,70,70,70,70,70,70,70,70,70,70,70,70,70,70,67,67,67,67,67,67,67,67,67],"card_choices":[{"not_picked":["Choke","Quick Slash"],"picked":"Dagger Spray","floor":1.0},{"not_picked":["Tactician","PiercingWail"],"picked":"Quick Slash","floor":4.0},{"not_picked":["Slice","Deflect"],"picked":"Sucker Punch","floor":5.0},{"not_picked":["Riddle With Holes","Venomology"],"picked":"Noxious Fumes","floor":6.0},{"not_picked":["Slice","Outmaneuver"],"picked":"Backstab","floor":8.0},{"not_picked":["Outmaneuver","Blade Dance"],"picked":"Dagger Spray","floor":11.0},{"not_picked":["Distraction","Deadly Poison"],"picked":"Dagger Spray","floor":12.0},{"not_picked":["Blur","Corpse Explosion"],"picked":"Finisher","floor":14.0},{"not_picked":["Unload","Doppelganger"],"picked":"Die Die Die","floor":16},{"not_picked":["Heel Hook","Quick Slash"],"picked":"Backflip","floor":18},{"not_picked":["Masterful Stab","Setup"],"picked":"Sucker Punch","floor":20},{"not_picked":["PiercingWail","Dash"],"picked":"Noxious Fumes","floor":21},{"not_picked":["Outmaneuver","Flying Knee","Reflex"],"picked":"SKIP","floor":24},{"not_picked":["Flying Knee","Dodge and Roll","Tactician"],"picked":"SKIP","floor":30}],"player_experience":597539,"relics_obtained":[{"floor":6.0,"key":"Juzu Bracelet"},{"floor":8.0,"key":"Paper Crane"},{"floor":9.0,"key":"Bag of Preparation"},{"floor":22,"key":"Frozen Egg 2"},{"floor":26,"key":"Centennial Puzzle"}],"event_choices":[{"damage_healed":0.0,"max_hp_gain":0.0,"max_hp_loss":0.0,"gold_gain":75.0,"event_name":"World of Goop","player_choice":"Gather Gold","floor":2.0,"gold_loss":0.0,"damage_taken":11.0},{"damage_healed":0.0,"max_hp_gain":0.0,"max_hp_loss":0.0,"gold_gain":0.0,"event_name":"Upgrade Shrine","player_choice":"Upgraded","floor":13.0,"gold_loss":0.0,"damage_taken":0.0,"cards_upgraded":["Neutralize"]},{"damage_healed":0,"gold_gain":0,"player_choice":"Copied","damage_taken":0,"max_hp_gain":0,"max_hp_loss":0,"event_name":"Duplicator","floor":27,"gold_loss":0,"cards_obtained":["PiercingWail"]},{"damage_healed":0,"gold_gain":0,"player_choice":"0 cards matched","damage_taken":0,"max_hp_gain":0,"max_hp_loss":0,"event_name":"Match and Keep!","floor":28,"gold_loss":0,"cards_obtained":[]},{"damage_healed":0,"gold_gain":0,"player_choice":"Ignored","damage_taken":0,"max_hp_gain":0,"max_hp_loss":0,"event_name":"Vampires","floor":31,"gold_loss":0}],"is_beta":false,"boss_relics":[{"not_picked":["Calling Bell","Velvet Choker"],"picked":"Cursed Key"}],"items_purged_floors":[10,25],"is_endless":false,"potions_floor_spawned":[5,6,11,16,18],"killed_by":"Champ","ascension_level":10}