{"gold_per_floor":[110,122,133,133,149,149,11,11,37,37,50,69,23,41,41,171,171,185,185,209,228,251,251,267,280,280,280,280,280,296,71,71,71],"floor_reached":33,"playtime":1915,"items_purged":[],"score":243,"play_id":"d4f26144-bce7-4501-92cd-f6a4faf8bddd","local_time":"20190302020201","is_ascension_mode":false,"campfire_choices":[{"data":"All Out Attack","floor":6,"key":"SMITH"},{"data":"Survivor","floor":8,"key":"SMITH"},{"data":"Concentrate","floor":15,"key":"SMITH"},{"data":"Malaise","floor":23,"key":"SMITH"},{"floor":27,"key":"REST"},{"floor":32,"key":"REST"}],"neow_cost":"CURSE","seed_source_timestamp":76678074217984,"circlet_count":0,"master_deck":["Defend_G","Defend_G","Defend_G","Defend_G","Defend_G","Strike_G","Strike_G","Strike_G","Strike_G","Survivor+1","Neutralize","Clumsy","Backstab","All Out Attack+1","Well Laid Plans","Eviscerate","Escape Plan","Concentrate+1","Escape Plan","Acrobatics","Prepared","Malaise+1","Grand Finale","Underhanded Strike","Dagger Throw","PiercingWail","Storm of Steel","Tactician","Underhanded Strike","Dramatic Entrance"],"relics":["Ring of the Snake","Tingsha","Golden Idol","Snake Skull","White Beast Statue","Shuriken","MutagenicStrength"],"potions_floor_usage":[16,25,33,33],"damage_taken":[{"damage":0,"enemies":"Cultist","floor":1,"turns":4},{"damage":0,"enemies":"Jaw Worm","floor":2,"turns":3},{"damage":0,"enemies":"Small Slimes","floor":3,"turns":3},{"damage":2,"enemies":"Looter","floor":5,"turns":3},{"damage":17,"enemies":"Gremlin Gang","floor":11,"turns":2},{"damage":2,"enemies":"3 Louse","floor":12,"turns":3},{"damage":7,"enemies":"Exordium Thugs","floor":14,"turns":4},{"damage":8,"enemies":"Hexaghost","floor":16,"turns":11},{"damage":7,"enemies":"Spheric Guardian","floor":18,"turns":4},{"damage":0,"enemies":"Chosen","floor":20,"turns":6},{"damage":17,"enemies":"Centurion and Healer","floor":21,"turns":4},{"damage":0,"enemies":"Snecko","floor":22,"turns":5},{"damage":16,"enemies":"Snake Plant","floor":24,"turns":6},{"damage":21,"enemies":"3 Cultists","floor":25,"turns":5},{"damage":8,"enemies":"Cultist and Chosen","floor":30,"turns":7},{"damage":64,"enemies":"Champ","floor":33,"turns":11}],"seed_played":"7487950927330546890","potions_obtained":[{"floor":3,"key":"PowerPotion"},{"floor":12,"key":"SneckoOil"},{"floor":16,"key":"Weak Potion"},{"floor":18,"key":"SkillPotion"},{"floor":20,"key":"SteroidPotion"},{"floor":22,"key":"LiquidBronze"},{"floor":25,"key":"Block Potion"},{"floor":30,"key":"Energy Potion"}],"is_trial":false,"path_per_floor":["M","M","M","?","M","R","$","R","T","$","M","M","$","M","R","B",null,"M","?","M","M","M","R","M","M","T","R","?","?","M","$","R","B"],"character_chosen":"THE_SILENT","items_purchased":["Eviscerate","Escape Plan","Acrobatics","Tactician","Underhanded Strike","Dramatic Entrance"],"campfire_rested":2,"item_purchase_floors":[7,7,13,31,31,31],"current_hp_per_floor":[70,70,70,53,51,51,51,51,51,51,34,32,32,25,25,17,70,63,63,63,46,46,46,30,9,9,30,30,30,22,22,43,0],"gold":71,"neow_bonus":"ONE_RARE_RELIC","is_prod":false,"is_daily":false,"chose_seed":false,"campfire_upgraded":4,"win_rate":0,"timestamp":1551510121,"path_taken":["M","?","?","?","M","R","$","R","T","$","M","M","$","M","R","BOSS","M","?","?","M","M","R","M","M","T","R","?","?","M","$","R","BOSS"],"build_version":"2019-01-23","purchased_purges":0,"victory":false,"max_hp_per_floor":[70,70,70,70,70,70,70,70,70,70,70,70,70,70,70,70,70,70,70,70,70,70,70,70,70,70,70,70,70,70,70,70,70],"card_choices":[{"not_picked":["Deflect","Slice"],"picked":"Backstab","floor":1},{"not_picked":["Deadly Poison","Dagger Spray","Crippling Poison"],"picked":"SKIP","floor":2},{"not_picked":["Predator","Concentrate"],"picked":"All Out Attack","floor":3},{"not_picked":["Expertise","Quick Slash"],"picked":"Well Laid Plans","floor":5},{"not_picked":["Sucker Punch","Dagger Throw"],"picked":"Concentrate","floor":11},{"not_picked":["Deadly Poison","Sucker Punch"],"picked":"Escape Plan","floor":12},{"not_picked":["Dagger Spray","Blade Dance"],"picked":"Prepared","floor":14},{"not_picked":["Venomology","Burst"],"picked":"Malaise","floor":16},{"not_picked":["Setup+1","Catalyst","Deadly Poison"],"picked":"SKIP","floor":18},{"not_picked":["Flying Knee","Dagger Spray+1"],"picked":"Underhanded Strike","floor":20},{"not_picked":["Burst","Bane+1","Flying Knee+1"],"picked":"SKIP","floor":21},{"not_picked":["Deflect","Dodge and Roll","Endless Agony"],"picked":"SKIP","floor":22},{"not_picked":["Eviscerate","Underhanded Strike"],"picked":"Dagger Throw","floor":24},{"not_picked":["Deflect+1","Bane"],"picked":"PiercingWail","floor":25},{"not_picked":["Deadly Poison","Dagger Spray"],"picked":"Storm of Steel","floor":30}],"player_experience":1121420,"relics_obtained":[{"floor":9,"key":"Snake Skull"},{"floor":26,"key":"Shuriken"}],"event_choices":[{"damage_healed":0,"gold_gain":0,"player_choice":"Take Damage","damage_taken":17,"relics_obtained":["Golden Idol"],"max_hp_gain":0,"max_hp_loss":0,"event_name":"Golden Idol","floor":4,"gold_loss":0},{"damage_healed":0,"gold_gain":0,"cards_transformed":["Strike_G"],"player_choice":"Transformed","damage_taken":0,"max_hp_gain":0,"max_hp_loss":0,"event_name":"Transmorgrifier","floor":19,"gold_loss":0,"cards_obtained":["Grand Finale"]},{"damage_healed":0,"gold_gain":0,"player_choice":"Inject Mutagens","damage_taken":0,"relics_obtained":["MutagenicStrength"],"max_hp_gain":0,"max_hp_loss":0,"event_name":"Drug Dealer","floor":28,"gold_loss":0},{"damage_healed":0,"gold_gain":0,"player_choice":"Ignored","damage_taken":0,"max_hp_gain":0,"max_hp_loss":0,"event_name":"Cursed Tome","floor":29,"gold_loss":0}],"is_beta":false,"boss_relics":[{"not_picked":["Lizard Tail","Ectoplasm"],"picked":"White Beast Statue"}],"items_purged_floors":[],"is_endless":false,"potions_floor_spawned":[3,12,16,18,20,21,22,24,25,30],"killed_by":"Champ","ascension_level":0}