{"gold_per_floor":[113,1,11,11,30,95,113,13,36,36,36],"floor_reached":11,"playtime":1295,"items_purged":["Strike_G","Strike_G"],"score":88,"play_id":"18d423a8-30b0-46ff-9b1c-8711f8375f88","local_time":"20190310053047","is_ascension_mode":true,"campfire_choices":[],"neow_cost":"NONE","seed_source_timestamp":480187612579330,"circlet_count":0,"master_deck":["Defend_G","Defend_G","Defend_G","Defend_G","Defend_G","Strike_G","Strike_G","Strike_G","Survivor","Neutralize","Dodge and Roll","Footwork","Acrobatics","Reflex"],"relics":["Philosopher\u0027s Stone","Tiny Chest","Strawberry"],"potions_floor_usage":[11],"damage_taken":[{"damage":2,"enemies":"2 Louse","floor":1,"turns":3},{"damage":2,"enemies":"Cultist","floor":3,"turns":6},{"damage":8,"enemies":"Jaw Worm","floor":5,"turns":6},{"damage":32,"enemies":"3 Sentries","floor":6,"turns":21},{"damage":0,"enemies":"Large Slime","floor":7,"turns":14},{"damage":48,"enemies":"Lagavulin","floor":11,"turns":15}],"seed_played":"5384517230449746351","potions_obtained":[{"floor":3,"key":"SpeedPotion"},{"floor":4,"key":"FairyPotion"},{"floor":4,"key":"Strength Potion"}],"is_trial":false,"path_per_floor":["M","$","M","?","M","E","M","$","T","$","E"],"character_chosen":"THE_SILENT","items_purchased":["Footwork"],"campfire_rested":0,"item_purchase_floors":[2],"current_hp_per_floor":[68,68,66,66,58,26,26,26,33,33,0],"gold":36,"neow_bonus":"BOSS_RELIC","is_prod":false,"is_daily":false,"chose_seed":false,"campfire_upgraded":0,"win_rate":0,"timestamp":1552213847,"path_taken":["M","$","M","?","M","E","?","$","T","?","E"],"build_version":"2019-01-23","purchased_purges":2,"victory":false,"max_hp_per_floor":[70,70,70,70,70,70,70,70,77,77,77],"card_choices":[{"not_picked":["Underhanded Strike","Flying Knee"],"picked":"Dodge and Roll","floor":1},{"not_picked":["Bane","Heel Hook","Outmaneuver"],"picked":"SKIP","floor":3},{"not_picked":["Quick Slash","Masterful Stab"],"picked":"Acrobatics","floor":5},{"not_picked":["Bane","Blade Dance","Grand Finale"],"picked":"SKIP","floor":6},{"not_picked":["Finisher","Calculated Gamble"],"picked":"Reflex","floor":7}],"player_experience":259810,"relics_obtained":[{"floor":6,"key":"Tiny Chest"},{"floor":9,"key":"Strawberry"}],"event_choices":[{"damage_healed":0,"gold_gain":0,"player_choice":"Got Potions","damage_taken":0,"max_hp_gain":0,"max_hp_loss":0,"event_name":"Lab","floor":4,"gold_loss":0}],"is_beta":false,"boss_relics":[],"items_purged_floors":[2,8],"is_endless":false,"potions_floor_spawned":[3,6],"killed_by":"Lagavulin","ascension_level":4}