{"gold_per_floor":[119,119,119,46,64,90,90,165,165,165,340,340,352,125,125,197,197,217,217],"floor_reached":19,"playtime":808,"items_purged":["Regret"],"score":445,"play_id":"862fc477-2896-4ee4-bd62-9848e8f379ad","local_time":"20190306131542","is_ascension_mode":true,"campfire_choices":[{"floor":12,"key":"REST"},{"data":"Zap","floor":15,"key":"SMITH"}],"neow_cost":"NONE","seed_source_timestamp":1618969818507743,"circlet_count":0,"master_deck":["AscendersBane","Strike_B","Strike_B","Strike_B","Defend_B","Defend_B+1","Defend_B+1","Defend_B+1","Zap+1","Dualcast","Genetic Algorithm+1","Doom and Gloom","Auto Shields","Reprogram","Doubt","Steam","Creative AI","Normality","Shame","Writhe","Redo"],"relics":["Cracked Core","NeowsBlessing","Darkstone Periapt","Letter Opener","Kunai","Singing Bowl","War Paint","Calling Bell","Ancient Tea Set","Molten Egg 2","Dead Branch"],"potions_floor_usage":[13,18,19],"damage_taken":[{"damage":0,"enemies":"2 Louse","floor":1,"turns":1},{"damage":0,"enemies":"Jaw Worm","floor":5,"turns":1},{"damage":0,"enemies":"Lagavulin","floor":6,"turns":1},{"damage":2,"enemies":"Small Slimes","floor":13,"turns":5},{"damage":9,"enemies":"The Guardian","floor":16,"turns":12},{"damage":21,"enemies":"3 Byrds","floor":18,"turns":4},{"damage":89,"enemies":"Masked Bandits","floor":19,"turns":4}],"seed_played":"4538839961515541389","potions_obtained":[{"floor":1,"key":"SkillPotion"},{"floor":6,"key":"EssenceOfSteel"},{"floor":13,"key":"FairyPotion"},{"floor":18,"key":"EssenceOfSteel"}],"is_trial":false,"path_per_floor":["M","?","?","$","M","E","?","?","T","T","?","R","M","$","R","B",null,"M","?"],"character_chosen":"DEFECT","items_purchased":["Doom and Gloom","War Paint"],"campfire_rested":1,"item_purchase_floors":[4,14],"current_hp_per_floor":[64,64,50,50,50,50,56,45,45,45,51,75,73,73,73,64,96,75,0],"gold":217,"neow_bonus":"THREE_ENEMY_KILL","is_prod":false,"is_daily":false,"chose_seed":false,"campfire_upgraded":1,"win_rate":0,"timestamp":1551856542,"path_taken":["M","?","?","$","M","E","?","?","T","?","?","R","M","$","R","BOSS","M","?"],"build_version":"2019-01-23","purchased_purges":1,"victory":false,"max_hp_per_floor":[71,71,71,71,71,71,77,77,77,77,83,83,83,83,83,83,101,101,101],"card_choices":[{"not_picked":["Coolheaded","Gash"],"picked":"Genetic Algorithm","floor":1},{"not_picked":["Blizzard","Capacitor"],"picked":"Auto Shields","floor":5},{"not_picked":["Rebound","Lockon"],"picked":"Reprogram","floor":6},{"not_picked":["Buffer","Skim"],"picked":"Steam","floor":13},{"not_picked":["Amplify","Electrodynamics"],"picked":"Creative AI","floor":16},{"not_picked":["Stack","Beam Cell+1"],"picked":"Redo","floor":18}],"player_experience":947335,"relics_obtained":[{"floor":6,"key":"Darkstone Periapt"},{"floor":9,"key":"Kunai"},{"floor":10,"key":"Singing Bowl"},{"floor":17,"key":"Ancient Tea Set"},{"floor":17,"key":"Molten Egg 2"},{"floor":17,"key":"Dead Branch"}],"event_choices":[{"cards_removed":["Strike_B"],"damage_healed":0,"gold_gain":0,"player_choice":"Forget","damage_taken":0,"max_hp_gain":0,"max_hp_loss":0,"event_name":"Living Wall","floor":2,"gold_loss":0},{"damage_healed":0,"gold_gain":0,"player_choice":"Entered Light","damage_taken":14,"max_hp_gain":0,"max_hp_loss":0,"event_name":"Shining Light","floor":3,"gold_loss":0,"cards_upgraded":["Genetic Algorithm","Defend_B"]},{"damage_healed":0,"gold_gain":0,"player_choice":"Box","damage_taken":0,"relics_obtained":["Letter Opener"],"max_hp_gain":0,"max_hp_loss":0,"event_name":"Big Fish","floor":7,"gold_loss":0,"cards_obtained":["Regret"]},{"damage_healed":0,"gold_gain":75,"player_choice":"Gather Gold","damage_taken":11,"max_hp_gain":0,"max_hp_loss":0,"event_name":"World of Goop","floor":8,"gold_loss":0},{"damage_healed":0,"gold_gain":175,"player_choice":"AGREE","damage_taken":0,"max_hp_gain":0,"max_hp_loss":0,"event_name":"Liars Game","floor":11,"gold_loss":0,"cards_obtained":["Doubt"]},{"damage_healed":0,"gold_gain":0,"player_choice":"Fought Bandits","damage_taken":0,"max_hp_gain":0,"max_hp_loss":0,"event_name":"Masked Bandits","floor":19,"gold_loss":0}],"is_beta":false,"boss_relics":[{"not_picked":["Pandora\u0027s Box","Tiny House"],"picked":"Calling Bell"}],"items_purged_floors":[14],"is_endless":false,"potions_floor_spawned":[1,6,13,16,18],"killed_by":"Masked Bandits","ascension_level":14}