{"gold_per_floor":[118,293,293,313,323,353,353,368,368,394,394,409,443,453,453,551,551,561,234,251,266,81,81],"floor_reached":23,"playtime":2785,"items_purged":["Strike_R"],"score":213,"play_id":"8d9af5b7-ce78-476c-95a1-a252a180080d","local_time":"20190308165547","is_ascension_mode":false,"campfire_choices":[{"floor":7.0,"key":"REST"},{"floor":11.0,"key":"REST"},{"data":"Metallicize","floor":15.0,"key":"SMITH"}],"neow_cost":"NONE","seed_source_timestamp":0,"circlet_count":0,"master_deck":["Strike_R","Strike_R","Defend_R","Defend_R","Defend_R","Bash","Forethought","Metallicize","Metallicize+1","Perfected Strike","Flame Barrier","Iron Wave","Armaments","Anger","Rage","Rage","Juggernaut","Impervious+1","Battle Trance+1","Rampage+1","Cleave+1","Perfected Strike","Combust","Bloodletting","Body Slam","Second Wind+1","Seeing Red"],"special_seed":0,"relics":["Burning Blood","Gambling Chip","WingedGreaves","Mummified Hand","Anchor","Astrolabe","Membership Card","Bird Faced Urn"],"potions_floor_usage":[20,21],"damage_taken":[{"damage":13.0,"enemies":"Jaw Worm","floor":1.0,"turns":4.0},{"damage":2.0,"enemies":"Small Slimes","floor":4.0,"turns":4.0},{"damage":0.0,"enemies":"Cultist","floor":5.0,"turns":4.0},{"damage":29.0,"enemies":"Lagavulin","floor":6.0,"turns":11.0},{"damage":1.0,"enemies":"Large Slime","floor":8.0,"turns":8.0},{"damage":33.0,"enemies":"Gremlin Nob","floor":10.0,"turns":6.0},{"damage":7.0,"enemies":"Red Slaver","floor":12.0,"turns":6.0},{"damage":15.0,"enemies":"3 Sentries","floor":13.0,"turns":11.0},{"damage":5.0,"enemies":"Exordium Wildlife","floor":14.0,"turns":5.0},{"damage":53.0,"enemies":"Slime Boss","floor":16.0,"turns":19.0},{"damage":11,"enemies":"Spheric Guardian","floor":18,"turns":4},{"damage":4,"enemies":"Shell Parasite","floor":20,"turns":5},{"damage":58,"enemies":"Cultist and Chosen","floor":21,"turns":10},{"damage":43,"enemies":"Gremlin Leader","floor":23,"turns":3}],"seed_played":"6828695683516660370","potions_obtained":[{"floor":4.0,"key":"Fruit Juice"},{"floor":5.0,"key":"Fruit Juice"},{"floor":10.0,"key":"Poison Potion"},{"floor":13.0,"key":"Dexterity Potion"},{"floor":16.0,"key":"Swift Potion"},{"floor":18,"key":"Energy Potion"}],"is_trial":false,"path_per_floor":["M","?","?","M","M","E","R","M","T","E","R","M","E","M","R","B",null,"M","$","M","M","$","E"],"character_chosen":"IRONCLAD","items_purchased":["Membership Card","Perfected Strike","Combust","Bloodletting","Seeing Red","Bird Faced Urn"],"campfire_rested":2,"item_purchase_floors":[19,19,19,19,22,22],"current_hp_per_floor":[73,73,73,77,80,67,90,90,90,63,90,89,80,81,81,34,90,85,85,87,35,35,0],"gold":81,"neow_bonus":"RANDOM_COLORLESS","is_prod":false,"is_daily":false,"chose_seed":false,"campfire_upgraded":1,"win_rate":0.0,"timestamp":1552074947,"path_taken":["M","?","?","M","M","E","R","M","T","E","R","M","E","?","R","BOSS","M","$","M","M","$","E"],"build_version":"2019-01-23","purchased_purges":1,"victory":false,"max_hp_per_floor":[80,80,80,80,80,90,90,90,90,90,90,90,90,90,90,90,90,90,90,90,90,90,90],"card_choices":[{"not_picked":["Hemokinesis","Iron Wave"],"picked":"Metallicize","floor":1.0},{"not_picked":["Anger","True Grit"],"picked":"Metallicize","floor":4.0},{"not_picked":["Sever Soul","Carnage"],"picked":"Perfected Strike","floor":5.0},{"not_picked":["Twin Strike","Sword Boomerang"],"picked":"Flame Barrier","floor":6.0},{"not_picked":["Warcry","Anger"],"picked":"Iron Wave","floor":8.0},{"not_picked":["Pummel","Dropkick"],"picked":"Armaments","floor":10.0},{"not_picked":["Headbutt","Infernal Blade"],"picked":"Anger","floor":12.0},{"not_picked":["Flex","Shockwave"],"picked":"Rage","floor":13.0},{"not_picked":["Perfected Strike","Shrug It Off"],"picked":"Rage","floor":14.0},{"not_picked":["Offering","Dark Embrace"],"picked":"Juggernaut","floor":16.0},{"not_picked":["True Grit","Thunderclap+1"],"picked":"Cleave+1","floor":18},{"not_picked":["Corruption+1","Shrug It Off"],"picked":"Body Slam","floor":20},{"not_picked":["Thunderclap","Reckless Charge"],"picked":"Second Wind+1","floor":21}],"player_experience":57824,"relics_obtained":[{"floor":6.0,"key":"Gambling Chip"},{"floor":9.0,"key":"WingedGreaves"},{"floor":10.0,"key":"Mummified Hand"},{"floor":13.0,"key":"Anchor"}],"event_choices":[{"damage_healed":0.0,"max_hp_gain":0.0,"max_hp_loss":0.0,"gold_gain":175.0,"event_name":"Liars Game","player_choice":"AGREE","floor":2.0,"gold_loss":0.0,"damage_taken":0.0,"cards_obtained":["Doubt"]},{"cards_removed":["Doubt"],"damage_healed":0.0,"max_hp_gain":0.0,"max_hp_loss":0.0,"gold_gain":0.0,"event_name":"Purifier","player_choice":"Purged","floor":3.0,"gold_loss":0.0,"damage_taken":0.0}],"is_beta":false,"boss_relics":[{"not_picked":["Runic Cube","Cursed Key"],"picked":"Astrolabe"}],"items_purged_floors":[19],"is_endless":false,"potions_floor_spawned":[4,5,10,13,16,18],"killed_by":"Gremlin Leader","ascension_level":0}