{"gold_per_floor":[117,117,130,130,142,142,176,193,217,217,227,227,253,253,253,355,405,418,200,213,229,229,245,245,276,300,300,1,14,44,44,44,44],"floor_reached":33,"playtime":2847,"items_purged":["Strike_R"],"score":325,"play_id":"21ead48f-3a99-4f79-941f-1b2bd78166e7","local_time":"20190311122222","is_ascension_mode":true,"campfire_choices":[{"data":"Disarm","floor":6,"key":"SMITH"},{"data":"Whirlwind","floor":10,"key":"SMITH"},{"data":"Shockwave","floor":15,"key":"SMITH"},{"floor":24,"key":"REST"},{"floor":27,"key":"REST"},{"floor":32,"key":"REST"}],"neow_cost":"TEN_PERCENT_HP_LOSS","seed_source_timestamp":2307513356507209,"circlet_count":0,"master_deck":["Strike_R+1","Defend_R+1","Defend_R+1","Disarm+1","Whirlwind+1","Pommel Strike","Armaments+1","Headbutt","Shockwave+1","Bludgeon+1","Rampage+1","Infernal Blade","Brutality","Fire Breathing","Flame Barrier","Seeing Red+1"],"relics":["Burning Blood","Bronze Scales","Strawberry","Juzu Bracelet","Tiny House","War Paint","Dream Catcher","Regal Pillow","Ginger","Bottled Tornado"],"potions_floor_usage":[7,7,11,20,25,25,29,30],"damage_taken":[{"damage":4,"enemies":"Jaw Worm","floor":1,"turns":4},{"damage":0,"enemies":"Small Slimes","floor":3,"turns":4},{"damage":0,"enemies":"2 Louse","floor":5,"turns":4},{"damage":18,"enemies":"Lagavulin","floor":7,"turns":9},{"damage":7,"enemies":"Exordium Wildlife","floor":8,"turns":4},{"damage":1,"enemies":"Lots of Slimes","floor":11,"turns":2},{"damage":8,"enemies":"Gremlin Nob","floor":13,"turns":5},{"damage":22,"enemies":"The Guardian","floor":16,"turns":11},{"damage":20,"enemies":"Shell Parasite","floor":18,"turns":6},{"damage":26,"enemies":"2 Thieves","floor":20,"turns":4},{"damage":19,"enemies":"Centurion and Healer","floor":21,"turns":6},{"damage":7,"enemies":"Snake Plant","floor":23,"turns":3},{"damage":55,"enemies":"Slavers","floor":25,"turns":5},{"damage":20,"enemies":"Shelled Parasite and Fungi","floor":29,"turns":6},{"damage":16,"enemies":"Gremlin Leader","floor":30,"turns":5},{"damage":86,"enemies":"Automaton","floor":33,"turns":10}],"seed_played":"884059733351807771","potions_obtained":[{"floor":1,"key":"Strength Potion"},{"floor":5,"key":"Block Potion"},{"floor":7,"key":"Block Potion"},{"floor":16,"key":"Fire Potion"},{"floor":17,"key":"Ancient Potion"},{"floor":18,"key":"Regen Potion"},{"floor":25,"key":"AttackPotion"},{"floor":29,"key":"Regen Potion"}],"is_trial":false,"path_per_floor":["M","?","M","?","M","R","E","M","T","R","M","?","E","?","R","B",null,"M","$","M","M","?","M","R","E","T","R","$","M","E","?","R","B"],"character_chosen":"IRONCLAD","items_purchased":["War Paint","Ginger"],"campfire_rested":3,"item_purchase_floors":[19,28],"current_hp_per_floor":[72,58,64,64,70,70,58,57,64,64,69,62,60,60,60,44,84,70,70,62,49,49,48,73,24,24,64,64,50,54,54,84,0],"gold":44,"neow_bonus":"REMOVE_TWO","is_prod":false,"is_daily":false,"chose_seed":false,"campfire_upgraded":3,"win_rate":0,"timestamp":1552321342,"path_taken":["M","?","M","?","M","R","E","M","T","R","M","?","E","?","R","BOSS","M","$","M","M","?","M","R","E","T","R","$","M","E","?","R","BOSS"],"build_version":"2019-01-23","purchased_purges":1,"victory":false,"max_hp_per_floor":[72,72,72,72,72,72,72,72,79,79,79,79,79,79,79,79,84,84,84,84,84,84,84,84,84,84,84,84,84,84,84,84,84],"card_choices":[{"not_picked":["Carnage","Reckless Charge"],"picked":"Disarm","floor":1},{"not_picked":["Carnage","Body Slam"],"picked":"Whirlwind","floor":3},{"not_picked":["Warcry","Clothesline"],"picked":"Pommel Strike","floor":5},{"not_picked":["Headbutt","Clothesline"],"picked":"Armaments","floor":7},{"not_picked":["Flex","Twin Strike"],"picked":"Headbutt","floor":8},{"not_picked":["Burning Pact","Heavy Blade"],"picked":"Shockwave","floor":11},{"not_picked":["Entrench","Flex","Clothesline"],"picked":"SKIP","floor":13},{"not_picked":["Fiend Fire","Barricade"],"picked":"Bludgeon","floor":16},{"not_picked":["Twin Strike","Reckless Charge"],"picked":"Rampage+1","floor":18},{"not_picked":["Reckless Charge","Flex+1"],"picked":"Infernal Blade","floor":20},{"not_picked":["Wild Strike","Rupture","Cleave"],"picked":"SKIP","floor":21},{"not_picked":["Headbutt+1","Twin Strike","Perfected Strike"],"picked":"SKIP","floor":23},{"not_picked":["Clothesline","Immolate"],"picked":"Brutality","floor":25},{"not_picked":["Iron Wave","Havoc"],"picked":"Fire Breathing","floor":27},{"not_picked":["Corruption+1","Armaments","Iron Wave"],"picked":"SKIP","floor":29},{"not_picked":["Headbutt+1","Sever Soul"],"picked":"Flame Barrier","floor":30},{"not_picked":["Sword Boomerang","Anger"],"picked":"Seeing Red+1","floor":32}],"player_experience":119314,"relics_obtained":[{"floor":7,"key":"Bronze Scales"},{"floor":9,"key":"Strawberry"},{"floor":13,"key":"Juzu Bracelet"},{"floor":25,"key":"Dream Catcher"},{"floor":26,"key":"Regal Pillow"},{"floor":30,"key":"Bottled Tornado"}],"event_choices":[{"damage_healed":0,"gold_gain":0,"player_choice":"Entered Light","damage_taken":14,"max_hp_gain":0,"max_hp_loss":0,"event_name":"Shining Light","floor":2,"gold_loss":0,"cards_upgraded":["Strike_R","Defend_R"]},{"cards_removed":["Strike_R"],"damage_healed":0,"gold_gain":0,"player_choice":"Forget","damage_taken":0,"max_hp_gain":0,"max_hp_loss":0,"event_name":"Living Wall","floor":4,"gold_loss":0},{"cards_removed":["Defend_R"],"damage_healed":0,"gold_gain":0,"player_choice":"Card Removal","damage_taken":7,"max_hp_gain":0,"max_hp_loss":0,"event_name":"Golden Wing","floor":12,"gold_loss":0},{"cards_removed":["Defend_R"],"damage_healed":0,"gold_gain":0,"player_choice":"Card Removal","damage_taken":0,"max_hp_gain":0,"max_hp_loss":0,"event_name":"Wheel of Change","floor":14,"gold_loss":0},{"cards_removed":["Bash"],"damage_healed":0,"gold_gain":0,"player_choice":"Elegance","damage_taken":0,"max_hp_gain":0,"max_hp_loss":0,"event_name":"Back to Basics","floor":22,"gold_loss":0},{"damage_healed":0,"gold_gain":0,"player_choice":"Ignored","damage_taken":0,"max_hp_gain":0,"max_hp_loss":0,"event_name":"WeMeetAgain","floor":31,"gold_loss":0}],"is_beta":false,"boss_relics":[{"not_picked":["Black Star","Snecko Eye"],"picked":"Tiny House"}],"items_purged_floors":[19],"is_endless":false,"potions_floor_spawned":[1,5,7,16,18,25,29],"killed_by":"Automaton","ascension_level":2}