{"gold_per_floor":[10,10,10,29,42,75,86,86,109,168,187,362,362,362],"floor_reached":14,"playtime":825,"items_purged":[],"score":170,"play_id":"c45998c9-7714-419a-945d-7282cf4dbd33","local_time":"20190309193853","is_ascension_mode":true,"campfire_choices":[{"floor":8,"key":"REST"}],"neow_cost":"NO_GOLD","seed_source_timestamp":5398636360804,"circlet_count":0,"master_deck":["AscendersBane","Strike_B","Strike_B","Strike_B+1","Defend_B","Defend_B","Defend_B","Defend_B","Zap","Dualcast","Jack Of All Trades+1","Magnetism","Hologram","Recycle","Cold Snap","Go for the Eyes","Defragment","Glacier","Blizzard","Doubt"],"relics":["Cracked Core","FaceOfCleric","Ancient Tea Set","Tiny Chest"],"potions_floor_usage":[10,14],"damage_taken":[{"damage":0,"enemies":"Small Slimes","floor":1,"turns":3},{"damage":7,"enemies":"Jaw Worm","floor":4,"turns":4},{"damage":3,"enemies":"Cultist","floor":5,"turns":4},{"damage":23,"enemies":"Lagavulin","floor":6,"turns":7},{"damage":10,"enemies":"Large Slime","floor":7,"turns":4},{"damage":10,"enemies":"3 Sentries","floor":10,"turns":12},{"damage":4,"enemies":"Looter","floor":11,"turns":4},{"damage":41,"enemies":"Gremlin Nob","floor":14,"turns":5}],"seed_played":"8521509248146345153","potions_obtained":[{"floor":6,"key":"Dexterity Potion"},{"floor":10,"key":"Explosive Potion"},{"floor":11,"key":"Regen Potion"}],"is_trial":false,"path_per_floor":["M","?","?","M","M","E","M","R","T","E","M","?","?","E"],"character_chosen":"DEFECT","items_purchased":[],"campfire_rested":1,"item_purchase_floors":[],"current_hp_per_floor":[64,64,64,58,56,34,25,47,47,38,35,35,20,0],"gold":362,"neow_bonus":"RANDOM_COLORLESS_2","is_prod":false,"is_daily":false,"chose_seed":false,"campfire_upgraded":0,"win_rate":0,"timestamp":1552171133,"path_taken":["M","?","?","M","M","E","M","R","T","E","?","?","?","E"],"build_version":"2019-01-23","purchased_purges":0,"victory":false,"max_hp_per_floor":[71,71,71,72,73,74,75,75,75,76,77,77,77,77],"card_choices":[{"not_picked":["Tempest","Static Discharge"],"picked":"Hologram","floor":1},{"not_picked":["Gash","Sweeping Beam"],"picked":"Cold Snap","floor":4},{"not_picked":["Turbo","Skim"],"picked":"Go for the Eyes","floor":5},{"not_picked":["Sunder","Storm"],"picked":"Defragment","floor":6},{"not_picked":["Compile Driver","Gash"],"picked":"Glacier","floor":7},{"not_picked":["Rebound","Lockon","Recycle"],"picked":"SKIP","floor":10},{"not_picked":["White Noise","Consume"],"picked":"Blizzard","floor":11}],"player_experience":708511,"relics_obtained":[{"floor":6,"key":"Ancient Tea Set"},{"floor":10,"key":"Tiny Chest"}],"event_choices":[{"damage_healed":0,"gold_gain":0,"cards_transformed":["Strike_B"],"player_choice":"Change","damage_taken":0,"max_hp_gain":0,"max_hp_loss":0,"event_name":"Living Wall","floor":2,"gold_loss":0,"cards_obtained":["Recycle"]},{"damage_healed":0,"gold_gain":0,"player_choice":"Trade","damage_taken":0,"relics_obtained":["FaceOfCleric"],"max_hp_gain":0,"max_hp_loss":0,"event_name":"FaceTrader","floor":3,"gold_loss":0},{"damage_healed":0,"gold_gain":175,"player_choice":"AGREE","damage_taken":0,"max_hp_gain":0,"max_hp_loss":0,"event_name":"Liars Game","floor":12,"gold_loss":0,"cards_obtained":["Doubt"]},{"damage_healed":0,"gold_gain":0,"player_choice":"Entered Light","damage_taken":15,"max_hp_gain":0,"max_hp_loss":0,"event_name":"Shining Light","floor":13,"gold_loss":0,"cards_upgraded":["Strike_B","Jack Of All Trades"]}],"is_beta":false,"boss_relics":[],"items_purged_floors":[],"is_endless":false,"potions_floor_spawned":[6,10,11],"killed_by":"Gremlin Nob","ascension_level":14}