{"gold_per_floor":[362,66,84,84,102,102,27,42,42,42,42,68,68,3,3,82,82,82,82,82,82,0,0,0,0,0,0,0,0,0,0,0,0,0,0,0,0,0,0,0,0,0,0,0,0,0,0,0,0,0],"floor_reached":50,"playtime":2018,"items_purged":["Strike_G"],"score":930,"play_id":"b1b24487-cb55-4809-a190-816fd7fc4f5a","local_time":"20190311142743","is_ascension_mode":true,"campfire_choices":[{"data":"Sadistic Nature","floor":6.0,"key":"SMITH"},{"data":"Burst","floor":10.0,"key":"SMITH"},{"data":"Dagger Spray","floor":13.0,"key":"SMITH"},{"data":"Crippling Poison","floor":15.0,"key":"SMITH"},{"floor":23.0,"key":"REST"},{"data":"Noxious Fumes","floor":27.0,"key":"SMITH"},{"data":"Caltrops","floor":30.0,"key":"SMITH"},{"data":"Bouncing Flask","floor":32.0,"key":"SMITH"},{"floor":40.0,"key":"REST"},{"floor":42.0,"key":"RECALL"},{"floor":49.0,"key":"REST"}],"neow_cost":"PERCENT_DAMAGE","seed_source_timestamp":419126581131186,"circlet_count":0,"master_deck":["AscendersBane","Defend_G","Defend_G","Defend_G","Defend_G","Defend_G","Strike_G","Strike_G","Strike_G","Strike_G","Survivor","PiercingWail","Sadistic Nature+1","Caltrops+1","Dagger Spray+1","Burst+1","Neutralize","Venomology","Crippling Poison+1","Adrenaline","Noxious Fumes+1","PiercingWail","Deadly Poison+1","Bouncing Flask+1","Tools of the Trade"],"special_seed":0,"relics":["Ring of the Snake","Singing Bowl","Incense Burner","The Courier","Ectoplasm","Bag of Preparation","Pantograph","Fusion Hammer","Turnip","Red Mask"],"potions_floor_usage":[50,50,50,50],"damage_taken":[{"damage":2.0,"enemies":"Cultist","floor":1.0,"turns":5.0},{"damage":0.0,"enemies":"2 Louse","floor":3.0,"turns":3.0},{"damage":3.0,"enemies":"Small Slimes","floor":5.0,"turns":5.0},{"damage":0.0,"enemies":"2 Fungi Beasts","floor":8.0,"turns":4.0},{"damage":3.0,"enemies":"Gremlin Nob","floor":12.0,"turns":3.0},{"damage":35.0,"enemies":"Slime Boss","floor":16.0,"turns":13.0},{"damage":17.0,"enemies":"Shell Parasite","floor":18.0,"turns":7.0},{"damage":0.0,"enemies":"3 Byrds","floor":19.0,"turns":4.0},{"damage":21.0,"enemies":"Shelled Parasite and Fungi","floor":20.0,"turns":5.0},{"damage":5.0,"enemies":"Snecko","floor":21.0,"turns":4.0},{"damage":15.0,"enemies":"Centurion and Healer","floor":24.0,"turns":5.0},{"damage":3.0,"enemies":"Gremlin Leader","floor":28.0,"turns":5.0},{"damage":6.0,"enemies":"Snake Plant","floor":29.0,"turns":3.0},{"damage":0.0,"enemies":"3 Cultists","floor":31.0,"turns":3.0},{"damage":28.0,"enemies":"Automaton","floor":33.0,"turns":9.0},{"damage":9.0,"enemies":"Orb Walker","floor":35.0,"turns":3.0},{"damage":8.0,"enemies":"3 Darklings","floor":36.0,"turns":3.0},{"damage":7.0,"enemies":"Maw","floor":44.0,"turns":6.0},{"damage":7.0,"enemies":"4 Shapes","floor":45.0,"turns":4.0},{"damage":42.0,"enemies":"Spire Growth","floor":46.0,"turns":5.0},{"damage":22.0,"enemies":"3 Darklings","floor":47.0,"turns":5.0},{"damage":81,"enemies":"Donu and Deca","floor":50,"turns":6}],"seed_played":"-1074473188178332439","potions_obtained":[{"floor":5.0,"key":"FearPotion"},{"floor":8.0,"key":"AttackPotion"},{"floor":12.0,"key":"GamblersBrew"},{"floor":16.0,"key":"Strength Potion"},{"floor":21.0,"key":"Strength Potion"},{"floor":24.0,"key":"Strength Potion"},{"floor":29.0,"key":"Block Potion"},{"floor":35.0,"key":"PowerPotion"},{"floor":45.0,"key":"PowerPotion"}],"is_trial":false,"path_per_floor":["M","$","M","T","M","R","$","M","T","R","?","E","R","$","R","B",null,"M","M","M","M","?","R","M","?","T","R","E","M","R","M","R","B",null,"M","M","$","?","$","R","$","R","T","M","M","M","M","?","R","B"],"character_chosen":"THE_SILENT","items_purchased":["Sadistic Nature","Caltrops","Crippling Poison"],"campfire_rested":3,"item_purchase_floors":[2,2,14],"current_hp_per_floor":[42,42,42,42,41,41,41,41,41,41,41,40,40,40,40,5,54,37,37,18,13,13,34,21,74,74,74,71,67,67,69,69,59,73,66,60,60,60,60,82,82,82,82,77,72,32,12,12,39,0],"gold":0,"neow_bonus":"TWO_FIFTY_GOLD","is_prod":false,"is_daily":false,"chose_seed":false,"campfire_upgraded":7,"win_rate":0,"timestamp":1552310863,"path_taken":["M","$","M","?","M","R","$","M","T","R","?","E","R","$","R","BOSS","M","M","?","M","?","R","M","?","T","R","E","M","R","M","R","BOSS","M","M","?","?","$","R","?","R","T","M","M","?","M","?","R","BOSS"],"build_version":"2019-01-23","purchased_purges":1,"victory":false,"max_hp_per_floor":[66,66,66,66,68,68,68,68,68,68,68,70,70,70,70,70,70,70,70,72,72,72,72,74,74,74,74,74,76,76,78,78,78,78,80,82,82,82,82,82,82,82,82,84,86,88,90,90,90,90],"card_choices":[{"not_picked":["Underhanded Strike","Bane"],"picked":"PiercingWail","floor":1.0},{"not_picked":["Dodge and Roll","Bane"],"picked":"Dagger Spray","floor":3.0},{"not_picked":["Outmaneuver","Acrobatics","Dagger Spray"],"picked":"Singing Bowl","floor":5.0},{"not_picked":["Flying Knee","Terror"],"picked":"Burst","floor":8.0},{"not_picked":["Slice","Backflip","Flying Knee"],"picked":"Singing Bowl","floor":12.0},{"not_picked":["Grand Finale","Doppelganger"],"picked":"Adrenaline","floor":16.0},{"not_picked":["Terror","Escape Plan"],"picked":"Noxious Fumes","floor":18.0},{"not_picked":["Bane","Deflect"],"picked":"PiercingWail","floor":19.0},{"not_picked":["Sucker Punch","All Out Attack","Flying Knee+1"],"picked":"Singing Bowl","floor":20.0},{"not_picked":["Flying Knee","Well Laid Plans"],"picked":"Deadly Poison+1","floor":21.0},{"not_picked":["Bane","Distraction","Acrobatics"],"picked":"Singing Bowl","floor":24.0},{"not_picked":["Poisoned Stab","Dodge and Roll"],"picked":"Bouncing Flask","floor":28.0},{"not_picked":["Calculated Gamble","PiercingWail","Dodge and Roll+1"],"picked":"Singing Bowl","floor":29.0},{"not_picked":["Cloak And Dagger","Dagger Spray","Blade Dance"],"picked":"Singing Bowl","floor":31.0},{"not_picked":["Venomology","Burst"],"picked":"Tools of the Trade","floor":33.0},{"not_picked":["Bane+1","Cloak And Dagger","All Out Attack"],"picked":"Singing Bowl","floor":35.0},{"not_picked":["Backflip","Flying Knee","Outmaneuver"],"picked":"Singing Bowl","floor":36.0},{"not_picked":["Quick Slash","Expertise","Blade Dance"],"picked":"Singing Bowl","floor":44.0},{"not_picked":["Backflip","Endless Agony+1","Acrobatics"],"picked":"Singing Bowl","floor":45.0},{"not_picked":["Deadly Poison+1","Masterful Stab","Unload"],"picked":"Singing Bowl","floor":46.0},{"not_picked":["Deadly Poison","Flechettes","Cloak And Dagger+1"],"picked":"Singing Bowl","floor":47.0}],"player_experience":963111,"relics_obtained":[{"floor":4.0,"key":"Singing Bowl"},{"floor":9.0,"key":"Incense Burner"},{"floor":12.0,"key":"The Courier"},{"floor":26.0,"key":"Bag of Preparation"},{"floor":28.0,"key":"Pantograph"},{"floor":43.0,"key":"Turnip"}],"event_choices":[{"damage_healed":0.0,"max_hp_gain":0.0,"max_hp_loss":0.0,"gold_gain":0.0,"event_name":"Match and Keep!","player_choice":"3 cards matched","floor":11.0,"gold_loss":0.0,"damage_taken":0.0,"cards_obtained":["Neutralize","Escape Plan","Venomology"]},{"damage_healed":0.0,"max_hp_gain":0.0,"max_hp_loss":0.0,"gold_gain":0.0,"event_name":"Masked Bandits","player_choice":"Paid Fearfully","floor":22.0,"gold_loss":82.0,"damage_taken":0.0},{"cards_removed":["Escape Plan"],"damage_healed":53.0,"max_hp_gain":0.0,"max_hp_loss":0.0,"gold_gain":0.0,"event_name":"Bonfire Elementals","player_choice":"Offered Uncommon","floor":25.0,"gold_loss":0.0,"damage_taken":0.0},{"cards_removed":["Neutralize"],"damage_healed":0.0,"max_hp_gain":0.0,"max_hp_loss":0.0,"gold_gain":0.0,"event_name":"Falling","player_choice":"Removed Attack","floor":38.0,"gold_loss":0.0,"damage_taken":0.0},{"damage_healed":0.0,"max_hp_gain":0.0,"max_hp_loss":0.0,"gold_gain":0.0,"event_name":"Tomb of Lord Red Mask","player_choice":"Paid","floor":48.0,"gold_loss":0.0,"damage_taken":0.0,"relics_obtained":["Red Mask"]}],"is_beta":false,"boss_relics":[{"not_picked":["Eternal Feather","Busted Crown"],"picked":"Ectoplasm"},{"not_picked":["Tiny House","Runic Pyramid"],"picked":"Fusion Hammer"}],"items_purged_floors":[7],"is_endless":false,"potions_floor_spawned":[5,8,12,16,21,24,28,29,35,44,45,47],"killed_by":"Donu and Deca","ascension_level":19}