{"gold_per_floor":[117,133,133,149,149,149,170,189,216,216,229,174,218,30,30,121,121,142,142,160,160,60,60,81,81],"floor_reached":25,"playtime":1022,"items_purged":["Strike_G","Shame"],"score":386,"play_id":"44949529-71da-45ee-a460-51813f5c5390","local_time":"20190307173451","is_ascension_mode":true,"campfire_choices":[{"data":"Envenom","floor":6,"key":"SMITH"},{"data":"Neutralize","floor":10,"key":"SMITH"},{"floor":15,"key":"REST"},{"data":"Caltrops","floor":23,"key":"SMITH"}],"neow_cost":"NONE","seed_source_timestamp":86105321972445,"circlet_count":0,"master_deck":["AscendersBane","Defend_G","Defend_G","Defend_G","Defend_G","Defend_G","Strike_G","Strike_G","Strike_G","Strike_G","Survivor","Neutralize+1","A Thousand Cuts","Caltrops+1","Crippling Poison","Envenom+1","Infinite Blades","Leg Sweep","Cloak And Dagger","Cloak And Dagger","Blade Dance","Adrenaline","Accuracy","Backstab","Infinite Blades","Dagger Spray"],"relics":["Ring of the Snake","Golden Idol","Oddly Smooth Stone","Centennial Puzzle","Orrery","Bag of Marbles"],"potions_floor_usage":[11,25],"damage_taken":[{"damage":10,"enemies":"Jaw Worm","floor":1,"turns":8},{"damage":8,"enemies":"2 Louse","floor":2,"turns":4},{"damage":2,"enemies":"Small Slimes","floor":4,"turns":4},{"damage":6,"enemies":"Blue Slaver","floor":7,"turns":6},{"damage":1,"enemies":"Red Slaver","floor":8,"turns":4},{"damage":15,"enemies":"3 Louse","floor":11,"turns":3},{"damage":15,"enemies":"Lagavulin","floor":13,"turns":9},{"damage":13,"enemies":"The Guardian","floor":16,"turns":12},{"damage":10,"enemies":"Shell Parasite","floor":18,"turns":7},{"damage":17,"enemies":"Chosen","floor":20,"turns":5},{"damage":19,"enemies":"3 Cultists","floor":24,"turns":6},{"damage":5,"enemies":"Snecko","floor":25,"turns":3}],"seed_played":"9034264472103606413","potions_obtained":[{"floor":1,"key":"FearPotion"},{"floor":4,"key":"Explosive Potion"},{"floor":7,"key":"Regen Potion"},{"floor":18,"key":"Swift Potion"}],"is_trial":false,"path_per_floor":["M","M","?","M","?","R","M","M","T","R","M","?","E","$","R","B",null,"M","$","M","?","$","R","M","M"],"character_chosen":"THE_SILENT","items_purchased":["Cloak And Dagger","Blade Dance"],"campfire_rested":1,"item_purchase_floors":[14,14],"current_hp_per_floor":[49,41,41,39,39,39,33,32,32,32,29,29,14,14,32,19,50,40,40,23,23,23,23,4,0],"gold":81,"neow_bonus":"ONE_RANDOM_RARE_CARD","is_prod":false,"is_daily":false,"chose_seed":false,"campfire_upgraded":3,"win_rate":0,"timestamp":1551976491,"path_taken":["M","M","?","M","?","R","M","M","T","R","M","?","E","$","R","BOSS","M","$","M","?","$","R","M","M"],"build_version":"2019-01-23","purchased_purges":2,"victory":false,"max_hp_per_floor":[66,66,60,60,60,60,60,60,60,60,60,60,60,60,60,60,60,60,60,60,60,60,60,60,60],"card_choices":[{"not_picked":["Underhanded Strike","Catalyst"],"picked":"Caltrops","floor":1},{"not_picked":["Prepared","Slice"],"picked":"Crippling Poison","floor":2},{"not_picked":["Underhanded Strike","Blade Dance"],"picked":"Envenom","floor":4},{"not_picked":["Blade Dance","Setup"],"picked":"Infinite Blades","floor":7},{"not_picked":["Distraction","Sucker Punch"],"picked":"Leg Sweep","floor":8},{"not_picked":["Reflex","Blur","Sucker Punch"],"picked":"SKIP","floor":11},{"not_picked":["Leg Sweep","Catalyst"],"picked":"Cloak And Dagger","floor":13},{"not_picked":["Tools of the Trade","Night Terror"],"picked":"Adrenaline","floor":16},{"not_picked":["Backstab","Tactician"],"picked":"Accuracy","floor":17},{"not_picked":["Deflect","Poisoned Stab"],"picked":"Backstab","floor":17},{"not_picked":["Bouncing Flask","Skewer"],"picked":"Infinite Blades","floor":17},{"not_picked":["Escape Plan","Dodge and Roll"],"picked":"Dagger Spray","floor":17},{"not_picked":["Dodge and Roll","Quick Slash+1","Eviscerate"],"picked":"SKIP","floor":18},{"not_picked":["Deflect","Outmaneuver","Slice+1"],"picked":"SKIP","floor":20},{"not_picked":["Leg Sweep","Dodge and Roll","Skewer"],"picked":"SKIP","floor":24}],"player_experience":924286,"relics_obtained":[{"floor":9,"key":"Oddly Smooth Stone"},{"floor":13,"key":"Centennial Puzzle"}],"event_choices":[{"damage_healed":0,"gold_gain":0,"player_choice":"Lose Max HP","damage_taken":0,"relics_obtained":["Golden Idol"],"max_hp_gain":0,"max_hp_loss":6,"event_name":"Golden Idol","floor":3,"gold_loss":0},{"damage_healed":0,"gold_gain":0,"player_choice":"Ignored","damage_taken":0,"max_hp_gain":0,"max_hp_loss":0,"event_name":"Liars Game","floor":5,"gold_loss":0},{"damage_healed":0,"gold_gain":0,"player_choice":"Left Gold","damage_taken":0,"max_hp_gain":0,"max_hp_loss":0,"event_name":"World of Goop","floor":12,"gold_loss":55},{"damage_healed":0,"gold_gain":0,"player_choice":"Stole Relic","damage_taken":0,"relics_obtained":["Bag of Marbles"],"max_hp_gain":0,"max_hp_loss":0,"event_name":"Addict","floor":21,"gold_loss":0,"cards_obtained":["Shame"]}],"is_beta":false,"boss_relics":[{"not_picked":["Tiny House","Runic Pyramid"],"picked":"Orrery"}],"items_purged_floors":[14,22],"is_endless":false,"potions_floor_spawned":[1,4,7,18,20],"killed_by":"Snecko","ascension_level":18}