{"gold_per_floor":[218,234,254,268,28,28,48,61,109,121,46,46,62,73,73,171,171,189,200,2,2,2,2,37,37],"floor_reached":25,"playtime":885,"items_purged":[],"score":242,"play_id":"28cbc3a6-ffef-48f3-bac1-56347bfecdf3","local_time":"20190306011339","is_ascension_mode":false,"campfire_choices":[{"data":"Blade Dance","floor":6,"key":"SMITH"},{"data":"Caltrops","floor":12,"key":"SMITH"},{"floor":15,"key":"REST"},{"floor":23,"key":"REST"}],"neow_cost":"NONE","seed_source_timestamp":341727370352666,"circlet_count":0,"master_deck":["Defend_G","Defend_G","Defend_G","Defend_G","Defend_G","Strike_G","Strike_G","Survivor","Neutralize","Caltrops+1","Well Laid Plans","Blade Dance+1","Backstab","Accuracy","Terror","Noxious Fumes","After Image","Blade Dance+1","Outmaneuver+1","Night Terror+1","Blade Dance+1","Cloak And Dagger","Cloak And Dagger","Necronomicurse","Blade Dance"],"relics":["Ring of the Snake","Shuriken","Smiling Mask","Astrolabe","Anchor","Necronomicon","Strawberry"],"potions_floor_usage":[4,7,14,16,24],"damage_taken":[{"damage":0,"enemies":"Jaw Worm","floor":1,"turns":6},{"damage":0,"enemies":"Small Slimes","floor":2,"turns":4},{"damage":0,"enemies":"2 Louse","floor":3,"turns":3},{"damage":4,"enemies":"Looter","floor":4,"turns":3},{"damage":8,"enemies":"Gremlin Gang","floor":7,"turns":5},{"damage":6,"enemies":"Large Slime","floor":8,"turns":7},{"damage":16,"enemies":"Exordium Thugs","floor":10,"turns":4},{"damage":1,"enemies":"Red Slaver","floor":13,"turns":3},{"damage":6,"enemies":"Exordium Wildlife","floor":14,"turns":4},{"damage":27,"enemies":"Hexaghost","floor":16,"turns":6},{"damage":17,"enemies":"Spheric Guardian","floor":18,"turns":4},{"damage":23,"enemies":"Shell Parasite","floor":19,"turns":4},{"damage":20,"enemies":"Book of Stabbing","floor":24,"turns":5},{"damage":26,"enemies":"Snake Plant","floor":25,"turns":4}],"seed_played":"-8226864665988390490","potions_obtained":[{"floor":1,"key":"FearPotion"},{"floor":3,"key":"Poison Potion"},{"floor":4,"key":"Strength Potion"},{"floor":10,"key":"Energy Potion"},{"floor":19,"key":"Poison Potion"}],"is_trial":false,"path_per_floor":["M","M","M","M","$","R","M","M","T","M","$","R","M","M","R","B",null,"M","M","$","?","?","R","E","M"],"character_chosen":"THE_SILENT","items_purchased":["Shuriken","Accuracy","Cloak And Dagger","Anchor"],"campfire_rested":2,"item_purchase_floors":[5,11,20,20],"current_hp_per_floor":[70,70,70,66,66,66,58,52,52,36,36,36,35,29,50,23,70,53,30,30,30,14,35,22,0],"gold":37,"neow_bonus":"HUNDRED_GOLD","is_prod":false,"is_daily":false,"chose_seed":false,"campfire_upgraded":2,"win_rate":0,"timestamp":1551831219,"path_taken":["M","M","M","M","$","R","M","M","T","M","$","R","M","M","R","BOSS","M","M","$","?","?","R","E","M"],"build_version":"2019-01-23","purchased_purges":0,"victory":false,"max_hp_per_floor":[70,70,70,70,70,70,70,70,70,70,70,70,70,70,70,70,70,70,70,70,70,70,70,77,77],"card_choices":[{"not_picked":["Bane","Prepared"],"picked":"Caltrops","floor":1},{"not_picked":["Flying Knee","Distraction","Eviscerate"],"picked":"SKIP","floor":2},{"not_picked":["Flying Knee","Distraction","Eviscerate"],"picked":"SKIP","floor":2},{"not_picked":["All Out Attack","Terror"],"picked":"Well Laid Plans","floor":3},{"not_picked":["Dagger Throw","Deflect"],"picked":"Blade Dance","floor":4},{"not_picked":["Deflect","Slice","Prepared"],"picked":"SKIP","floor":7},{"not_picked":["Dagger Throw","Expertise"],"picked":"Backstab","floor":8},{"not_picked":["Slice","Acrobatics","Flying Knee"],"picked":"SKIP","floor":10},{"not_picked":["Sucker Punch","Slice"],"picked":"Terror","floor":13},{"not_picked":["Predator","Bane"],"picked":"Noxious Fumes","floor":14},{"not_picked":["Glass Knife","Corpse Explosion"],"picked":"After Image","floor":16},{"not_picked":["Outmaneuver+1","Bane"],"picked":"Blade Dance+1","floor":18},{"not_picked":["Underhanded Strike","Flying Knee","Deadly Poison+1"],"picked":"SKIP","floor":19},{"not_picked":["Heel Hook","Dodge and Roll"],"picked":"Blade Dance","floor":24}],"player_experience":900653,"relics_obtained":[{"floor":9,"key":"Smiling Mask"},{"floor":22,"key":"Necronomicon"},{"floor":24,"key":"Strawberry"}],"event_choices":[{"damage_healed":0,"gold_gain":0,"player_choice":"Read","damage_taken":0,"max_hp_gain":0,"max_hp_loss":0,"event_name":"The Library","floor":21,"gold_loss":0,"cards_obtained":["Cloak And Dagger"]},{"damage_healed":0,"gold_gain":0,"player_choice":"Obtained Book","damage_taken":16,"max_hp_gain":0,"max_hp_loss":0,"event_name":"Cursed Tome","floor":22,"gold_loss":0}],"is_beta":false,"boss_relics":[{"not_picked":["Black Star","Pandora\u0027s Box"],"picked":"Astrolabe"}],"items_purged_floors":[],"is_endless":false,"potions_floor_spawned":[1,3,4,10,19],"killed_by":"Snake Plant","ascension_level":0}