{"gold_per_floor":[111,36,36,36,36,36,67,67,94,119,136,149,175,194,194,295,295,308,258,258,274,274,274,286,286,309,309,322,333,361,361],"floor_reached":31,"playtime":1863,"items_purged":["Strike_R"],"score":371,"play_id":"225c4d29-2868-4ab0-aac2-6211dae5fbf0","local_time":"20190304002643","is_ascension_mode":true,"campfire_choices":[{"data":"Shrug It Off","floor":6,"key":"SMITH"},{"floor":8,"key":"DIG"},{"floor":15,"key":"RECALL"},{"floor":23,"key":"DIG"},{"floor":25,"key":"DIG"},{"floor":27,"key":"DIG"}],"neow_cost":"NONE","seed_source_timestamp":95104518391599,"circlet_count":0,"master_deck":["Strike_R","Strike_R","Strike_R","Defend_R","Defend_R","Defend_R","Defend_R","Bash","Shrug It Off+1","Spot Weakness","Spot Weakness","Shockwave","Pommel Strike","Thunderclap+1","Flex","Headbutt","Reaper","Rampage","Decay","Body Slam+1","Cleave+1","Pummel+1","Rage+1","Twin Strike"],"relics":["Black Blood","NeowsBlessing","Shovel","Torii","Anchor","Smiling Mask","Prayer Wheel","Unceasing Top","Whetstone","The Courier","Lantern"],"potions_floor_usage":[13,13,16,24,30,30],"damage_taken":[{"damage":0,"enemies":"Cultist","floor":1,"turns":1},{"damage":0,"enemies":"Gremlin Nob","floor":7,"turns":1},{"damage":0,"enemies":"Lagavulin","floor":10,"turns":1},{"damage":0,"enemies":"2 Louse","floor":11,"turns":4},{"damage":0,"enemies":"Small Slimes","floor":12,"turns":3},{"damage":2,"enemies":"3 Sentries","floor":13,"turns":9},{"damage":11,"enemies":"Looter","floor":14,"turns":3},{"damage":16,"enemies":"Hexaghost","floor":16,"turns":10},{"damage":40,"enemies":"Shell Parasite","floor":18,"turns":7},{"damage":33,"enemies":"Spheric Guardian","floor":21,"turns":5},{"damage":33,"enemies":"Snake Plant","floor":24,"turns":5},{"damage":28,"enemies":"Chosen and Byrds","floor":28,"turns":5},{"damage":39,"enemies":"Centurion and Healer","floor":29,"turns":5},{"damage":26,"enemies":"Book of Stabbing","floor":30,"turns":4},{"damage":11,"enemies":"Sentry and Sphere","floor":31,"turns":2}],"seed_played":"-4460417891087556460","potions_obtained":[{"floor":1,"key":"SkillPotion"},{"floor":7,"key":"GamblersBrew"},{"floor":12,"key":"Poison Potion"},{"floor":14,"key":"Strength Potion"},{"floor":16,"key":"Strength Potion"},{"floor":29,"key":"PowerPotion"},{"floor":30,"key":"SpeedPotion"}],"is_trial":false,"path_per_floor":["M","$","?","?","?","R","E","R","T","E","M","M","E","M","R","B",null,"M","$","?","M","?","R","M","R","T","R","M","M","E","M"],"character_chosen":"IRONCLAD","items_purchased":["Spot Weakness"],"campfire_rested":0,"item_purchase_floors":[2],"current_hp_per_floor":[80,80,85,85,78,78,84,84,84,85,85,85,85,80,80,70,85,64,64,64,47,47,47,34,34,34,34,32,27,11,0],"gold":361,"neow_bonus":"THREE_ENEMY_KILL","is_prod":false,"is_daily":false,"chose_seed":false,"campfire_upgraded":1,"win_rate":0,"timestamp":1551680803,"path_taken":["M","?","?","?","?","R","E","R","T","E","M","M","E","M","R","BOSS","M","$","?","M","?","R","?","R","T","R","?","?","E","M"],"build_version":"2019-01-23","purchased_purges":1,"victory":false,"max_hp_per_floor":[80,80,85,85,85,85,85,85,85,85,85,85,85,85,85,85,85,85,85,85,85,85,85,85,85,85,85,85,85,85,85],"card_choices":[{"not_picked":["Rupture","Havoc"],"picked":"Shrug It Off","floor":1},{"not_picked":["Metallicize","Uppercut"],"picked":"Spot Weakness","floor":7},{"not_picked":["Warcry","Rupture"],"picked":"Shockwave","floor":10},{"not_picked":["Burning Pact","True Grit"],"picked":"Pommel Strike","floor":11},{"not_picked":["Warcry","Shockwave"],"picked":"Thunderclap","floor":12},{"not_picked":["Anger","Disarm"],"picked":"Flex","floor":13},{"not_picked":["Infernal Blade","Warcry"],"picked":"Headbutt","floor":14},{"not_picked":["Bludgeon","Offering"],"picked":"Reaper","floor":16},{"not_picked":["Rage","Body Slam"],"picked":"Rampage","floor":18},{"not_picked":["Ghostly Armor","Combust","Iron Wave"],"picked":"SKIP","floor":21},{"not_picked":["Anger+1","Ghostly Armor"],"picked":"Body Slam+1","floor":24},{"not_picked":["Armaments","Havoc+1"],"picked":"Cleave","floor":24},{"not_picked":["Body Slam+1","Uppercut"],"picked":"Pummel+1","floor":28},{"not_picked":["Feel No Pain+1","Warcry","Pommel Strike"],"picked":"SKIP","floor":28},{"not_picked":["Body Slam","Burning Pact+1"],"picked":"Rage+1","floor":29},{"not_picked":["Clothesline+1","True Grit+1","Shrug It Off"],"picked":"SKIP","floor":29},{"not_picked":["Clash","Juggernaut"],"picked":"Twin Strike","floor":30}],"player_experience":180809,"relics_obtained":[{"floor":7,"key":"Shovel"},{"floor":8,"key":"Torii"},{"floor":10,"key":"Anchor"},{"floor":13,"key":"Smiling Mask"},{"floor":23,"key":"Prayer Wheel"},{"floor":25,"key":"Unceasing Top"},{"floor":26,"key":"Whetstone"},{"floor":27,"key":"The Courier"},{"floor":30,"key":"Lantern"}],"event_choices":[{"damage_healed":0,"gold_gain":0,"player_choice":"Donut","damage_taken":0,"max_hp_gain":5,"max_hp_loss":0,"event_name":"Big Fish","floor":3,"gold_loss":0},{"damage_healed":0,"gold_gain":0,"player_choice":"Leave","damage_taken":0,"max_hp_gain":0,"max_hp_loss":0,"event_name":"The Cleric","floor":4,"gold_loss":0},{"cards_removed":["Strike_R"],"damage_healed":0,"gold_gain":0,"player_choice":"Card Removal","damage_taken":7,"max_hp_gain":0,"max_hp_loss":0,"event_name":"Golden Wing","floor":5,"gold_loss":0},{"damage_healed":0,"gold_gain":0,"player_choice":"Ignored","damage_taken":0,"max_hp_gain":0,"max_hp_loss":0,"event_name":"Ghosts","floor":20,"gold_loss":0},{"damage_healed":0,"gold_gain":0,"player_choice":"Cursed","damage_taken":0,"max_hp_gain":0,"max_hp_loss":0,"event_name":"Wheel of Change","floor":22,"gold_loss":0,"cards_obtained":["Decay"]}],"is_beta":false,"boss_relics":[{"not_picked":["Philosopher\u0027s Stone","Cursed Key"],"picked":"Black Blood"}],"items_purged_floors":[19],"is_endless":false,"potions_floor_spawned":[1,7,12,14,16,29,30],"killed_by":"Sentry and Sphere","ascension_level":3}