{"gold_per_floor":[111,36,36,56,74,108,108,127,150,150,168,223,233,64,64,161,161,173,24,39,55,68,68,82,0,26,26,41,41,60,60,60,60],"floor_reached":33,"playtime":2279,"items_purged":["Writhe","Strike_R"],"score":278,"play_id":"c7f4157f-b07f-448b-a6eb-2fcd9b21a429","local_time":"20190304040613","is_ascension_mode":false,"campfire_choices":[{"data":"Limit Break","floor":7,"key":"SMITH"},{"data":"Inflame","floor":10,"key":"SMITH"},{"floor":15,"key":"REST"},{"floor":23,"key":"REST"},{"floor":27,"key":"REST"},{"floor":32,"key":"REST"}],"neow_cost":"CURSE","seed_source_timestamp":122619293786640,"circlet_count":0,"master_deck":["Strike_R","Strike_R","Strike_R","Strike_R","Defend_R","Defend_R","Defend_R","Defend_R","Bash","Panacea","Jack Of All Trades","Armaments","Iron Wave","Inflame+1","Limit Break+1","Body Slam","Twin Strike","Iron Wave","Anger","Inflame","Thunderclap","Limit Break","Pommel Strike","Metallicize","Shrug It Off","Twin Strike","Heavy Blade","Iron Wave","Shame","Iron Wave+1","Entrench+1"],"relics":["Black Blood","Happy Flower","Dream Catcher","Ancient Tea Set","Vajra","PreservedInsect","Girya"],"potions_floor_usage":[12,16,16,24,31,33,33],"damage_taken":[{"damage":4,"enemies":"Jaw Worm","floor":1,"turns":5},{"damage":5,"enemies":"Small Slimes","floor":4,"turns":4},{"damage":3,"enemies":"2 Louse","floor":5,"turns":3},{"damage":34,"enemies":"3 Sentries","floor":6,"turns":10},{"damage":14,"enemies":"Blue Slaver","floor":8,"turns":3},{"damage":17,"enemies":"3 Louse","floor":11,"turns":3},{"damage":16,"enemies":"Gremlin Nob","floor":12,"turns":5},{"damage":13,"enemies":"Red Slaver","floor":13,"turns":3},{"damage":8,"enemies":"Hexaghost","floor":16,"turns":7},{"damage":37,"enemies":"Shell Parasite","floor":18,"turns":6},{"damage":25,"enemies":"Spheric Guardian","floor":20,"turns":4},{"damage":11,"enemies":"Snecko","floor":21,"turns":5},{"damage":26,"enemies":"Snake Plant","floor":22,"turns":4},{"damage":18,"enemies":"Centurion and Healer","floor":24,"turns":5},{"damage":40,"enemies":"3 Cultists","floor":28,"turns":6},{"damage":30,"enemies":"Snake Plant","floor":30,"turns":5},{"damage":0,"enemies":"Centurion and Healer","floor":31,"turns":1},{"damage":47,"enemies":"Collector","floor":33,"turns":3}],"seed_played":"6824627285520640413","potions_obtained":[{"floor":4,"key":"SpeedPotion"},{"floor":12,"key":"Swift Potion"},{"floor":13,"key":"Block Potion"},{"floor":16,"key":"GamblersBrew"},{"floor":18,"key":"Fire Potion"},{"floor":22,"key":"SmokeBomb"},{"floor":24,"key":"LiquidBronze"},{"floor":28,"key":"EssenceOfSteel"}],"is_trial":false,"path_per_floor":["M","$","?","M","M","E","R","M","T","R","M","?","M","$","R","B",null,"M","$","M","M","M","R","M","?","T","R","M","?","M","M","R","B"],"character_chosen":"IRONCLAD","items_purchased":["Inflame","Vajra"],"campfire_rested":4,"item_purchase_floors":[14,19],"current_hp_per_floor":[80,80,80,80,80,52,52,44,44,44,33,23,16,16,40,38,80,53,53,38,37,21,45,37,37,37,61,31,31,11,21,45,0],"gold":60,"neow_bonus":"RANDOM_COLORLESS_2","is_prod":false,"is_daily":false,"chose_seed":false,"campfire_upgraded":2,"win_rate":0.0,"timestamp":1551668773,"path_taken":["M","$","?","M","M","E","R","M","T","R","M","?","M","$","R","BOSS","M","$","M","M","M","R","M","?","T","R","M","?","M","M","R","BOSS"],"build_version":"2019-01-23","purchased_purges":2,"victory":false,"max_hp_per_floor":[80,80,80,80,80,80,80,80,80,80,80,80,80,80,80,80,80,80,80,80,80,80,80,80,80,80,80,80,80,80,80,80,80],"card_choices":[{"not_picked":["Reckless Charge","Warcry"],"picked":"Armaments","floor":1},{"not_picked":["Intimidate","Flex"],"picked":"Iron Wave","floor":4},{"not_picked":["Pommel Strike","Heavy Blade"],"picked":"Inflame","floor":5},{"not_picked":["Clothesline","Sword Boomerang"],"picked":"Limit Break","floor":6},{"not_picked":["Flame Barrier","Rampage"],"picked":"Body Slam","floor":8},{"not_picked":["Rupture","Body Slam"],"picked":"Twin Strike","floor":11},{"not_picked":["Clash","Warcry"],"picked":"Iron Wave","floor":12},{"not_picked":["Clash","Perfected Strike"],"picked":"Anger","floor":13},{"not_picked":["Blood for Blood","Heavy Blade"],"picked":"Thunderclap","floor":15},{"not_picked":["Berserk","Offering"],"picked":"Limit Break","floor":16},{"not_picked":["Thunderclap","Anger"],"picked":"Pommel Strike","floor":18},{"not_picked":["Pummel+1","Sword Boomerang"],"picked":"Metallicize","floor":20},{"not_picked":["Feel No Pain","Clash","Pummel+1"],"picked":"SKIP","floor":21},{"not_picked":["Clothesline+1","Disarm","Thunderclap"],"picked":"SKIP","floor":22},{"not_picked":["Clothesline","Uppercut"],"picked":"Shrug It Off","floor":23},{"not_picked":["Combust","Thunderclap"],"picked":"Twin Strike","floor":24},{"not_picked":["Body Slam","Burning Pact+1"],"picked":"Heavy Blade","floor":27},{"not_picked":["Clothesline+1","Limit Break"],"picked":"Iron Wave","floor":28},{"not_picked":["True Grit+1","Twin Strike+1"],"picked":"Iron Wave+1","floor":30},{"not_picked":["Combust","Sword Boomerang+1"],"picked":"Entrench+1","floor":32}],"player_experience":12102,"relics_obtained":[{"floor":6,"key":"Happy Flower"},{"floor":9,"key":"Dream Catcher"},{"floor":12,"key":"Ancient Tea Set"},{"floor":26,"key":"PreservedInsect"}],"event_choices":[{"damage_healed":0,"gold_gain":0,"player_choice":"Ignored","damage_taken":0,"max_hp_gain":0,"max_hp_loss":0,"event_name":"Golden Wing","floor":3,"gold_loss":0},{"damage_healed":0,"gold_gain":0,"player_choice":"Searched \u00271\u0027 times","damage_taken":0,"max_hp_gain":0,"max_hp_loss":0,"event_name":"Dead Adventurer","floor":12,"gold_loss":0},{"damage_healed":0,"gold_gain":0,"player_choice":"Paid Fearfully","damage_taken":0,"max_hp_gain":0,"max_hp_loss":0,"event_name":"Masked Bandits","floor":25,"gold_loss":82},{"damage_healed":0,"gold_gain":0,"player_choice":"Stole Relic","damage_taken":0,"relics_obtained":["Girya"],"max_hp_gain":0,"max_hp_loss":0,"event_name":"Addict","floor":29,"gold_loss":0,"cards_obtained":["Shame"]}],"is_beta":false,"boss_relics":[{"not_picked":["Orrery","Snecko Eye"],"picked":"Black Blood"}],"items_purged_floors":[2,14],"is_endless":false,"potions_floor_spawned":[4,12,13,16,18,22,24,28],"killed_by":"Collector","ascension_level":0}