{"gold_per_floor":[361,30,30,43,62,62,80,80,80,105,124,140,140,156,156,229,229,239,239,239,253,17,17,17,27,53,53],"floor_reached":27,"playtime":1116,"items_purged":["Strike_G"],"score":504,"play_id":"8bd53ae5-fd02-4450-b013-16b8c016f940","local_time":"20190306103152","is_ascension_mode":true,"campfire_choices":[{"data":"Glass Knife","floor":6.0,"key":"SMITH"},{"data":"Neutralize","floor":8.0,"key":"SMITH"},{"data":"Caltrops","floor":13.0,"key":"SMITH"},{"floor":15.0,"key":"REST"},{"data":"Dagger Spray","floor":23,"key":"SMITH"}],"neow_cost":"PERCENT_DAMAGE","seed_source_timestamp":374961764934840,"circlet_count":0,"master_deck":["AscendersBane","Defend_G","Defend_G","Defend_G","Defend_G","Defend_G","Strike_G","Strike_G","Strike_G","Survivor","Neutralize+1","Dagger Spray+1","Glass Knife+1","Dash","PiercingWail","Backflip","Caltrops+1","Accuracy","A Thousand Cuts","Infinite Blades+1","Accuracy","Leg Sweep"],"special_seed":0,"relics":["Ring of the Snake","Juzu Bracelet","Kunai","Pen Nib","Eternal Feather","Orichalcum","Bag of Preparation"],"potions_floor_usage":[25,27],"damage_taken":[{"damage":1.0,"enemies":"2 Louse","floor":1.0,"turns":4.0},{"damage":0.0,"enemies":"Jaw Worm","floor":4.0,"turns":4.0},{"damage":0.0,"enemies":"Cultist","floor":5.0,"turns":3.0},{"damage":4.0,"enemies":"Large Slime","floor":7.0,"turns":6.0},{"damage":47.0,"enemies":"Lagavulin","floor":10.0,"turns":9.0},{"damage":0.0,"enemies":"Looter","floor":11.0,"turns":3.0},{"damage":0.0,"enemies":"2 Fungi Beasts","floor":12.0,"turns":2.0},{"damage":3.0,"enemies":"Large Slime","floor":14.0,"turns":5.0},{"damage":0.0,"enemies":"Hexaghost","floor":16.0,"turns":10.0},{"damage":29,"enemies":"Shell Parasite","floor":18,"turns":7},{"damage":8,"enemies":"3 Byrds","floor":21,"turns":4},{"damage":17,"enemies":"Centurion and Healer","floor":25,"turns":7},{"damage":27,"enemies":"Gremlin Leader","floor":27,"turns":6}],"seed_played":"-5044318112947568242","potions_obtained":[{"floor":1.0,"key":"PowerPotion"},{"floor":5.0,"key":"EssenceOfSteel"},{"floor":16.0,"key":"GhostInAJar"},{"floor":25,"key":"Fire Potion"}],"is_trial":false,"path_per_floor":["M","$","?","M","M","R","M","R","T","E","M","M","R","M","R","B",null,"M","?","$","M","$","R","$","M","T","E"],"character_chosen":"THE_SILENT","items_purchased":["Juzu Bracelet","Glass Knife","Orichalcum"],"campfire_rested":1,"item_purchase_floors":[2,2,22],"current_hp_per_floor":[43,43,65,65,65,65,61,61,61,14,14,14,14,11,30,30,57,28,28,28,20,20,32,32,15,15,0],"gold":53,"neow_bonus":"TWO_FIFTY_GOLD","is_prod":false,"is_daily":false,"chose_seed":false,"campfire_upgraded":4,"win_rate":0,"timestamp":1551864712,"path_taken":["M","$","?","M","M","R","M","R","T","E","M","M","R","M","R","BOSS","M","?","?","M","$","R","$","M","T","E"],"build_version":"2019-01-23","purchased_purges":1,"victory":false,"max_hp_per_floor":[66,66,66,66,66,66,66,66,66,66,66,66,66,66,66,66,66,66,66,66,66,66,66,66,66,66,66],"card_choices":[{"not_picked":["Tactician","Bane"],"picked":"Dagger Spray","floor":1.0},{"not_picked":["Distraction","Acrobatics"],"picked":"Dash","floor":4.0},{"not_picked":["Accuracy","Acrobatics","Blade Dance"],"picked":"SKIP","floor":5.0},{"not_picked":["Deadly Poison","Heel Hook"],"picked":"PiercingWail","floor":7.0},{"not_picked":["Prepared","Glass Knife"],"picked":"Backflip","floor":10.0},{"not_picked":["Eviscerate","Terror"],"picked":"Caltrops","floor":11.0},{"not_picked":["Skewer","Escape Plan"],"picked":"Accuracy","floor":12.0},{"not_picked":["Bane","Heel Hook","Dodge and Roll"],"picked":"SKIP","floor":14.0},{"not_picked":["Phantasmal Killer","Malaise"],"picked":"A Thousand Cuts","floor":16.0},{"not_picked":["Escape Plan","Reflex"],"picked":"Infinite Blades+1","floor":18},{"not_picked":["Poisoned Stab","Prepared"],"picked":"Accuracy","floor":21},{"not_picked":["Concentrate+1","Dagger Throw"],"picked":"Leg Sweep","floor":25}],"player_experience":901538,"relics_obtained":[{"floor":9.0,"key":"Kunai"},{"floor":10.0,"key":"Pen Nib"},{"floor":26,"key":"Bag of Preparation"}],"event_choices":[{"damage_healed":22.0,"max_hp_gain":0.0,"max_hp_loss":0.0,"gold_gain":0.0,"event_name":"Big Fish","player_choice":"Banana","floor":3.0,"gold_loss":0.0,"damage_taken":0.0},{"cards_removed":["Strike_G"],"damage_healed":0,"gold_gain":0,"player_choice":"Purged","damage_taken":0,"max_hp_gain":0,"max_hp_loss":0,"event_name":"Purifier","floor":19,"gold_loss":0}],"is_beta":false,"boss_relics":[{"not_picked":["Astrolabe","Lizard Tail"],"picked":"Eternal Feather"}],"items_purged_floors":[22],"is_endless":false,"potions_floor_spawned":[1,5,7,12,16,25],"killed_by":"Gremlin Leader","ascension_level":18}