{"gold_per_floor":[10,27,44,54,64,64,78,78,103,103,138,138,157,175,175,301,301,314,239,263,137,0,0,21,21,21,21,21,41,41,65,65,185,185,201,201,626,959,959,993,1013,1013,1013,1013,1013,1031,1066,1081,1081,1081],"floor_reached":51,"playtime":3341,"items_purged":["Strike_R","Strike_R"],"score":968,"play_id":"02f0443d-3b42-4c5e-9642-507e16e3657f","local_time":"20190307181947","is_ascension_mode":true,"campfire_choices":[{"data":"Searing Blow","floor":6,"key":"SMITH"},{"data":"Searing Blow+1","floor":8,"key":"SMITH"},{"data":"Searing Blow+3","floor":15,"key":"SMITH"},{"data":"Searing Blow+4","floor":23,"key":"SMITH"},{"data":"Searing Blow+5","floor":25,"key":"SMITH"},{"data":"Searing Blow+6","floor":27,"key":"SMITH"},{"data":"Armaments","floor":32,"key":"SMITH"},{"data":"Searing Blow+7","floor":42,"key":"SMITH"},{"data":"Searing Blow+8","floor":44,"key":"SMITH"},{"data":"Offering","floor":49,"key":"SMITH"}],"neow_cost":"NO_GOLD","seed_source_timestamp":268672595423831,"circlet_count":0,"master_deck":["Strike_R","Defend_R+1","Defend_R","Defend_R+1","Defend_R","Bash","Shockwave","Searing Blow+9","Warcry","Metallicize","Shrug It Off+1","Armaments+1","Dropkick","Rampage","Hemokinesis","Offering+1","Thunderclap+1","Flame Barrier+1"],"relics":["Black Blood","Mango","Strawberry","Pocketwatch","Mark of Pain","PreservedInsect","Orichalcum","Old Coin","War Paint","Paper Frog","Happy Flower"],"potions_floor_usage":[11,11,16,24,24,24,24,24,33,33,45,47,50,50],"damage_taken":[{"damage":12,"enemies":"Jaw Worm","floor":1,"turns":2},{"damage":7,"enemies":"2 Louse","floor":2,"turns":3},{"damage":0,"enemies":"Small Slimes","floor":3,"turns":3},{"damage":22,"enemies":"Looter","floor":4,"turns":3},{"damage":18,"enemies":"2 Fungi Beasts","floor":5,"turns":5},{"damage":6,"enemies":"Red Slaver","floor":7,"turns":3},{"damage":28,"enemies":"Gremlin Nob","floor":11,"turns":4},{"damage":6,"enemies":"Blue Slaver","floor":13,"turns":2},{"damage":20,"enemies":"Lots of Slimes","floor":14,"turns":7},{"damage":30,"enemies":"The Guardian","floor":16,"turns":13},{"damage":11,"enemies":"Shell Parasite","floor":18,"turns":3},{"damage":8,"enemies":"2 Thieves","floor":20,"turns":4},{"damage":8,"enemies":"Cultist and Chosen","floor":24,"turns":7},{"damage":9,"enemies":"Snake Plant","floor":29,"turns":2},{"damage":3,"enemies":"3 Cultists","floor":31,"turns":4},{"damage":78,"enemies":"Collector","floor":33,"turns":6},{"damage":8,"enemies":"3 Darklings","floor":35,"turns":3},{"damage":14,"enemies":"Mind Bloom Boss Battle","floor":37,"turns":5},{"damage":11,"enemies":"Giant Head","floor":40,"turns":5},{"damage":7,"enemies":"Orb Walker","floor":41,"turns":3},{"damage":9,"enemies":"Jaw Worm Horde","floor":45,"turns":3},{"damage":15,"enemies":"4 Shapes","floor":46,"turns":6},{"damage":6,"enemies":"Nemesis","floor":47,"turns":1},{"damage":23,"enemies":"3 Darklings","floor":48,"turns":5},{"damage":53,"enemies":"Donu and Deca","floor":50,"turns":7}],"seed_played":"-322493366177855487","potions_obtained":[{"floor":3,"key":"Explosive Potion"},{"floor":4,"key":"EssenceOfSteel"},{"floor":13,"key":"AttackPotion"},{"floor":16,"key":"SkillPotion"},{"floor":18,"key":"BloodPotion"},{"floor":20,"key":"EntropicBrew"},{"floor":31,"key":"LiquidBronze"},{"floor":35,"key":"SmokeBomb"},{"floor":37,"key":"Dexterity Potion"},{"floor":46,"key":"Swift Potion"},{"floor":48,"key":"Regen Potion"}],"is_trial":false,"path_per_floor":["M","M","M","M","M","R","M","R","T","?","E","?","M","M","R","B",null,"M","$","M","$","?","R","M","R","T","R","T","M","?","M","R","B",null,"M","?","?","?","?","E","M","R","T","R","M","M","E","M","R","B",null],"character_chosen":"IRONCLAD","items_purchased":["Armaments"],"campfire_rested":0,"item_purchase_floors":[21],"current_hp_per_floor":[88,87,93,77,65,65,65,65,72,72,50,50,50,36,36,12,93,88,88,86,86,86,86,93,93,93,93,93,90,90,93,93,26,93,93,88,84,84,88,87,88,88,88,88,88,83,87,74,74,45],"gold":1081,"neow_bonus":"ONE_RARE_RELIC","is_prod":false,"is_daily":false,"chose_seed":false,"campfire_upgraded":10,"win_rate":0,"timestamp":1552004387,"path_taken":["M","M","M","M","M","R","M","R","T","?","E","?","?","M","R","BOSS","M","$","M","$","?","R","M","R","T","R","?","?","?","M","R","BOSS","M","?","?","?","?","E","?","R","T","R","M","M","E","M","R","BOSS"],"build_version":"2019-01-23","purchased_purges":2,"victory":true,"max_hp_per_floor":[94,94,94,94,94,94,94,94,101,101,101,93,93,93,93,93,93,93,93,93,93,93,93,93,93,93,93,93,93,93,93,93,93,93,93,88,88,88,88,88,88,88,88,88,88,88,88,88,88,88],"card_choices":[{"not_picked":["Pommel Strike","Flex"],"picked":"Shockwave","floor":1},{"not_picked":["Heavy Blade","Cleave","Clash"],"picked":"SKIP","floor":2},{"not_picked":["Body Slam","Havoc"],"picked":"Searing Blow","floor":3},{"not_picked":["Reaper","Pommel Strike","Body Slam"],"picked":"SKIP","floor":4},{"not_picked":["Perfected Strike","Cleave","Fire Breathing"],"picked":"SKIP","floor":5},{"not_picked":["Intimidate","Iron Wave"],"picked":"Warcry","floor":7},{"not_picked":["Clothesline","Anger"],"picked":"Metallicize","floor":11},{"not_picked":["Clothesline","Warcry","Whirlwind"],"picked":"SKIP","floor":13},{"not_picked":["Clothesline","Feel No Pain","Cleave"],"picked":"SKIP","floor":14},{"not_picked":["Cleave","Wild Strike","Perfected Strike"],"picked":"SKIP","floor":18},{"not_picked":["Heavy Blade","Cleave"],"picked":"Shrug It Off+1","floor":20},{"not_picked":["Sever Soul","Impervious","Rupture"],"picked":"SKIP","floor":24},{"not_picked":["Flex+1","Power Through+1"],"picked":"Dropkick","floor":29},{"not_picked":["Shrug It Off","Twin Strike","Anger+1"],"picked":"SKIP","floor":31},{"not_picked":["Exhume","Bludgeon"],"picked":"Offering","floor":33},{"not_picked":["Rampage","Clash+1"],"picked":"Thunderclap+1","floor":35},{"not_picked":["Heavy Blade","Anger","Iron Wave+1"],"picked":"SKIP","floor":40},{"not_picked":["Searing Blow","Twin Strike+1"],"picked":"Flame Barrier+1","floor":41},{"not_picked":["Wild Strike+1","Clash+1","Anger+1"],"picked":"SKIP","floor":46},{"not_picked":["Wild Strike","Fiend Fire","Body Slam+1"],"picked":"SKIP","floor":47},{"not_picked":["Headbutt","Cleave","Anger+1"],"picked":"SKIP","floor":48}],"player_experience":206518,"relics_obtained":[{"floor":9,"key":"Strawberry"},{"floor":11,"key":"Pocketwatch"},{"floor":26,"key":"PreservedInsect"},{"floor":28,"key":"Orichalcum"},{"floor":37,"key":"Old Coin"},{"floor":40,"key":"War Paint"},{"floor":43,"key":"Paper Frog"},{"floor":47,"key":"Happy Flower"}],"event_choices":[{"damage_healed":0,"gold_gain":0,"player_choice":"Grow","damage_taken":0,"max_hp_gain":0,"max_hp_loss":0,"event_name":"Living Wall","floor":10,"gold_loss":0,"cards_upgraded":["Searing Blow"]},{"damage_healed":0,"gold_gain":0,"player_choice":"Lose Max HP","damage_taken":0,"relics_obtained":["Golden Idol"],"max_hp_gain":0,"max_hp_loss":8,"event_name":"Golden Idol","floor":12,"gold_loss":0},{"damage_healed":0,"gold_gain":0,"player_choice":"Paid Fearfully","damage_taken":0,"max_hp_gain":0,"max_hp_loss":0,"event_name":"Masked Bandits","floor":22,"gold_loss":137},{"damage_healed":0,"gold_gain":0,"cards_transformed":["Strike_R","Strike_R"],"player_choice":"Became Test Subject","damage_taken":0,"max_hp_gain":0,"max_hp_loss":0,"event_name":"Drug Dealer","floor":30,"gold_loss":0,"cards_obtained":["Rampage","Hemokinesis"]},{"damage_healed":0,"gold_gain":0,"player_choice":"Max HP","damage_taken":0,"max_hp_gain":0,"max_hp_loss":5,"event_name":"Winding Halls","floor":36,"gold_loss":0},{"damage_healed":0,"gold_gain":0,"player_choice":"Fight","damage_taken":0,"max_hp_gain":0,"max_hp_loss":0,"event_name":"MindBloom","floor":37,"gold_loss":0},{"damage_healed":0,"gold_gain":333,"player_choice":"Gave Idol","damage_taken":0,"max_hp_gain":0,"max_hp_loss":0,"event_name":"The Moai Head","floor":38,"relics_lost":["Golden Idol"],"gold_loss":0},{"damage_healed":4,"gold_gain":0,"player_choice":"Full Heal","damage_taken":0,"max_hp_gain":0,"max_hp_loss":0,"event_name":"Wheel of Change","floor":39,"gold_loss":0}],"is_beta":false,"boss_relics":[{"not_picked":["Orrery","Snecko Eye"],"picked":"Mark of Pain"},{"not_picked":["Calling Bell","Coffee Dripper"],"picked":"Black Blood"}],"items_purged_floors":[19,21],"is_endless":false,"potions_floor_spawned":[3,4,13,16,18,20,31,35,37,45,46,48],"ascension_level":3}