{"gold_per_floor":[13,13,27,43,43,43,56,74,101,130,130,143,159,175,175,175],"floor_reached":16,"playtime":770,"items_purged":[],"score":159,"play_id":"487ee5be-6eb6-45f8-890f-4806da25087a","local_time":"20181112161146","is_ascension_mode":true,"campfire_choices":[{"floor":6,"key":"REST"},{"floor":11,"key":"REST"},{"data":"Secret Technique","floor":15,"key":"SMITH"}],"neow_cost":"NO_GOLD","seed_source_timestamp":10382452261598,"circlet_count":0,"master_deck":["AscendersBane","Defend_G","Defend_G","Defend_G","Defend_G","Strike_G","Strike_G","Strike_G","Strike_G","Survivor","Neutralize","Panacea","Secret Technique+1","Blade Dance","Quick Slash","Cloak And Dagger","Dash","Dagger Throw","Leg Sweep","Quick Slash","Quick Slash"],"relics":["Ring of the Snake","Anchor","Juzu Bracelet"],"potions_floor_usage":[10,16,16],"damage_taken":[{"damage":27,"enemies":"Jaw Worm","floor":1,"turns":10},{"damage":0,"enemies":"Small Slimes","floor":3,"turns":8},{"damage":0,"enemies":"Cultist","floor":4,"turns":4},{"damage":3,"enemies":"Looter","floor":7,"turns":4},{"damage":1,"enemies":"Red Slaver","floor":8,"turns":5},{"damage":18,"enemies":"Lagavulin","floor":10,"turns":7},{"damage":2,"enemies":"Lots of Slimes","floor":12,"turns":4},{"damage":1,"enemies":"Looter","floor":13,"turns":3},{"damage":0,"enemies":"2 Fungi Beasts","floor":14,"turns":4},{"damage":35,"enemies":"Slime Boss","floor":16,"turns":11}],"seed_played":"-7855186270180009652","potions_obtained":[{"floor":8,"key":"PowerPotion"},{"floor":10,"key":"Dexterity Potion"},{"floor":14,"key":"Explosive Potion"}],"is_trial":false,"path_per_floor":["M","?","M","M","?","R","M","M","T","E","R","M","M","M","R","B"],"character_chosen":"THE_SILENT","items_purchased":[],"campfire_rested":2,"item_purchase_floors":[],"current_hp_per_floor":[36,29,29,29,29,50,47,46,46,28,49,47,46,46,46,11],"gold":175,"neow_bonus":"RANDOM_COLORLESS_2","is_prod":false,"is_daily":false,"chose_seed":false,"campfire_upgraded":1,"win_rate":0,"timestamp":1542046306,"path_taken":["M","?","M","M","?","R","M","?","T","E","R","M","M","M","R","BOSS"],"build_version":"2018-11-08","purchased_purges":0,"victory":false,"max_hp_per_floor":[70,70,70,70,70,70,70,70,70,70,70,70,70,70,70,70],"card_choices":[{"not_picked":["Crippling Poison","Concentrate"],"picked":"Blade Dance","floor":1},{"not_picked":["Slice","Acrobatics"],"picked":"Quick Slash","floor":3},{"not_picked":["Outmaneuver","Concentrate","Endless Agony"],"picked":"SKIP","floor":4},{"not_picked":["Catalyst","Deflect"],"picked":"Cloak And Dagger","floor":7},{"not_picked":["Cloak And Dagger","Infinite Blades"],"picked":"Dash","floor":8},{"not_picked":["Tactician","Setup"],"picked":"Dagger Throw","floor":10},{"not_picked":["Deflect","Phantasmal Killer"],"picked":"Leg Sweep","floor":12},{"not_picked":["Dash","Slice"],"picked":"Quick Slash","floor":13},{"not_picked":["Slice","Acrobatics"],"picked":"Quick Slash","floor":14}],"player_experience":599184,"relics_obtained":[{"floor":9,"key":"Anchor"},{"floor":10,"key":"Juzu Bracelet"}],"event_choices":[{"cards_removed":["Strike_G"],"damage_healed":0,"gold_gain":0,"player_choice":"Card Removal","damage_taken":7,"max_hp_gain":0,"max_hp_loss":0,"event_name":"Golden Wing","floor":2,"gold_loss":0},{"cards_removed":["Defend_G"],"damage_healed":0,"gold_gain":0,"player_choice":"Purged","damage_taken":0,"max_hp_gain":0,"max_hp_loss":0,"event_name":"Purifier","floor":5,"gold_loss":0}],"is_beta":false,"boss_relics":[],"items_purged_floors":[],"is_endless":false,"potions_floor_spawned":[8,10,14],"killed_by":"Slime Boss","ascension_level":10}