{"gold_per_floor":[112,123,142,142,112,112,132,144,195,195,208,208,208,225,225,327,357,371,4,19,19,39,72,72],"floor_reached":24,"playtime":2654,"items_purged":["Strike_G"],"score":235,"play_id":"470c3280-028c-4f56-9c8a-b58c0fa7e9c8","local_time":"20180717191935","is_ascension_mode":false,"campfire_choices":[{"data":"Deadly Poison","floor":6,"key":"SMITH"},{"data":"Infinite Blades","floor":12,"key":"SMITH"},{"floor":15,"key":"REST"}],"neow_cost":"","seed_source_timestamp":3004686994395,"circlet_count":0,"master_deck":["Defend_G","Defend_G","Defend_G","Defend_G","Defend_G","Strike_G","Strike_G","Strike_G","Strike_G","Survivor","Neutralize+1","Deadly Poison","Crippling Poison","Prepared","Deadly Poison+1","Dodge and Roll","After Image","Infinite Blades+1","Deflect","Night Terror","Well Laid Plans","Quick Slash+1","Caltrops","Thinking Ahead","Leg Sweep","Panacea","Prepared+1","Backflip"],"relics":["Ring of the Snake","Ancient Tea Set","Pear","Tiny House","Bag of Preparation"],"potions_floor_usage":[5,16,18,23,23,23],"damage_taken":[{"damage":0,"enemies":"Small Slimes","floor":1,"turns":5},{"damage":0,"enemies":"Cultist","floor":2,"turns":4},{"damage":0,"enemies":"2 Louse","floor":3,"turns":3},{"damage":0,"enemies":"Looter","floor":5,"turns":4},{"damage":11,"enemies":"Blue Slaver","floor":7,"turns":4},{"damage":11,"enemies":"Lots of Slimes","floor":8,"turns":3},{"damage":3,"enemies":"Large Slime","floor":11,"turns":7},{"damage":12,"enemies":"Red Slaver","floor":14,"turns":4},{"damage":36,"enemies":"Hexaghost","floor":16,"turns":10},{"damage":10,"enemies":"Shell Parasite","floor":18,"turns":6},{"damage":14,"enemies":"Chosen","floor":20,"turns":6},{"damage":2,"enemies":"Snecko","floor":22,"turns":6},{"damage":48,"enemies":"Slavers","floor":23,"turns":7},{"damage":12,"enemies":"Cultist and Chosen","floor":24,"turns":4}],"seed_played":"3026494529215359768","potions_obtained":[{"floor":4,"key":"SpeedPotion"},{"floor":4,"key":"Fruit Juice"},{"floor":4,"key":"Fire Potion"},{"floor":7,"key":"Swift Potion"},{"floor":11,"key":"GhostInAJar"},{"floor":16,"key":"EssenceOfSteel"},{"floor":20,"key":"Energy Potion"},{"floor":22,"key":"Poison Potion"}],"is_trial":false,"path_per_floor":["M","M","M","?","M","R","M","M","T","?","M","R","?","M","R","B",null,"M","$","M","?","M","E"],"character_chosen":"THE_SILENT","items_purchased":["Caltrops","Thinking Ahead"],"campfire_rested":1,"item_purchase_floors":[19,19],"current_hp_per_floor":[70,70,70,70,75,75,64,53,53,58,55,55,65,53,80,44,95,85,85,71,53,51,3,0],"gold":72,"neow_bonus":"","is_prod":false,"is_daily":false,"chose_seed":false,"campfire_upgraded":2,"win_rate":0.0,"timestamp":1531873175,"path_taken":["M","M","M","?","M","R","M","?","T","?","M","R","?","M","R","BOSS","M","$","M","?","M","E","M"],"build_version":"2018-07-12","purchased_purges":1,"victory":false,"max_hp_per_floor":[70,70,70,70,75,75,75,75,75,80,80,80,90,90,90,90,95,95,95,95,95,95,95,95],"card_choices":[{"not_picked":["Backflip","Flying Knee"],"picked":"Deadly Poison","floor":1},{"not_picked":["Dagger Throw","Backflip"],"picked":"Crippling Poison","floor":2},{"not_picked":["Outmaneuver","Underhanded Strike"],"picked":"Prepared","floor":3},{"not_picked":["Quick Slash","Dagger Spray"],"picked":"Deadly Poison","floor":5},{"not_picked":["Endless Agony","Dagger Throw"],"picked":"Dodge and Roll","floor":7},{"not_picked":["Masterful Stab","Sucker Punch"],"picked":"After Image","floor":8},{"not_picked":["Dagger Spray","Endless Agony"],"picked":"Infinite Blades","floor":11},{"not_picked":["Masterful Stab","Quick Slash"],"picked":"Deflect","floor":14},{"not_picked":["Venomology","Bullet Time"],"picked":"Night Terror","floor":16},{"not_picked":["Choke","Underhanded Strike"],"picked":"Well Laid Plans","floor":17},{"not_picked":["PiercingWail","Flechettes"],"picked":"Quick Slash+1","floor":18},{"not_picked":["Slice","Dodge and Roll"],"picked":"Leg Sweep","floor":20},{"not_picked":["Deadly Poison","Dagger Spray"],"picked":"Prepared+1","floor":22},{"not_picked":["Dagger Spray","Outmaneuver"],"picked":"Backflip","floor":23}],"player_experience":2183,"relics_obtained":[{"floor":9,"key":"Ancient Tea Set"},{"floor":23,"key":"Bag of Preparation"}],"event_choices":[{"event_name":"The Lab","player_choice":"Got Potions","floor":4,"damage_taken":0},{"event_name":"Big Fish","player_choice":"Donut","floor":10,"damage_taken":0},{"event_name":"Dead Adventurer","player_choice":"Searched \u00272\u0027 times","floor":13,"damage_taken":0},{"event_name":"Knowing Skull","player_choice":"CARD ","floor":21,"damage_taken":0}],"boss_relics":[{"not_picked":["Velvet Choker","White Beast Statue"],"picked":"Tiny House"}],"items_purged_floors":[19],"is_endless":false,"potions_floor_spawned":[7,11,14,16,20,22],"killed_by":"Cultist and Chosen","ascension_level":0}