{"gold_per_floor":[117,117,137,137,160,199,164,164,164,164,180,180,211,227,227,227],"floor_reached":16,"playtime":540,"items_purged":[],"score":198,"play_id":"ce353d9a-d9f9-4ed9-b839-0a3c7e4989cf","local_time":"20190227152349","is_ascension_mode":true,"campfire_choices":[{"floor":8,"key":"REST"},{"data":"Inflame","floor":10,"key":"SMITH"},{"floor":15,"key":"REST"}],"neow_cost":"NONE","seed_source_timestamp":630616718235156,"circlet_count":0,"master_deck":["AscendersBane","Strike_R","Strike_R","Strike_R","Strike_R","Strike_R","Defend_R","Defend_R","Defend_R","Defend_R","Bash","Injury","Inflame+1","Shrug It Off","Cleave","Armaments","Shrug It Off"],"relics":["Burning Blood","Golden Idol","Meat on the Bone","Bottled Tornado","Oddly Smooth Stone"],"potions_floor_usage":[16,16],"damage_taken":[{"damage":9,"enemies":"2 Louse","floor":1,"turns":3},{"damage":10,"enemies":"Jaw Worm","floor":3,"turns":5},{"damage":10,"enemies":"Small Slimes","floor":5,"turns":5},{"damage":50,"enemies":"3 Sentries","floor":6,"turns":11},{"damage":22,"enemies":"3 Louse","floor":11,"turns":4},{"damage":47,"enemies":"Lagavulin","floor":13,"turns":7},{"damage":24,"enemies":"Large Slime","floor":14,"turns":6},{"damage":67,"enemies":"Slime Boss","floor":16,"turns":11}],"seed_played":"-3773009139254848680","potions_obtained":[{"floor":3,"key":"LiquidBronze"},{"floor":11,"key":"GamblersBrew"},{"floor":14,"key":"Block Potion"}],"is_trial":false,"path_per_floor":["M","?","M","?","M","E","?","R","T","R","M","?","E","M","R","B"],"character_chosen":"IRONCLAD","items_purchased":[],"campfire_rested":2,"item_purchase_floors":[],"current_hp_per_floor":[72,72,68,68,64,20,40,64,64,64,48,75,46,40,64,0],"gold":227,"neow_bonus":"TEN_PERCENT_HP_BONUS","is_prod":false,"is_daily":false,"chose_seed":false,"campfire_upgraded":1,"win_rate":0,"timestamp":1551317029,"path_taken":["M","?","M","?","M","E","?","R","T","R","?","?","E","M","R","BOSS"],"build_version":"2019-01-23","purchased_purges":0,"victory":false,"max_hp_per_floor":[82,82,82,82,82,82,82,82,82,82,82,82,82,82,82,82],"card_choices":[{"not_picked":["Havoc","Sword Boomerang","Thunderclap"],"picked":"SKIP","floor":1},{"not_picked":["Combust","Wild Strike","Cleave"],"picked":"SKIP","floor":3},{"not_picked":["Seeing Red","Thunderclap"],"picked":"Inflame","floor":5},{"not_picked":["Wild Strike","True Grit"],"picked":"Shrug It Off","floor":6},{"not_picked":["Warcry","Reckless Charge"],"picked":"Cleave","floor":11},{"not_picked":["Iron Wave","Body Slam"],"picked":"Armaments","floor":13},{"not_picked":["Bloodletting","Havoc"],"picked":"Shrug It Off","floor":14}],"player_experience":472465,"relics_obtained":[{"floor":6,"key":"Meat on the Bone"},{"floor":9,"key":"Bottled Tornado"},{"floor":13,"key":"Oddly Smooth Stone"}],"event_choices":[{"damage_healed":0,"gold_gain":0,"player_choice":"Take Wound","damage_taken":0,"relics_obtained":["Golden Idol"],"max_hp_gain":0,"max_hp_loss":0,"event_name":"Golden Idol","floor":2,"gold_loss":0,"cards_obtained":["Injury"]},{"damage_healed":0,"gold_gain":0,"player_choice":"Ignored","damage_taken":0,"max_hp_gain":0,"max_hp_loss":0,"event_name":"Shining Light","floor":4,"gold_loss":0},{"damage_healed":20,"gold_gain":0,"player_choice":"Healed","damage_taken":0,"max_hp_gain":0,"max_hp_loss":0,"event_name":"The Cleric","floor":7,"gold_loss":35},{"damage_healed":27,"gold_gain":0,"player_choice":"Banana","damage_taken":0,"max_hp_gain":0,"max_hp_loss":0,"event_name":"Big Fish","floor":12,"gold_loss":0}],"is_beta":false,"boss_relics":[],"items_purged_floors":[],"is_endless":false,"potions_floor_spawned":[3,11,14],"killed_by":"Slime Boss","ascension_level":16}