{"gold_per_floor":[112,21,21,48,48,95,128,78,78,78,78,138,138,196,196,419,419,503,540,7,7,177,177,177,177,177,191,191,323,77,189,189,306,306,368,423,66,204,217,217,298,298,298,298,298,310,310,428,428,836,836,836,5,218,478],"floor_reached":56,"playtime":9540,"items_purged":["Strike_MRS","LuminesStrike"],"score":1234,"play_id":"df8547d9-3c85-4feb-a319-a4ab35f998ee","local_time":"20190107220804","is_ascension_mode":false,"campfire_choices":[{"floor":13,"key":"REST"},{"floor":23,"key":"REST"},{"data":"OortCloud","floor":25,"key":"SMITH"},{"data":"GalacticHalo","floor":28,"key":"SMITH"},{"floor":32,"key":"REST"},{"data":"StarlightTyphoon","floor":40,"key":"SMITH"},{"floor":42,"key":"REST"},{"floor":44,"key":"RECALL"},{"data":"EnergyRecoil","floor":49,"key":"SMITH"},{"data":"PowerUp","floor":52,"key":"SMITH"}],"neow_cost":"NONE","seed_source_timestamp":5087383283638,"circlet_count":0,"master_deck":["Strike_MRS+1","Defend_MRS+1","Defend_MRS","Defend_MRS","Defend_MRS+1","MasterSpark","UpSweep+1","Robbery","WitchOfGreed","MagicAbsorber","PowerUp+1","OortCloud+1","GalacticHalo+1","ChargingUp+1","UltimateShortwave+1","ChargingUp","OrrerysSun","GrandCross+1","Crow Ritual+1","Finesse+1","Necronomicurse","EnergyRecoil+1","AsteroidBelt+1","AlicesGift","EscapeVelocity+1","EarthLightRay+1","GalacticHalo","EnergyFlow+1","StarlightTyphoon+1","GalacticHalo","UltimateShortwave+1","GalacticHalo+1","EarthLightRay+1","Apotheosis+1"],"relics":["MiniHakkero","NeowsBlessing","Pondfish Scales","Golden Egg","Mirror","Kunai","ReplayTheSpireMod:Shallot","ChewingGum","Replay:Wax Seal","Medical Kit","Necronomicon","Pen Nib","Lizard Tail","MealTicket","Anchor","Simple Rune","Bottled Lightning","Cauldron","Nunchaku"],"potions_floor_usage":[12,14,16,16,36,38,41,46,50,50,54,55,55],"damage_taken":[{"damage":0,"enemies":"Cultist","floor":1,"turns":1},{"damage":0,"enemies":"Jaw Worm","floor":4,"turns":1},{"damage":0,"enemies":"Gremlin Nob","floor":6,"turns":1},{"damage":0,"enemies":"2 Louse","floor":7,"turns":3},{"damage":18,"enemies":"3 Sentries","floor":12,"turns":12},{"damage":0,"enemies":"Large Slime","floor":14,"turns":7},{"damage":31,"enemies":"Slime Boss","floor":16,"turns":21},{"damage":9,"enemies":"3 Byrds","floor":18,"turns":9},{"damage":11,"enemies":"2 Thieves","floor":19,"turns":5},{"damage":7,"enemies":"Shelled Parasite and Fungi","floor":22,"turns":11},{"damage":0,"enemies":"Sentry and Sphere","floor":27,"turns":4},{"damage":17,"enemies":"Centurion and Healer","floor":29,"turns":4},{"damage":0,"enemies":"Snake Plant","floor":31,"turns":6},{"damage":13,"enemies":"Automaton","floor":33,"turns":9},{"damage":18,"enemies":"3 Darklings","floor":35,"turns":6},{"damage":9,"enemies":"Orb Walker","floor":36,"turns":3},{"damage":13,"enemies":"3 Darklings","floor":38,"turns":6},{"damage":0,"enemies":"Sphere and 2 Shapes","floor":39,"turns":5},{"damage":21,"enemies":"Transient","floor":41,"turns":5},{"damage":0,"enemies":"Writhing Mass","floor":46,"turns":3},{"damage":0,"enemies":"4 Shapes","floor":48,"turns":7},{"damage":42,"enemies":"Awakened One","floor":50,"turns":10},{"damage":0,"enemies":"Shield and Spear","floor":54,"turns":6},{"damage":13,"enemies":"The Heart","floor":55,"turns":9}],"seed_played":"195449169644570486","potions_obtained":[{"floor":4,"key":"SpeedPotion"},{"floor":4,"key":"PowerPotion"},{"floor":6,"key":"Dexterity Potion"},{"floor":7,"key":"Doom Potion"},{"floor":12,"key":"SkillPotion"},{"floor":14,"key":"Languid Potion"},{"floor":16,"key":"SteroidPotion"},{"floor":16,"key":"EssenceOfSteel"},{"floor":18,"key":"Strength Potion"},{"floor":22,"key":"Reflective Coating"},{"floor":24,"key":"EssenceOfSteel"},{"floor":36,"key":"Block Potion"},{"floor":38,"key":"Explosive Potion"},{"floor":48,"key":"Explosive Potion"},{"floor":53,"key":"Flashbang"},{"floor":53,"key":"Reflective Coating"},{"floor":53,"key":"Flashbang"},{"floor":54,"key":"Explosive Potion"}],"is_trial":false,"path_per_floor":["M","$","?","M","?","E","M","?","T","?","T","E","R","M","R","B",null,"M","M","$","?","M","R","?","R","T","M","R","M","$","M","R","B",null,"M","M","$","M","M","R","M","R","T","R","?","M","?","M","R","B",null,"R","$","E","B",null],"character_chosen":"MARISA","items_purchased":["WitchOfGreed","MagicAbsorber","Replay:Wax Seal","Medical Kit","GrandCross","Crow Ritual","Finesse","AsteroidBelt","Pen Nib","EnergyFlow+1","MealTicket","EarthLightRay","Simple Rune","Apotheosis","Bottled Lightning","Cauldron"],"campfire_rested":4,"item_purchase_floors":[2,2,20,20,20,20,20,30,30,37,37,53,53,53,53,53],"current_hp_per_floor":[75,75,63,63,63,63,63,63,63,48,48,30,52,52,74,43,75,66,55,55,39,32,54,54,54,54,54,54,37,37,37,59,46,75,57,54,54,47,53,53,38,60,60,60,60,66,66,71,71,35,71,71,71,71,62],"gold":478,"neow_bonus":"THREE_ENEMY_KILL","is_prod":false,"is_daily":false,"chose_seed":false,"campfire_upgraded":5,"win_rate":0.0,"timestamp":1546906084,"path_taken":["M","$","?","M","?","E","M","?","T","?","?","E","R","M","R","BOSS","M","M","$","?","M","R","?","R","T","M","R","?","?","M","R","BOSS","M","M","$","M","M","R","M","R","T","R","?","?","?","M","R","BOSS","R","$","E","BOSS"],"build_version":"2019-01-03v4","purchased_purges":2,"victory":true,"max_hp_per_floor":[75,75,75,75,75,75,75,75,75,75,75,75,75,75,75,75,75,75,75,75,75,75,75,75,75,75,75,75,75,75,75,75,75,75,75,75,75,75,75,75,75,75,75,75,75,75,71,71,71,71,71,71,71,71,71],"card_choices":[{"not_picked":["WitchLeyline","PowerUp"],"picked":"Robbery","floor":1},{"not_picked":["PropBag","UnstableBomb"],"picked":"PowerUp","floor":4},{"not_picked":["6A","DragonMeteor"],"picked":"LuminesStrike","floor":6},{"not_picked":["DoubleSpark","ShootTheMoon"],"picked":"OortCloud","floor":7},{"not_picked":["BigCrunch","SuperPerseids"],"picked":"GalacticHalo","floor":12},{"not_picked":["SporeBomb","ShootingEcho"],"picked":"ChargingUp","floor":14},{"not_picked":["StarDustReverie","EscapeVelocity"],"picked":"UltimateShortwave","floor":16},{"not_picked":["WitchLeyline","LuminesStrike"],"picked":"ChargingUp","floor":18},{"not_picked":["DragonMeteor","MachineGunSpark+1"],"picked":"OrrerysSun","floor":19},{"not_picked":["DoubleSpark","WitchOfGreed","MysteriousBeam"],"picked":"SKIP","floor":22},{"not_picked":["NonDirectionalLaser+1","SporeBomb+1","DoubleSpark"],"picked":"SKIP","floor":27},{"not_picked":["OpenUniverse","MysteriousBeam"],"picked":"EnergyRecoil","floor":29},{"not_picked":["DragonMeteor+1","SprinkleStarSeal"],"picked":"AlicesGift","floor":31},{"not_picked":["FinalSpark","BlazingStar"],"picked":"EscapeVelocity","floor":33},{"not_picked":["GalacticHalo","ManaConvection+1"],"picked":"EarthLightRay+1","floor":35},{"not_picked":["DoubleSpark","ShootTheMoon"],"picked":"GalacticHalo","floor":36},{"not_picked":["NonDirectionalLaser","MysteriousBeam+1","GravityBeat+1"],"picked":"SKIP","floor":38},{"not_picked":["ShootingEcho+1","IllusionStar+1"],"picked":"StarlightTyphoon","floor":39},{"not_picked":["SporeBomb+1","DoubleSpark"],"picked":"GalacticHalo","floor":41},{"not_picked":["SporeBomb","EarthLightRay"],"picked":"UltimateShortwave","floor":46},{"not_picked":["6A+1","MagicChant+1"],"picked":"GalacticHalo+1","floor":48},{"not_picked":["MaximisePower","UnstableBomb","WitchOfGreed"],"picked":"SKIP","floor":54}],"player_experience":692799,"relics_obtained":[{"floor":6,"key":"Golden Egg"},{"floor":9,"key":"Mirror"},{"floor":11,"key":"Kunai"},{"floor":12,"key":"ReplayTheSpireMod:Shallot"},{"floor":21,"key":"Necronomicon"},{"floor":43,"key":"Anchor"},{"floor":54,"key":"Nunchaku"}],"event_choices":[{"damage_healed":0,"gold_gain":0,"player_choice":"Success","damage_taken":12,"relics_obtained":["Pondfish Scales"],"max_hp_gain":0,"max_hp_loss":0,"event_name":"Scrap Ooze","floor":3,"gold_loss":0},{"cards_removed":["Strike_MRS"],"damage_healed":0,"gold_gain":0,"player_choice":"Forget","damage_taken":0,"max_hp_gain":0,"max_hp_loss":0,"event_name":"Living Wall","floor":5,"gold_loss":0},{"cards_removed":["Strike_MRS"],"damage_healed":0,"gold_gain":0,"player_choice":"Card Removal","damage_taken":0,"max_hp_gain":0,"max_hp_loss":0,"event_name":"The Cleric","floor":8,"gold_loss":50},{"damage_healed":0,"gold_gain":0,"player_choice":"Entered Light","damage_taken":15,"max_hp_gain":0,"max_hp_loss":0,"event_name":"Shining Light","floor":10,"gold_loss":0,"cards_upgraded":["Strike_MRS","UpSweep"]},{"damage_healed":0,"gold_gain":0,"player_choice":"Obtained Book","damage_taken":16,"max_hp_gain":0,"max_hp_loss":0,"event_name":"Cursed Tome","floor":21,"gold_loss":0},{"damage_healed":0,"gold_gain":0,"player_choice":"Got Potions","damage_taken":0,"max_hp_gain":0,"max_hp_loss":0,"event_name":"Lab","floor":24,"gold_loss":0},{"damage_healed":0,"gold_gain":0,"player_choice":"Ignored","damage_taken":0,"max_hp_gain":0,"max_hp_loss":0,"event_name":"SecretPortal","floor":45,"gold_loss":0},{"damage_healed":0,"gold_gain":0,"player_choice":"Max HP","damage_taken":0,"max_hp_gain":0,"max_hp_loss":4,"event_name":"Winding Halls","floor":47,"gold_loss":0}],"is_beta":false,"boss_relics":[{"not_picked":["Orrery","Ectoplasm"],"picked":"ChewingGum"},{"not_picked":["Philosopher\u0027s Stone","RampagingMagicTools"],"picked":"Lizard Tail"}],"items_purged_floors":[30,37],"is_endless":false,"potions_floor_spawned":[4,7,16,18,27,29,31,35,36,54],"ascension_level":0}