{"gold_per_floor":[111,19,94,43,193,225,225,240,295,321,332,343,177,196,196,269,269,281,5,5,25,37,37,37,37],"floor_reached":25,"playtime":837,"items_purged":["Doubt"],"score":425,"play_id":"f2873aa1-2f54-4f82-af54-7f57d6ff493c","local_time":"20190228152047","is_ascension_mode":true,"campfire_choices":[{"data":"Armaments","floor":7,"key":"SMITH"},{"floor":15,"key":"REST"},{"floor":23,"key":"REST"}],"neow_cost":"NONE","seed_source_timestamp":716539218683937,"circlet_count":0,"master_deck":["AscendersBane","Strike_R","Strike_R","Strike_R","Strike_R","Strike_R","Defend_R","Defend_R","Defend_R","Defend_R","Bash","Cleave","Anger","Battle Trance","Armaments+1","Whirlwind","Shockwave","Rampage","Dual Wield","Entrench","True Grit","Demon Form","Disarm","Ghostly Armor","Flame Barrier","Finesse","Doubt","Shrug It Off"],"relics":["Burning Blood","NeowsBlessing","Lantern","Tiny Chest","Ornamental Fan","Cursed Key","Gremlin Horn"],"potions_floor_usage":[10,14,16],"damage_taken":[{"damage":0,"enemies":"Jaw Worm","floor":1,"turns":1},{"damage":0,"enemies":"3 Sentries","floor":6,"turns":2},{"damage":0,"enemies":"2 Louse","floor":8,"turns":1},{"damage":20,"enemies":"Gremlin Nob","floor":10,"turns":4},{"damage":2,"enemies":"Cultist","floor":11,"turns":4},{"damage":9,"enemies":"Red Slaver","floor":12,"turns":2},{"damage":6,"enemies":"Blue Slaver","floor":14,"turns":4},{"damage":49,"enemies":"The Guardian","floor":16,"turns":11},{"damage":0,"enemies":"3 Byrds","floor":18,"turns":4},{"damage":12,"enemies":"Chosen","floor":21,"turns":8},{"damage":48,"enemies":"Centurion and Healer","floor":22,"turns":10},{"damage":45,"enemies":"Slavers","floor":25,"turns":5}],"seed_played":"1524816918508951360","potions_obtained":[{"floor":1,"key":"SneckoOil"},{"floor":11,"key":"Fire Potion"},{"floor":12,"key":"Energy Potion"}],"is_trial":false,"path_per_floor":["M","$","?","$","?","E","R","M","T","E","M","M","$","M","R","B",null,"M","$","T","M","M","R","$","E"],"character_chosen":"IRONCLAD","items_purchased":["Anger","Battle Trance","Armaments","Entrench","True Grit","Ghostly Armor","Flame Barrier","Finesse"],"campfire_rested":2,"item_purchase_floors":[2,2,4,13,13,19,19,19],"current_hp_per_floor":[74,74,63,63,63,69,69,75,75,61,65,62,62,62,75,32,64,70,70,70,64,22,44,44,0],"gold":37,"neow_bonus":"THREE_ENEMY_KILL","is_prod":false,"is_daily":false,"chose_seed":false,"campfire_upgraded":1,"win_rate":0,"timestamp":1551403247,"path_taken":["M","$","?","$","?","E","R","?","T","E","M","?","$","M","R","BOSS","M","$","?","M","M","R","$","E"],"build_version":"2019-01-23","purchased_purges":1,"victory":false,"max_hp_per_floor":[75,75,75,75,75,75,75,75,75,75,75,75,75,75,75,75,75,75,75,75,75,75,75,75,75],"card_choices":[{"not_picked":["Pummel","Iron Wave"],"picked":"Cleave","floor":1},{"not_picked":["Battle Trance","Combust"],"picked":"Whirlwind","floor":6},{"not_picked":["Shrug It Off","Perfected Strike"],"picked":"Shockwave","floor":8},{"not_picked":["Rage","Twin Strike"],"picked":"Rampage","floor":10},{"not_picked":["Pommel Strike","Whirlwind"],"picked":"Dual Wield","floor":11},{"not_picked":["Body Slam","Corruption","Perfected Strike"],"picked":"SKIP","floor":12},{"not_picked":["Havoc","Heavy Blade","Shockwave"],"picked":"SKIP","floor":14},{"not_picked":["Berserk","Brutality"],"picked":"Demon Form","floor":16},{"not_picked":["Sword Boomerang","Cleave"],"picked":"Disarm","floor":18},{"not_picked":["Infernal Blade","Dual Wield"],"picked":"Shrug It Off","floor":21},{"not_picked":["Sword Boomerang","Flex","Body Slam"],"picked":"SKIP","floor":22}],"player_experience":477378,"relics_obtained":[{"floor":6,"key":"Lantern"},{"floor":9,"key":"Tiny Chest"},{"floor":10,"key":"Ornamental Fan"},{"floor":20,"key":"Gremlin Horn"}],"event_choices":[{"damage_healed":0,"gold_gain":75,"player_choice":"Gather Gold","damage_taken":11,"max_hp_gain":0,"max_hp_loss":0,"event_name":"World of Goop","floor":3,"gold_loss":0},{"damage_healed":0,"gold_gain":150,"player_choice":"AGREE","damage_taken":0,"max_hp_gain":0,"max_hp_loss":0,"event_name":"Liars Game","floor":5,"gold_loss":0,"cards_obtained":["Doubt"]}],"is_beta":false,"boss_relics":[{"not_picked":["Coffee Dripper","Empty Cage"],"picked":"Cursed Key"}],"items_purged_floors":[13],"is_endless":false,"potions_floor_spawned":[1,11,12],"killed_by":"Slavers","ascension_level":16}