{"gold_per_floor":[109,109,284,284,303,337,350,350,377,408,420,488,500],"floor_reached":13,"playtime":1029,"items_purged":[],"score":93,"play_id":"6a8f0153-6c4e-4c8a-bd53-ce3838688700","local_time":"20180720220621","is_ascension_mode":false,"campfire_choices":[{"floor":8,"key":"REST"},{"floor":11,"key":"REST"}],"neow_cost":"NONE","seed_source_timestamp":170239604002449,"circlet_count":0,"master_deck":["Defend_G","Defend_G","Defend_G","Defend_G","Defend_G","Strike_G","Strike_G","Strike_G","Strike_G+1","Strike_G+1","Survivor","Neutralize+1","Outmaneuver","Doubt","Regret","Tactician","Acrobatics","Sucker Punch","Dash","Blur"],"relics":["Ring of the Snake","Ancient Tea Set","Boot","Whetstone","MawBank","Tiny Chest"],"potions_floor_usage":[6,12],"damage_taken":[{"damage":1,"enemies":"Cultist","floor":1,"turns":5},{"damage":0,"enemies":"Jaw Worm","floor":5,"turns":7},{"damage":55,"enemies":"Lagavulin","floor":6,"turns":12},{"damage":5,"enemies":"2 Louse","floor":7,"turns":3},{"damage":10,"enemies":"Blue Slaver","floor":10,"turns":5},{"damage":33,"enemies":"Gremlin Nob","floor":12,"turns":6},{"damage":10,"floor":13,"turns":3}],"seed_played":"-97865405598610080","potions_obtained":[{"floor":1,"key":"Strength Potion"},{"floor":5,"key":"SpeedPotion"},{"floor":6,"key":"Block Potion"},{"floor":12,"key":"Dexterity Potion"}],"is_trial":false,"path_per_floor":["M","T","?","?","M","E","M","R","T","M","R","E"],"character_chosen":"THE_SILENT","items_purchased":[],"campfire_rested":2,"item_purchase_floors":[],"current_hp_per_floor":[69,69,69,69,69,14,9,30,30,20,41,8,0],"gold":500,"neow_bonus":"UPGRADE_CARD","is_prod":false,"is_daily":false,"chose_seed":false,"campfire_upgraded":0,"win_rate":0,"timestamp":1532142381,"path_taken":["M","?","?","?","M","E","M","R","T","M","R","E","?"],"build_version":"2018-07-19v2","purchased_purges":0,"victory":false,"max_hp_per_floor":[70,70,70,70,70,70,70,70,70,70,70,70,70],"card_choices":[{"not_picked":["Eviscerate","PiercingWail"],"picked":"Outmaneuver","floor":1},{"not_picked":["Calculated Gamble","Dagger Throw"],"picked":"Tactician","floor":5},{"not_picked":["Flying Knee","Slice"],"picked":"Acrobatics","floor":6},{"not_picked":["Venomology","All Out Attack"],"picked":"Sucker Punch","floor":7},{"not_picked":["Deadly Poison","Backflip"],"picked":"Dash","floor":10},{"not_picked":["Skewer","Well Laid Plans"],"picked":"Blur","floor":12}],"player_experience":61540,"relics_obtained":[{"floor":2,"key":"Ancient Tea Set"},{"floor":6,"key":"Whetstone"},{"floor":9,"key":"MawBank"},{"floor":12,"key":"Tiny Chest"}],"event_choices":[{"event_name":"Liars Game","player_choice":"agreed","floor":3,"damage_taken":0},{"event_name":"Big Fish","player_choice":"Box","floor":4,"damage_taken":0},{"event_name":"Mushrooms","player_choice":"Fought Mushrooms","floor":13,"damage_taken":0}],"is_beta":false,"boss_relics":[],"items_purged_floors":[],"is_endless":false,"potions_floor_spawned":[1,5,6,12],"ascension_level":0}