{"gold_per_floor":[113,130,130,141,155,155,180,355,355,355],"floor_reached":10,"playtime":335,"items_purged":[],"score":96,"play_id":"b9970c7c-d5b9-466f-a51f-d19f5453babc","local_time":"20190219173940","is_ascension_mode":true,"campfire_choices":[{"data":"Entrench","floor":6,"key":"SMITH"}],"neow_cost":"CURSE","seed_source_timestamp":31186575578063,"circlet_count":0,"master_deck":["AscendersBane","Strike_R","Strike_R","Strike_R","Strike_R","Strike_R","Defend_R","Defend_R","Defend_R","Defend_R","Bash","Shrug It Off","Entrench+1","Body Slam","Doubt"],"relics":["Burning Blood","Bird Faced Urn","Odd Mushroom"],"potions_floor_usage":[4,7],"damage_taken":[{"damage":9,"enemies":"Cultist","floor":1,"turns":3},{"damage":16,"enemies":"Small Slimes","floor":2,"turns":4},{"damage":2,"enemies":"Jaw Worm","floor":4,"turns":5},{"damage":10,"enemies":"Looter","floor":5,"turns":5},{"damage":37,"enemies":"The Mushroom Lair","floor":7,"turns":5},{"damage":49,"enemies":"Gremlin Nob","floor":10,"turns":5}],"seed_played":"7878365062767664514","potions_obtained":[{"floor":2,"key":"Regen Potion"},{"floor":4,"key":"Strength Potion"}],"is_trial":false,"path_per_floor":["M","M","?","M","M","R","?","?","T","E"],"character_chosen":"IRONCLAD","items_purchased":[],"campfire_rested":0,"item_purchase_floors":[],"current_hp_per_floor":[69,59,52,70,66,66,35,35,35,0],"gold":355,"neow_bonus":"ONE_RARE_RELIC","is_prod":false,"is_daily":false,"chose_seed":false,"campfire_upgraded":1,"win_rate":0,"timestamp":1550633980,"path_taken":["M","?","?","M","M","R","?","?","T","E"],"build_version":"2019-01-23","purchased_purges":0,"victory":false,"max_hp_per_floor":[80,80,80,80,80,80,80,80,80,80],"card_choices":[{"not_picked":["Rampage","Twin Strike"],"picked":"Shrug It Off","floor":1},{"not_picked":["Ghostly Armor","Body Slam"],"picked":"Entrench","floor":2},{"not_picked":["Havoc","Clash","Pommel Strike"],"picked":"SKIP","floor":4},{"not_picked":["Hemokinesis","Twin Strike","Combust"],"picked":"SKIP","floor":5},{"not_picked":["Feel No Pain","Rampage"],"picked":"Body Slam","floor":7}],"player_experience":452187,"relics_obtained":[{"floor":7,"key":"Odd Mushroom"}],"event_choices":[{"cards_removed":["Regret"],"damage_healed":0,"gold_gain":0,"player_choice":"Card Removal","damage_taken":7,"max_hp_gain":0,"max_hp_loss":0,"event_name":"Golden Wing","floor":3,"gold_loss":0},{"damage_healed":0,"gold_gain":0,"player_choice":"Fought Mushrooms","damage_taken":0,"max_hp_gain":0,"max_hp_loss":0,"event_name":"Mushrooms","floor":7,"gold_loss":0},{"damage_healed":0,"gold_gain":175,"player_choice":"AGREE","damage_taken":0,"max_hp_gain":0,"max_hp_loss":0,"event_name":"Liars Game","floor":8,"gold_loss":0,"cards_obtained":["Doubt"]}],"is_beta":false,"boss_relics":[],"items_purged_floors":[],"is_endless":false,"potions_floor_spawned":[2,4],"killed_by":"Gremlin Nob","ascension_level":13}