{"gold_per_floor":[110,110,121,82,82,82,111,66,66,98,168,168,179,199,199,270,270,287,337,44,55,55,55,65,78,132,132,132,132,132,148,148,148],"floor_reached":33,"playtime":2121,"items_purged":["Strike_B"],"score":506,"play_id":"56991d74-8648-450b-8533-5657ef79707b","local_time":"20190211105322","is_ascension_mode":true,"campfire_choices":[{"floor":6.0,"key":"REST"},{"floor":15.0,"key":"REST"},{"floor":23.0,"key":"REST"},{"floor":29.0,"key":"REST"},{"floor":32.0,"key":"REST"}],"neow_cost":"NONE","seed_source_timestamp":0,"circlet_count":0,"master_deck":["AscendersBane","Strike_B","Defend_B","Defend_B+1","Defend_B","Defend_B","Zap","Dualcast+1","Auto Shields","Electrodynamics","Steam","Coolheaded+1","Sunder+1","Ball Lightning+1","Electrodynamics+1","Conserve Battery","Seek","Turbo","Chaos+1"],"special_seed":0,"relics":["Cracked Core","Frozen Egg 2","MawBank","Molten Egg 2","Juzu Bracelet","Philosopher\u0027s Stone","War Paint","Tiny Chest","Centennial Puzzle"],"potions_floor_usage":[],"damage_taken":[{"damage":2.0,"enemies":"Jaw Worm","floor":1.0,"turns":3.0},{"damage":0.0,"enemies":"Cultist","floor":3.0,"turns":3.0},{"damage":28.0,"enemies":"Gremlin Nob","floor":7.0,"turns":4.0},{"damage":28.0,"enemies":"Lagavulin","floor":10.0,"turns":10.0},{"damage":0.0,"enemies":"2 Louse","floor":13.0,"turns":2.0},{"damage":1.0,"enemies":"Blue Slaver","floor":14.0,"turns":4.0},{"damage":26.0,"enemies":"The Guardian","floor":16.0,"turns":10.0},{"damage":18.0,"enemies":"Chosen","floor":18.0,"turns":4.0},{"damage":16.0,"enemies":"Shell Parasite","floor":21.0,"turns":5.0},{"damage":21.0,"enemies":"Centurion and Healer","floor":24.0,"turns":6.0},{"damage":7.0,"enemies":"Sentry and Sphere","floor":25.0,"turns":5.0},{"damage":0.0,"enemies":"3 Cultists","floor":31.0,"turns":2.0},{"damage":64,"enemies":"Automaton","floor":33,"turns":8}],"seed_played":"5893163823021949293","potions_obtained":[{"floor":1.0,"key":"AttackPotion"},{"floor":10.0,"key":"Strength Potion"},{"floor":13.0,"key":"Weak Potion"},{"floor":18.0,"key":"Fruit Juice"},{"floor":21.0,"key":"LiquidBronze"}],"is_trial":false,"path_per_floor":["M","?","M","?","?","R","E","$","T","E","?","?","M","M","R","B",null,"M","?","$","M","?","R","M","M","T","?","?","R","T","M","R","B"],"character_chosen":"DEFECT","items_purchased":["Coolheaded","Block Potion","War Paint"],"campfire_rested":5,"item_purchase_floors":[8,20,20],"current_hp_per_floor":[62,62,62,62,44,65,37,37,37,9,9,9,9,8,29,3,54,41,41,41,25,25,47,26,19,19,19,19,41,41,41,63,0],"gold":148,"neow_bonus":"UPGRADE_CARD","is_prod":false,"is_daily":false,"chose_seed":false,"campfire_upgraded":0,"win_rate":0,"timestamp":1549904002,"path_taken":["M","?","?","?","?","R","E","?","T","E","?","?","M","M","R","BOSS","M","?","$","M","?","R","M","M","T","?","?","R","?","M","R","BOSS"],"build_version":"2019-01-23","purchased_purges":1,"victory":false,"max_hp_per_floor":[71,71,71,71,71,71,71,71,71,71,71,71,71,71,71,71,71,76,76,76,76,76,76,76,76,76,76,76,76,76,76,76,76],"card_choices":[{"not_picked":["Leap","Beam Cell"],"picked":"Auto Shields","floor":1.0},{"not_picked":["Undo","Blizzard"],"picked":"Steam","floor":3.0},{"not_picked":["Barrage","Redo","Melter"],"picked":"SKIP","floor":7.0},{"not_picked":["Amplify","Hello World+1"],"picked":"Sunder+1","floor":10.0},{"not_picked":["Static Discharge+1","Hologram"],"picked":"Ball Lightning+1","floor":13.0},{"not_picked":["Stack","Rebound+1","Barrage+1"],"picked":"SKIP","floor":14.0},{"not_picked":["Multi-Cast","Reboot"],"picked":"Electrodynamics+1","floor":16.0},{"not_picked":["Ball Lightning+1","Aggregate","Streamline+1"],"picked":"SKIP","floor":18.0},{"not_picked":["Hologram","Sunder+1"],"picked":"Conserve Battery","floor":21.0},{"not_picked":["Hello World+1","Compile Driver+1","Turbo+1"],"picked":"SKIP","floor":24.0},{"not_picked":["Turbo","Coolheaded","Ball Lightning+1"],"picked":"SKIP","floor":25.0},{"not_picked":["Aggregate","Barrage+1"],"picked":"Chaos+1","floor":31.0}],"player_experience":287644,"relics_obtained":[{"floor":7.0,"key":"MawBank"},{"floor":9.0,"key":"Molten Egg 2"},{"floor":10.0,"key":"Juzu Bracelet"},{"floor":26.0,"key":"Tiny Chest"},{"floor":30.0,"key":"Centennial Puzzle"}],"event_choices":[{"damage_healed":0.0,"max_hp_gain":0.0,"max_hp_loss":0.0,"gold_gain":0.0,"event_name":"Match and Keep!","player_choice":"1 cards matched","floor":2.0,"gold_loss":0.0,"damage_taken":0.0,"cards_obtained":["Electrodynamics"]},{"damage_healed":0.0,"max_hp_gain":0.0,"max_hp_loss":0.0,"gold_gain":0.0,"event_name":"World of Goop","player_choice":"Left Gold","floor":4.0,"gold_loss":39.0,"damage_taken":0.0},{"damage_healed":0.0,"max_hp_gain":0.0,"max_hp_loss":0.0,"gold_gain":0.0,"event_name":"Scrap Ooze","player_choice":"Success","floor":5.0,"gold_loss":0.0,"damage_taken":18.0,"relics_obtained":["Frozen Egg 2"]},{"damage_healed":0.0,"max_hp_gain":0.0,"max_hp_loss":0.0,"gold_gain":70.0,"event_name":"Golden Wing","player_choice":"Gained Gold","floor":11.0,"gold_loss":0.0,"damage_taken":0.0},{"damage_healed":0.0,"max_hp_gain":0.0,"max_hp_loss":0.0,"gold_gain":0.0,"event_name":"Shining Light","player_choice":"Ignored","floor":12.0,"gold_loss":0.0,"damage_taken":0.0},{"damage_healed":0.0,"max_hp_gain":0.0,"max_hp_loss":0.0,"gold_gain":50.0,"event_name":"Nest","player_choice":"Stole From Cult","floor":19.0,"gold_loss":0.0,"damage_taken":0.0},{"damage_healed":0.0,"max_hp_gain":0.0,"max_hp_loss":0.0,"gold_gain":0.0,"event_name":"Cursed Tome","player_choice":"Ignored","floor":27.0,"gold_loss":0.0,"damage_taken":0.0},{"damage_healed":0.0,"max_hp_gain":0.0,"max_hp_loss":0.0,"gold_gain":0.0,"cards_transformed":["Strike_B","Strike_B"],"event_name":"Drug Dealer","player_choice":"Became Test Subject","floor":28.0,"gold_loss":0.0,"damage_taken":0.0,"cards_obtained":["Seek","Turbo"]}],"is_beta":false,"boss_relics":[{"not_picked":["Coffee Dripper","Empty Cage"],"picked":"Philosopher\u0027s Stone"}],"items_purged_floors":[20],"is_endless":false,"potions_floor_spawned":[1,10,13,14,18,21,24],"killed_by":"Automaton","ascension_level":20}