{"gold_per_floor":[113,113,127,146,165,165,175,175,175,31,31,31,51,51,51,148,148,158,158,171,182,282,282,42,53,53,53,69,79,79,89,89,185,185,205,205,305,316,416,416,38,38],"floor_reached":42,"playtime":1576,"items_purged":["Strike_R","Strike_R","Strike_R"],"score":390,"play_id":"5b438250-538a-41e2-9b55-9604edf7179e","local_time":"20190301011430","is_ascension_mode":false,"campfire_choices":[{"data":"Armaments","floor":6,"key":"SMITH"},{"data":"Searing Blow+1","floor":8,"key":"SMITH"},{"data":"Searing Blow+2","floor":12,"key":"SMITH"},{"data":"Searing Blow+3","floor":15,"key":"SMITH"},{"data":"Searing Blow+4","floor":23,"key":"SMITH"},{"data":"Searing Blow+5","floor":30,"key":"SMITH"},{"data":"Searing Blow+6","floor":32,"key":"SMITH"},{"data":"Searing Blow+7","floor":40,"key":"SMITH"}],"neow_cost":"NONE","seed_source_timestamp":1226385808237508,"circlet_count":0,"master_deck":["Defend_R","Defend_R","Defend_R","Defend_R","Bash","Searing Blow+8","Armaments+1","Flame Barrier","Burning Pact","Feed","Thunderclap+1","Necronomicurse","Double Tap","Dual Wield","Headbutt","Armaments+1","Double Tap"],"relics":["Black Blood","Lantern","Thread and Needle","Shovel","Necronomicon","Sundial","Empty Cage","Dead Branch","Paper Frog"],"potions_floor_usage":[],"damage_taken":[{"damage":6,"enemies":"Jaw Worm","floor":1,"turns":3},{"damage":0,"enemies":"Cultist","floor":3,"turns":3},{"damage":0,"enemies":"Small Slimes","floor":4,"turns":3},{"damage":8,"enemies":"2 Fungi Beasts","floor":5,"turns":4},{"damage":8,"enemies":"Exordium Thugs","floor":7,"turns":5},{"damage":0,"enemies":"Large Slime","floor":13,"turns":5},{"damage":21,"enemies":"Slime Boss","floor":16,"turns":13},{"damage":8,"enemies":"3 Byrds","floor":18,"turns":4},{"damage":0,"enemies":"Chosen","floor":20,"turns":1},{"damage":2,"enemies":"Sentry and Sphere","floor":21,"turns":5},{"damage":14,"enemies":"Snake Plant","floor":25,"turns":3},{"damage":0,"enemies":"Cultist and Chosen","floor":28,"turns":3},{"damage":0,"enemies":"Centurion and Healer","floor":29,"turns":2},{"damage":16,"enemies":"Snake Plant","floor":31,"turns":4},{"damage":24,"enemies":"Champ","floor":33,"turns":4},{"damage":58,"enemies":"3 Darklings","floor":35,"turns":6},{"damage":14,"enemies":"3 Shapes","floor":38,"turns":5},{"damage":10,"enemies":"Mind Bloom Boss Battle","floor":39,"turns":5},{"damage":46,"enemies":"3 Darklings","floor":42,"turns":3}],"seed_played":"-2820411408332207259","potions_obtained":[{"floor":3,"key":"SteroidPotion"},{"floor":13,"key":"SkillPotion"},{"floor":18,"key":"EssenceOfSteel"},{"floor":39,"key":"BloodPotion"}],"is_trial":false,"path_per_floor":["M","?","M","M","M","R","M","R","T","$","$","R","M","?","R","B",null,"M","?","M","M","?","R","$","M","T","$","M","M","R","M","R","B",null,"M","?","?","M","?","R","$","M"],"character_chosen":"IRONCLAD","items_purchased":["Burning Pact","Double Tap","Paper Frog"],"campfire_rested":0,"item_purchase_floors":[10,24,41],"current_hp_per_floor":[80,80,80,80,78,78,76,76,76,76,76,76,80,47,47,32,80,83,67,77,87,87,87,87,83,83,83,90,90,90,84,84,70,90,45,45,45,41,41,41,41,0],"gold":38,"neow_bonus":"RANDOM_COMMON_RELIC","is_prod":false,"is_daily":false,"chose_seed":false,"campfire_upgraded":8,"win_rate":0,"timestamp":1551420870,"path_taken":["M","?","M","M","?","R","M","R","T","?","$","R","M","?","R","BOSS","M","?","M","M","?","R","$","M","T","$","?","M","R","M","R","BOSS","M","?","?","?","?","R","$","M"],"build_version":"2019-01-23","purchased_purges":3,"victory":false,"max_hp_per_floor":[80,80,80,80,80,80,80,80,80,80,80,80,80,80,80,80,80,83,83,83,87,87,87,87,87,87,87,90,90,90,90,90,90,90,93,93,93,93,93,93,93,93],"card_choices":[{"not_picked":["True Grit","Heavy Blade"],"picked":"Searing Blow","floor":1},{"not_picked":["Havoc","Cleave"],"picked":"Armaments","floor":3},{"not_picked":["Seeing Red","Sword Boomerang","Rage"],"picked":"SKIP","floor":4},{"not_picked":["Clash","Ghostly Armor"],"picked":"Flame Barrier","floor":5},{"not_picked":["Evolve","Anger","Inflame"],"picked":"SKIP","floor":7},{"not_picked":["Thunderclap","Combust","Sentinel"],"picked":"SKIP","floor":13},{"not_picked":["Reaper","Berserk"],"picked":"Feed","floor":16},{"not_picked":["Carnage","Dropkick+1"],"picked":"Thunderclap+1","floor":18},{"not_picked":["Wild Strike","Pummel","Rampage+1"],"picked":"SKIP","floor":20},{"not_picked":["Sword Boomerang","Havoc","Clothesline"],"picked":"SKIP","floor":21},{"not_picked":["Pommel Strike","Thunderclap"],"picked":"Dual Wield","floor":25},{"not_picked":["Power Through","Anger","Headbutt"],"picked":"SKIP","floor":28},{"not_picked":["Power Through","Anger"],"picked":"Headbutt","floor":28},{"not_picked":["True Grit","Flex","Rage"],"picked":"SKIP","floor":29},{"not_picked":["Brutality","Thunderclap"],"picked":"Armaments+1","floor":31},{"not_picked":["Berserk","Limit Break"],"picked":"Double Tap","floor":33},{"not_picked":["Rupture+1","Flex","Clash+1"],"picked":"SKIP","floor":35},{"not_picked":["Pommel Strike+1","Disarm","Clothesline+1"],"picked":"SKIP","floor":38}],"player_experience":1114655,"relics_obtained":[{"floor":9,"key":"Thread and Needle"},{"floor":19,"key":"Necronomicon"},{"floor":26,"key":"Sundial"},{"floor":39,"key":"Dead Branch"}],"event_choices":[{"damage_healed":0,"gold_gain":0,"player_choice":"Upgraded","damage_taken":0,"max_hp_gain":0,"max_hp_loss":0,"event_name":"Upgrade Shrine","floor":2,"gold_loss":0,"cards_upgraded":["Searing Blow"]},{"damage_healed":0,"gold_gain":0,"player_choice":"Success","damage_taken":33,"relics_obtained":["Shovel"],"max_hp_gain":0,"max_hp_loss":0,"event_name":"Scrap Ooze","floor":14,"gold_loss":0},{"damage_healed":0,"gold_gain":0,"player_choice":"Obtained Book","damage_taken":16,"max_hp_gain":0,"max_hp_loss":0,"event_name":"Cursed Tome","floor":19,"gold_loss":0},{"damage_healed":0,"gold_gain":100,"player_choice":"Pray","damage_taken":0,"max_hp_gain":0,"max_hp_loss":0,"event_name":"Golden Shrine","floor":22,"gold_loss":0},{"damage_healed":0,"gold_gain":0,"player_choice":"Ignored","damage_taken":0,"max_hp_gain":0,"max_hp_loss":0,"event_name":"The Moai Head","floor":36,"gold_loss":0},{"damage_healed":0,"gold_gain":100,"player_choice":"Pray","damage_taken":0,"max_hp_gain":0,"max_hp_loss":0,"event_name":"Golden Shrine","floor":37,"gold_loss":0},{"damage_healed":0,"gold_gain":0,"player_choice":"Fight","damage_taken":0,"max_hp_gain":0,"max_hp_loss":0,"event_name":"MindBloom","floor":39,"gold_loss":0}],"is_beta":false,"boss_relics":[{"not_picked":["Busted Crown","Orrery"],"picked":"Black Blood"},{"not_picked":["Cursed Key","Sozu"],"picked":"Empty Cage"}],"items_purged_floors":[10,24,41],"is_endless":false,"potions_floor_spawned":[3,13,18,20,31,39],"killed_by":"3 Darklings","ascension_level":0}