{"gold_per_floor":[111,111,111,36,50,84,84,104,104,124,124,142,168,21,21,118,118,136,136,0,16,16,45,45,3,3,30,30,41,57,72,72,169,169,189,189,203,213,31,63,74,74,101,101,134,148,179,190,190,190,190,190,50,77,77],"floor_reached":56,"playtime":9342,"items_purged":["Strike_G","Strike_G","Strike_G"],"score":1583,"play_id":"c1870a15-0afe-447b-87c8-6537735f5f62","local_time":"20190303170227","is_ascension_mode":true,"campfire_choices":[{"floor":7.0,"key":"RECALL"},{"data":"Blur","floor":15.0,"key":"SMITH"},{"data":"Infinite Blades","floor":24,"key":"SMITH"},{"data":"Adrenaline","floor":32,"key":"SMITH"},{"data":"Malaise","floor":42,"key":"SMITH"},{"data":"Doppelganger","floor":44,"key":"SMITH"},{"data":"Adrenaline","floor":49,"key":"SMITH"},{"data":"Footwork","floor":52,"key":"SMITH"}],"neow_cost":"NONE","seed_source_timestamp":0,"circlet_count":0,"master_deck":["Defend_G","Defend_G","Defend_G","Defend_G","Defend_G","Survivor","Neutralize","PiercingWail","Blur+1","Backstab","Infinite Blades+1","Dagger Throw","Predator","Cloak And Dagger","Finesse","Adrenaline+1","Deadly Poison","Sucker Punch+1","Infinite Blades+1","Backflip","Cloak And Dagger","Noxious Fumes","Doppelganger+1","Backflip","Malaise+1","Footwork+1","Acrobatics+1","Doubt","Noxious Fumes+1","Adrenaline+1","Backstab+1"],"special_seed":0,"relics":["Ring of the Snake","NeowsBlessing","Pen Nib","Happy Flower","Boot","The Courier","Coffee Dripper","Anchor","Shuriken","Kunai","Thread and Needle","Cursed Key","Dream Catcher","Snake Skull","Ancient Tea Set","Strawberry","Bottled Tornado","Molten Egg 2","Blood Vial"],"potions_floor_usage":[27,27,50,55,55,55],"damage_taken":[{"damage":0.0,"enemies":"Cultist","floor":1.0,"turns":1.0},{"damage":0.0,"enemies":"Small Slimes","floor":5.0,"turns":1.0},{"damage":0.0,"enemies":"Gremlin Nob","floor":6.0,"turns":1.0},{"damage":0.0,"enemies":"2 Louse","floor":8.0,"turns":2.0},{"damage":0.0,"enemies":"Blue Slaver","floor":10.0,"turns":3.0},{"damage":0.0,"enemies":"2 Fungi Beasts","floor":12.0,"turns":3.0},{"damage":4.0,"enemies":"Lagavulin","floor":13.0,"turns":4.0},{"damage":57.0,"enemies":"Slime Boss","floor":16.0,"turns":16.0},{"damage":0,"enemies":"Spheric Guardian","floor":18,"turns":3},{"damage":1,"enemies":"3 Byrds","floor":21,"turns":4},{"damage":0,"enemies":"Book of Stabbing","floor":23,"turns":6},{"damage":7,"enemies":"Slavers","floor":27,"turns":7},{"damage":0,"enemies":"Shelled Parasite and Fungi","floor":29,"turns":5},{"damage":0,"enemies":"Snake Plant","floor":30,"turns":4},{"damage":2,"enemies":"Chosen and Byrds","floor":31,"turns":5},{"damage":0,"enemies":"Automaton","floor":33,"turns":8},{"damage":0,"enemies":"3 Shapes","floor":35,"turns":3},{"damage":0,"enemies":"Orb Walker","floor":37,"turns":4},{"damage":2,"enemies":"Writhing Mass","floor":38,"turns":6},{"damage":0,"enemies":"Reptomancer","floor":40,"turns":6},{"damage":0,"enemies":"3 Darklings","floor":41,"turns":4},{"damage":0,"enemies":"Giant Head","floor":45,"turns":9},{"damage":0,"enemies":"Maw","floor":46,"turns":7},{"damage":0,"enemies":"Nemesis","floor":47,"turns":7},{"damage":0,"enemies":"Transient","floor":48,"turns":5},{"damage":0,"enemies":"Time Eater","floor":50,"turns":12},{"damage":0,"enemies":"Shield and Spear","floor":54,"turns":6},{"damage":16,"enemies":"The Heart","floor":55,"turns":12}],"seed_played":"-2170283772968504216","potions_obtained":[{"floor":1.0,"key":"Weak Potion"},{"floor":5.0,"key":"Fire Potion"},{"floor":8.0,"key":"Explosive Potion"},{"floor":13.0,"key":"Regen Potion"},{"floor":21,"key":"Poison Potion"},{"floor":30,"key":"GamblersBrew"},{"floor":31,"key":"Dexterity Potion"},{"floor":37,"key":"EssenceOfSteel"}],"is_trial":false,"path_per_floor":["M","T","?","$","M","E","R","M","T","M","?","M","E","$","R","B",null,"M","?","?","M","?","E","R","$","T","E","?","M","M","M","R","B",null,"M","?","M","M","$","E","M","R","T","R","E","M","E","M","R","B",null,"R","$","E","B",null],"character_chosen":"THE_SILENT","items_purchased":["Finesse","Backflip","Snake Skull","Footwork","Energy Potion"],"campfire_rested":0,"item_purchase_floors":[14,25,39,39,53],"current_hp_per_floor":[70,70,63,63,63,63,63,63,63,63,63,63,59,59,59,2,70,70,70,70,69,69,69,69,69,69,62,62,62,62,60,60,60,70,70,70,70,68,68,68,68,68,75,75,75,75,75,75,75,75,77,77,77,77,76],"gold":77,"neow_bonus":"THREE_ENEMY_KILL","is_prod":false,"is_daily":false,"chose_seed":false,"campfire_upgraded":7,"win_rate":0,"timestamp":1551654147,"path_taken":["M","?","?","$","M","E","R","M","T","M","?","?","E","$","R","BOSS","M","?","?","M","?","E","R","?","T","E","?","M","?","M","R","BOSS","M","?","M","?","$","E","M","R","T","R","E","M","E","M","R","BOSS","R","$","E","BOSS"],"build_version":"2019-01-23","purchased_purges":3,"victory":true,"max_hp_per_floor":[70,70,70,70,70,70,70,70,70,70,70,70,70,70,70,70,70,70,70,70,70,70,70,70,70,70,70,70,70,70,70,70,70,70,70,70,70,70,70,70,70,70,77,77,77,77,77,77,77,77,77,77,77,77,77],"card_choices":[{"not_picked":["Accuracy","Dagger Throw"],"picked":"PiercingWail","floor":1.0},{"not_picked":["Backflip","Wraith Form v2"],"picked":"Blur","floor":5.0},{"not_picked":["Underhanded Strike","Quick Slash"],"picked":"Backstab","floor":6.0},{"not_picked":["Eviscerate","Expertise"],"picked":"Infinite Blades","floor":8.0},{"not_picked":["Underhanded Strike","Prepared"],"picked":"Dagger Throw","floor":10.0},{"not_picked":["Setup","Prepared"],"picked":"Predator","floor":12.0},{"not_picked":["Riddle With Holes","Slice"],"picked":"Cloak And Dagger","floor":13.0},{"not_picked":["Bullet Time","Die Die Die"],"picked":"Adrenaline","floor":16.0},{"not_picked":["Blur+1","Choke+1"],"picked":"Deadly Poison","floor":18},{"not_picked":["Poisoned Stab","Setup"],"picked":"Sucker Punch+1","floor":21},{"not_picked":["Dodge and Roll","Night Terror"],"picked":"Infinite Blades+1","floor":23},{"not_picked":["Expertise+1","Dodge and Roll"],"picked":"Cloak And Dagger","floor":27},{"not_picked":["Blade Dance","Dagger Spray"],"picked":"Noxious Fumes","floor":29},{"not_picked":["Masterful Stab","Slice","Dagger Throw"],"picked":"SKIP","floor":30},{"not_picked":["Dagger Throw","Quick Slash","Deflect"],"picked":"SKIP","floor":31},{"not_picked":["Storm of Steel","Bullet Time"],"picked":"Doppelganger","floor":33},{"not_picked":["Poisoned Stab+1","Slice"],"picked":"Backflip","floor":35},{"not_picked":["Blade Dance","Sucker Punch","Underhanded Strike"],"picked":"SKIP","floor":37},{"not_picked":["Blade Dance","Flying Knee+1"],"picked":"Malaise","floor":38},{"not_picked":["Riddle With Holes","Choke+1"],"picked":"Acrobatics+1","floor":40},{"not_picked":["Underhanded Strike","Setup+1","Dagger Throw+1"],"picked":"SKIP","floor":41},{"not_picked":["Dagger Spray","Flying Knee"],"picked":"Noxious Fumes+1","floor":45},{"not_picked":["Deadly Poison+1","Acrobatics","Bane"],"picked":"SKIP","floor":46},{"not_picked":["Distraction","Setup+1"],"picked":"Adrenaline","floor":47},{"not_picked":["Tactician","Backflip"],"picked":"Backstab+1","floor":48},{"not_picked":["Slice+1","Endless Agony+1","Choke+1"],"picked":"SKIP","floor":54}],"player_experience":156582,"relics_obtained":[{"floor":6.0,"key":"Happy Flower"},{"floor":9.0,"key":"Boot"},{"floor":13.0,"key":"The Courier"},{"floor":23,"key":"Anchor"},{"floor":26,"key":"Shuriken"},{"floor":27,"key":"Kunai"},{"floor":36,"key":"Dream Catcher"},{"floor":40,"key":"Ancient Tea Set"},{"floor":43,"key":"Strawberry"},{"floor":45,"key":"Bottled Tornado"},{"floor":47,"key":"Molten Egg 2"},{"floor":54,"key":"Blood Vial"}],"event_choices":[{"damage_healed":0.0,"max_hp_gain":0.0,"max_hp_loss":0.0,"gold_gain":0.0,"event_name":"Scrap Ooze","player_choice":"Success","floor":3.0,"gold_loss":0.0,"damage_taken":7.0,"relics_obtained":["Pen Nib"]},{"cards_removed":["Strike_G"],"damage_healed":0.0,"max_hp_gain":0.0,"max_hp_loss":0.0,"gold_gain":0.0,"event_name":"Purifier","player_choice":"Purged","floor":11.0,"gold_loss":0.0,"damage_taken":0.0},{"cards_removed":["Strike_G"],"damage_healed":0,"gold_gain":0,"player_choice":"Elegance","damage_taken":0,"max_hp_gain":0,"max_hp_loss":0,"event_name":"Back to Basics","floor":19,"gold_loss":0},{"damage_healed":0,"gold_gain":0,"player_choice":"Paid Fearfully","damage_taken":0,"max_hp_gain":0,"max_hp_loss":0,"event_name":"Masked Bandits","floor":20,"gold_loss":136},{"damage_healed":0,"gold_gain":0,"player_choice":"Ignored","damage_taken":0,"max_hp_gain":0,"max_hp_loss":0,"event_name":"Vampires","floor":22,"gold_loss":0},{"damage_healed":0,"gold_gain":0,"player_choice":"Opened","damage_taken":0,"relics_obtained":["Thread and Needle"],"max_hp_gain":0,"max_hp_loss":0,"event_name":"The Mausoleum","floor":28,"gold_loss":0},{"damage_healed":0,"gold_gain":0,"player_choice":"Relic","damage_taken":0,"max_hp_gain":0,"max_hp_loss":0,"event_name":"Wheel of Change","floor":36,"gold_loss":0}],"is_beta":false,"boss_relics":[{"not_picked":["Snecko Eye","White Beast Statue"],"picked":"Coffee Dripper"},{"not_picked":["Ring of the Serpent","Tiny House"],"picked":"Cursed Key"}],"items_purged_floors":[4,14,53],"is_endless":false,"potions_floor_spawned":[1,5,8,13,21,30,31,37,40,47,48],"ascension_level":2}