{"gold_per_floor":[109,54,54,4,19,19,146,163,163,179,197,197,210,44,44,146,146],"floor_reached":17,"playtime":944,"items_purged":[],"score":182,"play_id":"f8a1c06b-1843-47ca-a6aa-d90790367a8c","local_time":"20190207222020","is_ascension_mode":false,"campfire_choices":[{"data":"Ricochet","floor":6,"key":"SMITH"},{"data":"Luminosity","floor":12,"key":"SMITH"},{"data":"Crow Ritual","floor":15,"key":"SMITH"}],"neow_cost":"NONE","seed_source_timestamp":12663458900487,"circlet_count":0,"master_deck":["Strike_S","Strike_S","Strike_S","Defend_S","Defend_S","Defend_S","Defend_S","KidneyShot","Exchange","Starlight","InstantArmor+1","Ricochet+1","FastForward","ShiftingGears+1","Luminosity+1","Crow Ritual+1","FloweringNight"],"relics":["Uniform","NeowsBlessing","infinitespire:Satchel","Pear","Toxic Egg 2","Snecko Eye"],"potions_floor_usage":[],"damage_taken":[{"damage":0,"enemies":"2 Louse","floor":1,"turns":2},{"damage":0,"enemies":"Jaw Worm","floor":5,"turns":1},{"damage":0,"enemies":"3 Sentries","floor":7,"turns":1},{"damage":0,"enemies":"Cultist","floor":8,"turns":2},{"damage":0,"enemies":"Blue Slaver","floor":10,"turns":3},{"damage":0,"enemies":"Looter","floor":11,"turns":4},{"damage":0,"enemies":"Red Slaver","floor":13,"turns":3},{"damage":34,"enemies":"Slime Boss","floor":16,"turns":16}],"seed_played":"-6449590133956675717","potions_obtained":[{"floor":5,"key":"AttackPotion"},{"floor":7,"key":"Poison Potion"},{"floor":10,"key":"Dexterity Potion"},{"floor":11,"key":"Strength Potion"}],"is_trial":false,"path_per_floor":["M","$","?","?","M","R","E","M","T","M","M","R","M","$","R","B",null],"character_chosen":"THE_SERVANT","items_purchased":["InstantArmor+1","Crow Ritual"],"campfire_rested":0,"item_purchase_floors":[2,14],"current_hp_per_floor":[65,65,65,65,65,65,75,75,75,75,75,75,75,75,75,41,41],"gold":146,"neow_bonus":"THREE_ENEMY_KILL","is_prod":false,"is_daily":false,"chose_seed":false,"campfire_upgraded":3,"win_rate":0.0,"timestamp":1549585220,"path_taken":["M","$","?","?","M","R","E","M","T","M","M","R","M","$","R","BOSS"],"build_version":"2019-01-23","purchased_purges":0,"victory":false,"max_hp_per_floor":[65,65,65,65,65,65,75,75,75,75,75,75,75,75,75,75,75],"card_choices":[{"not_picked":["Revamp","Spin"],"picked":"Starlight","floor":1},{"not_picked":["Starlight","Potential"],"picked":"Ricochet","floor":5},{"not_picked":["BottledTime","Ricochet"],"picked":"FastForward","floor":7},{"not_picked":["Unruled","Spin","ReturningBlade"],"picked":"SKIP","floor":8},{"not_picked":["Sabotage","Contraction+1"],"picked":"ShiftingGears+1","floor":10},{"not_picked":["PendulumOfEternity","ShatteredReality"],"picked":"Luminosity","floor":11},{"not_picked":["Unruled","Revamp+1","DualDimension+1"],"picked":"SKIP","floor":13},{"not_picked":["PendulumOfEternity","Sunlight"],"picked":"FloweringNight","floor":16}],"player_experience":740784,"relics_obtained":[{"floor":3,"key":"infinitespire:Satchel"},{"floor":7,"key":"Pear"},{"floor":9,"key":"Toxic Egg 2"}],"event_choices":[{"cards_removed":["Strike_S"],"damage_healed":0,"gold_gain":0,"player_choice":"Card Removal","damage_taken":0,"max_hp_gain":0,"max_hp_loss":0,"event_name":"The Cleric","floor":4,"gold_loss":50}],"is_beta":false,"boss_relics":[{"not_picked":["White Beast Statue","Abe\u0027s Treasure"],"picked":"Snecko Eye"}],"items_purged_floors":[],"is_endless":false,"potions_floor_spawned":[5,7,10,11,13],"ascension_level":0}