{"gold_per_floor":[117,117,127,139,157,187,187,187,187,35,48,13,13,28,28,28],"floor_reached":16,"playtime":405,"items_purged":["Strike_R"],"score":102,"play_id":"582684fa-5433-4f7b-abff-d056d3168686","local_time":"20190128150251","is_ascension_mode":false,"campfire_choices":[{"floor":7,"key":"RECALL"},{"floor":13,"key":"REST"},{"data":"Bash","floor":15,"key":"SMITH"}],"neow_cost":"NONE","seed_source_timestamp":803554687141159,"circlet_count":0,"master_deck":["Strike_R","Strike_R","Strike_R","Defend_R","Defend_R","Defend_R","Defend_R","Bash+1","Dropkick"],"relics":["Burning Blood","NlothsMask","Ornamental Fan"],"potions_floor_usage":[4,14,16],"damage_taken":[{"damage":1,"enemies":"2 Louse","floor":1,"turns":3},{"damage":6,"enemies":"Cultist","floor":3,"turns":3},{"damage":3,"enemies":"Jaw Worm","floor":4,"turns":5},{"damage":8,"enemies":"Blue Slaver","floor":5,"turns":6},{"damage":55,"enemies":"Gremlin Nob","floor":6,"turns":6},{"damage":16,"enemies":"3 Louse","floor":11,"turns":4},{"damage":9,"enemies":"Exordium Wildlife","floor":14,"turns":4},{"damage":90,"enemies":"Slime Boss","floor":16,"turns":10}],"seed_played":"-6564965364965185523","potions_obtained":[{"floor":3,"key":"Block Potion"},{"floor":11,"key":"BloodPotion"},{"floor":14,"key":"Regen Potion"}],"is_trial":false,"path_per_floor":["M","?","M","M","M","E","R","T","T","$","M","?","R","M","R","B"],"character_chosen":"IRONCLAD","items_purchased":["Dropkick"],"campfire_rested":1,"item_purchase_floors":[10],"current_hp_per_floor":[80,80,80,80,78,29,29,29,29,29,19,39,63,68,68,0],"gold":28,"neow_bonus":"REMOVE_CARD","is_prod":false,"is_daily":false,"chose_seed":false,"campfire_upgraded":1,"win_rate":0,"timestamp":1548723771,"path_taken":["M","?","M","?","M","E","R","?","T","$","M","?","R","M","R","BOSS"],"build_version":"2019-01-23","purchased_purges":1,"victory":false,"max_hp_per_floor":[80,80,80,80,80,80,80,80,80,80,80,80,80,80,80,80],"card_choices":[{"not_picked":["Warcry","Thunderclap","Shrug It Off"],"picked":"SKIP","floor":1},{"not_picked":["Rupture","Rampage","Cleave"],"picked":"SKIP","floor":3},{"not_picked":["Power Through","Shrug It Off","Metallicize"],"picked":"SKIP","floor":4},{"not_picked":["Shrug It Off","Rupture","Warcry"],"picked":"SKIP","floor":5},{"not_picked":["Rage","Flex","Fiend Fire"],"picked":"SKIP","floor":6},{"not_picked":["Twin Strike","Perfected Strike","True Grit"],"picked":"SKIP","floor":11},{"not_picked":["True Grit","Disarm","Headbutt"],"picked":"SKIP","floor":14}],"player_experience":388194,"relics_obtained":[{"floor":6,"key":"Ornamental Fan"}],"event_choices":[{"damage_healed":0,"gold_gain":0,"player_choice":"Trade","damage_taken":0,"relics_obtained":["NlothsMask"],"max_hp_gain":0,"max_hp_loss":0,"event_name":"FaceTrader","floor":2,"gold_loss":0},{"damage_healed":20,"gold_gain":0,"player_choice":"Healed","damage_taken":0,"max_hp_gain":0,"max_hp_loss":0,"event_name":"The Cleric","floor":12,"gold_loss":35}],"is_beta":false,"boss_relics":[],"items_purged_floors":[10],"is_endless":false,"potions_floor_spawned":[3,11,14],"killed_by":"Slime Boss","ascension_level":0}