{"gold_per_floor":[116,136,150,161,161,161,173,173,197,211,13,13,13,13,13,141,141,166,166,203,215,250,262,289,301,313,325,337,34,54,85,85,206,206,230,563,15,64,78,78,107,107,107,127,127,137,49,49,49,49],"floor_reached":51,"playtime":2211,"items_purged":["Strike_G","Strike_G"],"score":793,"play_id":"6db8ab77-2aa0-44d5-bd7b-2d1ba046549d","local_time":"20190217155635","is_ascension_mode":true,"campfire_choices":[{"data":"Backstab","floor":6,"key":"SMITH"},{"data":"Deadly Poison","floor":12,"key":"SMITH"},{"floor":15,"key":"REST"},{"data":"Deadly Poison","floor":23,"key":"SMITH"},{"data":"Deadly Poison","floor":25,"key":"SMITH"},{"floor":27,"key":"REST"},{"floor":32,"key":"REST"},{"floor":40,"key":"REST"},{"floor":42,"key":"REST"},{"data":"Catalyst","floor":49,"key":"SMITH"}],"neow_cost":"NONE","seed_source_timestamp":241824953480495,"circlet_count":0,"master_deck":["Defend_G","Defend_G","Defend_G","Defend_G","Defend_G","Strike_G","Strike_G","Survivor","Neutralize","Corpse Explosion","Backstab+1","Deadly Poison","Deadly Poison+1","Dash","Adrenaline","Noxious Fumes+1","Deadly Poison+1","Deadly Poison+1","RitualDagger","Corpse Explosion","Burst","Dodge and Roll","Backflip","Noxious Fumes","Leg Sweep","Catalyst+1","Backflip","Backstab","Mind Blast","Doubt"],"relics":["Ring of the Serpent","Pen Nib","MawBank","Paper Crane","Bag of Marbles","Orrery","Ice Cream","Turnip","Darkstone Periapt","Incense Burner"],"potions_floor_usage":[16,33,33,38,38,41],"damage_taken":[{"damage":5,"enemies":"Jaw Worm","floor":1,"turns":5},{"damage":0,"enemies":"Small Slimes","floor":2,"turns":4},{"damage":0,"enemies":"2 Louse","floor":3,"turns":3},{"damage":0,"enemies":"Blue Slaver","floor":4,"turns":5},{"damage":3,"enemies":"Red Slaver","floor":7,"turns":3},{"damage":7,"enemies":"Looter","floor":10,"turns":2},{"damage":18,"enemies":"The Guardian","floor":16,"turns":10},{"damage":24,"enemies":"3 Byrds","floor":18,"turns":3},{"damage":3,"enemies":"Shell Parasite","floor":20,"turns":5},{"damage":0,"enemies":"3 Cultists","floor":22,"turns":3},{"damage":0,"enemies":"Snecko","floor":24,"turns":4},{"damage":16,"enemies":"Centurion and Healer","floor":30,"turns":4},{"damage":43,"enemies":"Book of Stabbing","floor":31,"turns":5},{"damage":13,"enemies":"Automaton","floor":33,"turns":10},{"damage":2,"enemies":"3 Shapes","floor":35,"turns":2},{"damage":31,"enemies":"2 Orb Walkers","floor":38,"turns":4},{"damage":37,"enemies":"Orb Walker","floor":39,"turns":6},{"damage":15,"enemies":"Giant Head","floor":41,"turns":7},{"damage":1,"enemies":"Writhing Mass","floor":44,"turns":7},{"damage":27,"enemies":"3 Darklings","floor":46,"turns":4},{"damage":63,"enemies":"Donu and Deca","floor":50,"turns":6}],"seed_played":"8162629658043530382","potions_obtained":[{"floor":2,"key":"AttackPotion"},{"floor":4,"key":"Dexterity Potion"},{"floor":7,"key":"EssenceOfSteel"},{"floor":20,"key":"Energy Potion"},{"floor":22,"key":"SkillPotion"},{"floor":30,"key":"Dexterity Potion"},{"floor":35,"key":"Energy Potion"},{"floor":39,"key":"AttackPotion"}],"is_trial":false,"path_per_floor":["M","M","M","M","?","R","M","?","T","M","$","R","?","$","R","B",null,"M","?","M","$","M","R","M","R","T","R","?","$","M","E","R","B",null,"M","?","$","?","M","R","E","R","T","M","?","M","$","?","R","B",null],"character_chosen":"THE_SILENT","items_purchased":["Deadly Poison","Dash","Corpse Explosion","A Thousand Cuts","Noxious Fumes","Leg Sweep","Ice Cream","Mind Blast"],"campfire_rested":5,"item_purchase_floors":[11,11,29,29,37,37,37,47],"current_hp_per_floor":[65,65,65,65,70,70,67,49,49,42,42,42,35,35,57,39,75,51,51,48,48,48,48,48,48,48,70,64,64,48,5,27,14,75,73,73,73,42,5,27,12,34,34,33,33,6,6,81,81,18],"gold":49,"neow_bonus":"ONE_RANDOM_RARE_CARD","is_prod":false,"is_daily":false,"chose_seed":false,"campfire_upgraded":5,"win_rate":0,"timestamp":1550436995,"path_taken":["M","M","M","M","?","R","M","?","T","M","$","R","?","?","R","BOSS","M","?","M","$","M","R","?","R","T","R","?","$","M","E","R","BOSS","M","?","$","?","M","R","E","R","T","M","?","M","?","?","R","BOSS"],"build_version":"2019-01-23","purchased_purges":2,"victory":true,"max_hp_per_floor":[70,70,70,70,75,75,75,75,75,75,75,75,75,75,75,75,75,75,75,75,75,75,75,75,75,75,75,75,75,75,75,75,75,75,75,75,75,75,75,75,75,75,75,75,75,75,75,81,81,81],"card_choices":[{"not_picked":["Blade Dance","Dodge and Roll"],"picked":"Backstab","floor":1},{"not_picked":["Flying Knee","Quick Slash","Blade Dance"],"picked":"SKIP","floor":2},{"not_picked":["Flechettes","Acrobatics","Quick Slash"],"picked":"SKIP","floor":3},{"not_picked":["Sucker Punch","Blade Dance","Underhanded Strike"],"picked":"SKIP","floor":4},{"not_picked":["Predator","Slice"],"picked":"Deadly Poison","floor":7},{"not_picked":["Sucker Punch","Riddle With Holes","Acrobatics"],"picked":"SKIP","floor":10},{"not_picked":["Night Terror","Glass Knife"],"picked":"Adrenaline","floor":16},{"not_picked":["PiercingWail+1","Slice+1"],"picked":"Noxious Fumes+1","floor":18},{"not_picked":["Blur","Flying Knee+1"],"picked":"Deadly Poison","floor":20},{"not_picked":["Calculated Gamble","Flying Knee"],"picked":"Deadly Poison","floor":22},{"not_picked":["Predator","Poisoned Stab","Sucker Punch"],"picked":"SKIP","floor":24},{"not_picked":["Heel Hook","Prepared+1","Finisher"],"picked":"SKIP","floor":30},{"not_picked":["Expertise","Heel Hook","Skewer"],"picked":"SKIP","floor":31},{"not_picked":["Tools of the Trade","Envenom"],"picked":"Burst","floor":33},{"not_picked":["Well Laid Plans","Outmaneuver"],"picked":"Dodge and Roll","floor":34},{"not_picked":["Blade Dance+1","Deadly Poison"],"picked":"Backflip","floor":35},{"not_picked":["Backflip","Infinite Blades"],"picked":"Catalyst","floor":38},{"not_picked":["PiercingWail+1","All Out Attack"],"picked":"Backflip","floor":39},{"not_picked":["Riddle With Holes+1","Distraction","Eviscerate+1"],"picked":"SKIP","floor":41},{"not_picked":["Well Laid Plans","Die Die Die"],"picked":"Backstab","floor":44},{"not_picked":["Finisher+1","Dagger Throw","Setup"],"picked":"SKIP","floor":46}],"player_experience":1048121,"relics_obtained":[{"floor":9,"key":"Pen Nib"},{"floor":26,"key":"Paper Crane"},{"floor":31,"key":"Bag of Marbles"},{"floor":38,"key":"Turnip"},{"floor":41,"key":"Darkstone Periapt"},{"floor":43,"key":"Incense Burner"}],"event_choices":[{"damage_healed":0,"gold_gain":0,"player_choice":"Donut","damage_taken":0,"max_hp_gain":5,"max_hp_loss":0,"event_name":"Big Fish","floor":5,"gold_loss":0},{"damage_healed":0,"gold_gain":0,"player_choice":"Take Damage","damage_taken":18,"relics_obtained":["Golden Idol"],"max_hp_gain":0,"max_hp_loss":0,"event_name":"Golden Idol","floor":8,"gold_loss":0},{"cards_removed":["Strike_G"],"damage_healed":0,"gold_gain":0,"player_choice":"Card Removal","damage_taken":7,"max_hp_gain":0,"max_hp_loss":0,"event_name":"Golden Wing","floor":13,"gold_loss":0},{"damage_healed":0,"gold_gain":0,"player_choice":"Gave Potion","damage_taken":0,"relics_obtained":["MawBank"],"max_hp_gain":0,"max_hp_loss":0,"event_name":"WeMeetAgain","floor":19,"gold_loss":0},{"damage_healed":0,"gold_gain":0,"player_choice":"Joined the Cult","damage_taken":6,"max_hp_gain":0,"max_hp_loss":0,"event_name":"Nest","floor":28,"gold_loss":0,"cards_obtained":["RitualDagger"]},{"damage_healed":0,"gold_gain":333,"player_choice":"Gave Idol","damage_taken":0,"max_hp_gain":0,"max_hp_loss":0,"event_name":"The Moai Head","floor":36,"relics_lost":["Golden Idol"],"gold_loss":0},{"damage_healed":0,"gold_gain":0,"player_choice":"Fight","damage_taken":0,"max_hp_gain":0,"max_hp_loss":0,"event_name":"Mysterious Sphere","floor":38,"gold_loss":0},{"cards_removed":["A Thousand Cuts"],"damage_healed":0,"gold_gain":0,"player_choice":"Removed Power","damage_taken":0,"max_hp_gain":0,"max_hp_loss":0,"event_name":"Falling","floor":45,"gold_loss":0},{"damage_healed":69,"gold_gain":0,"player_choice":"Heal","damage_taken":0,"max_hp_gain":0,"max_hp_loss":0,"event_name":"MindBloom","floor":48,"gold_loss":0,"cards_obtained":["Doubt"]}],"is_beta":false,"boss_relics":[{"not_picked":["WristBlade","Runic Pyramid"],"picked":"Ring of the Serpent"},{"not_picked":["HoveringKite","Lizard Tail"],"picked":"Orrery"}],"items_purged_floors":[11,37],"is_endless":false,"potions_floor_spawned":[2,4,7,20,22,24,30,35,39],"ascension_level":1}