{"gold_per_floor":[111,111,135,155,155,155,184,196,222,240,259,259,218,234,234,337,337,354,365,66,85,103,138,150,150,150,150,150,170,202,221,221,323,323,340,355,23,23,33,67,67,67,90,439,439,473,473,490,490,490],"floor_reached":51,"playtime":1890,"items_purged":["Strike_G"],"score":874,"play_id":"d59d4451-6a51-4e8f-a68f-ec19eed9d98a","local_time":"20190307121930","is_ascension_mode":false,"campfire_choices":[{"data":"Neutralize","floor":6.0,"key":"SMITH"},{"floor":15,"key":"REST"},{"data":"Noxious Fumes","floor":25,"key":"SMITH"},{"data":"Catalyst","floor":27,"key":"SMITH"},{"floor":32,"key":"REST"},{"data":"Noxious Fumes","floor":41,"key":"SMITH"},{"data":"Dramatic Entrance","floor":45,"key":"SMITH"},{"data":"Footwork","floor":49,"key":"SMITH"}],"neow_cost":"NONE","seed_source_timestamp":66291756988835,"circlet_count":0,"master_deck":["Defend_G","Defend_G","Defend_G","Defend_G","Defend_G+1","Strike_G","Strike_G","Strike_G","Survivor+1","Neutralize+1","Catalyst+1","Blade Dance+1","PiercingWail+1","Noxious Fumes+1","Infinite Blades+1","Backflip+1","Deadly Poison+1","Malaise+1","Footwork+1","Deadly Poison+1","Catalyst+1","PiercingWail+1","Crippling Poison+1","Night Terror+1","Catalyst+1","Apotheosis+1","Noxious Fumes+1","Dramatic Entrance+1","Crippling Poison+1","Footwork+1"],"special_seed":0,"relics":["Ring of the Snake","NeowsBlessing","Toxic Egg 2","Anchor","Ornamental Fan","PreservedInsect","Bag of Marbles","Sozu","Blood Vial","Dream Catcher","Lantern","Strawberry","Oddly Smooth Stone","Eternal Feather","Happy Flower","Ninja Scroll","Omamori","Old Coin","Juzu Bracelet"],"potions_floor_usage":[16,16,50],"damage_taken":[{"damage":0.0,"enemies":"Jaw Worm","floor":1.0,"turns":1.0},{"damage":0.0,"enemies":"Small Slimes","floor":4.0,"turns":1.0},{"damage":0,"enemies":"3 Sentries","floor":7,"turns":1},{"damage":0,"enemies":"Cultist","floor":8,"turns":3},{"damage":0,"enemies":"Looter","floor":10,"turns":2},{"damage":4,"enemies":"2 Fungi Beasts","floor":11,"turns":4},{"damage":0,"enemies":"3 Louse","floor":14,"turns":4},{"damage":9,"enemies":"Hexaghost","floor":16,"turns":7},{"damage":12,"enemies":"2 Thieves","floor":18,"turns":4},{"damage":0,"enemies":"Spheric Guardian","floor":19,"turns":6},{"damage":1,"enemies":"Snecko","floor":21,"turns":4},{"damage":3,"enemies":"Snake Plant","floor":22,"turns":4},{"damage":0,"enemies":"Book of Stabbing","floor":23,"turns":5},{"damage":0,"enemies":"Shelled Parasite and Fungi","floor":24,"turns":4},{"damage":8,"enemies":"Sentry and Sphere","floor":29,"turns":6},{"damage":0,"enemies":"Slavers","floor":30,"turns":3},{"damage":0,"enemies":"Snake Plant","floor":31,"turns":4},{"damage":7,"enemies":"Collector","floor":33,"turns":4},{"damage":0,"enemies":"Orb Walker","floor":35,"turns":2},{"damage":15,"enemies":"3 Darklings","floor":36,"turns":5},{"damage":0,"enemies":"4 Shapes","floor":39,"turns":4},{"damage":3,"enemies":"Nemesis","floor":40,"turns":5},{"damage":3,"enemies":"2 Orb Walkers","floor":44,"turns":4},{"damage":6,"enemies":"Reptomancer","floor":46,"turns":3},{"damage":6,"enemies":"Writhing Mass","floor":48,"turns":5},{"damage":29,"enemies":"Donu and Deca","floor":50,"turns":9}],"seed_played":"-2328194488582390448","potions_obtained":[{"floor":1.0,"key":"Swift Potion"},{"floor":4.0,"key":"Strength Potion"},{"floor":10,"key":"SkillPotion"},{"floor":11,"key":"LiquidBronze"},{"floor":14,"key":"Weak Potion"},{"floor":16,"key":"Dexterity Potion"}],"is_trial":false,"path_per_floor":["M","?","T","M","?","R","E","M","T","M","M","?","?","M","R","B",null,"M","M","$","M","M","E","M","R","T","R","?","M","E","M","R","B",null,"M","M","$","?","M","E","R","?","T","?","R","E","?","M","R","B",null],"character_chosen":"THE_SILENT","items_purchased":["Blood Vial","Catalyst+1","Apotheosis+1","Happy Flower"],"campfire_rested":2,"item_purchase_floors":[20,20,37,37],"current_hp_per_floor":[70,37,37,37,37,37,37,37,37,37,33,19,19,19,40,31,70,58,58,58,59,58,60,62,62,62,62,69,63,65,67,77,70,77,77,62,62,62,64,63,77,77,77,74,77,71,71,67,77,48],"gold":490,"neow_bonus":"THREE_ENEMY_KILL","is_prod":false,"is_daily":false,"chose_seed":false,"campfire_upgraded":6,"win_rate":0,"timestamp":1551957570,"path_taken":["M","?","?","M","?","R","E","M","T","?","M","?","?","M","R","BOSS","M","M","$","M","M","E","M","R","T","R","?","M","E","M","R","BOSS","M","M","$","?","M","E","R","?","T","?","R","E","?","M","R","BOSS"],"build_version":"2019-01-23","purchased_purges":1,"victory":true,"max_hp_per_floor":[70,70,70,70,70,70,70,70,70,70,70,70,70,70,70,70,70,70,70,70,70,70,70,70,70,70,70,77,77,77,77,77,77,77,77,77,77,77,77,77,77,77,77,77,77,77,77,77,77,77],"card_choices":[{"not_picked":["Distraction","Poisoned Stab"],"picked":"Catalyst","floor":1.0},{"not_picked":["Distraction+1","Calculated Gamble+1"],"picked":"Blade Dance+1","floor":4.0},{"not_picked":["Quick Slash","Flying Knee"],"picked":"PiercingWail+1","floor":7},{"not_picked":["Blur+1","Well Laid Plans"],"picked":"Noxious Fumes","floor":8},{"not_picked":["Heel Hook","Deflect+1"],"picked":"Infinite Blades","floor":10},{"not_picked":["Choke","Underhanded Strike"],"picked":"Backflip+1","floor":11},{"not_picked":["Quick Slash","Masterful Stab"],"picked":"Deadly Poison+1","floor":14},{"not_picked":["Venomology+1","Glass Knife"],"picked":"Malaise+1","floor":16},{"not_picked":["Setup+1","Dagger Spray"],"picked":"Footwork+1","floor":18},{"not_picked":["Outmaneuver+1","Deflect+1"],"picked":"Deadly Poison+1","floor":19},{"not_picked":["Noxious Fumes","Deflect+1"],"picked":"PiercingWail+1","floor":21},{"not_picked":["Outmaneuver+1","Expertise+1","Quick Slash"],"picked":"SKIP","floor":22},{"not_picked":["Acrobatics+1","Deadly Poison+1"],"picked":"Crippling Poison+1","floor":23},{"not_picked":["Dash+1","Bane","Poisoned Stab"],"picked":"SKIP","floor":24},{"not_picked":["Venomology+1","Prepared+1","Quick Slash"],"picked":"SKIP","floor":29},{"not_picked":["Dagger Throw","Terror+1","Slice"],"picked":"SKIP","floor":30},{"not_picked":["Quick Slash+1","Dagger Throw","Terror+1"],"picked":"SKIP","floor":31},{"not_picked":["Glass Knife","Envenom"],"picked":"Night Terror+1","floor":33},{"not_picked":["Cloak And Dagger+1","Prepared+1"],"picked":"Catalyst+1","floor":35},{"not_picked":["Choke","Expertise+1","Blade Dance+1"],"picked":"SKIP","floor":36},{"not_picked":["Acrobatics+1","Slice"],"picked":"Noxious Fumes","floor":39},{"not_picked":["Bane+1","Bouncing Flask+1","Heel Hook+1"],"picked":"SKIP","floor":40},{"not_picked":["Forethought+1","Magnetism"],"picked":"Dramatic Entrance","floor":42},{"not_picked":["Accuracy","Outmaneuver+1"],"picked":"Crippling Poison+1","floor":44},{"not_picked":["Deflect+1","Choke+1","Dash+1"],"picked":"SKIP","floor":46},{"not_picked":["Underhanded Strike+1","Dodge and Roll+1"],"picked":"Footwork","floor":48}],"player_experience":916579,"relics_obtained":[{"floor":3.0,"key":"Anchor"},{"floor":7,"key":"PreservedInsect"},{"floor":9,"key":"Bag of Marbles"},{"floor":23,"key":"Dream Catcher"},{"floor":26,"key":"Lantern"},{"floor":30,"key":"Oddly Smooth Stone"},{"floor":40,"key":"Ninja Scroll"},{"floor":43,"key":"Omamori"},{"floor":44,"key":"Old Coin"},{"floor":46,"key":"Juzu Bracelet"}],"event_choices":[{"damage_healed":0.0,"max_hp_gain":0.0,"max_hp_loss":0.0,"gold_gain":0.0,"event_name":"Scrap Ooze","player_choice":"Success","floor":2.0,"gold_loss":0.0,"damage_taken":33.0,"relics_obtained":["Toxic Egg 2"]},{"damage_healed":0.0,"max_hp_gain":0.0,"max_hp_loss":0.0,"gold_gain":0.0,"event_name":"WeMeetAgain","player_choice":"Gave Potion","floor":5.0,"gold_loss":0.0,"damage_taken":0.0,"relics_obtained":["Ornamental Fan"]},{"damage_healed":0,"gold_gain":0,"player_choice":"Entered Light","damage_taken":14,"max_hp_gain":0,"max_hp_loss":0,"event_name":"Shining Light","floor":12,"gold_loss":0,"cards_upgraded":["Survivor","Infinite Blades"]},{"damage_healed":0,"gold_gain":0,"player_choice":"Left Gold","damage_taken":0,"max_hp_gain":0,"max_hp_loss":0,"event_name":"World of Goop","floor":13,"gold_loss":41},{"damage_healed":0,"gold_gain":0,"player_choice":"Opened","damage_taken":0,"relics_obtained":["Strawberry"],"max_hp_gain":0,"max_hp_loss":0,"event_name":"The Mausoleum","floor":28,"gold_loss":0},{"cards_removed":["Strike_G"],"damage_healed":0,"gold_gain":0,"player_choice":"Removed Attack","damage_taken":0,"max_hp_gain":0,"max_hp_loss":0,"event_name":"Falling","floor":38,"gold_loss":0},{"damage_healed":0,"gold_gain":0,"player_choice":"Memory 1","damage_taken":0,"max_hp_gain":0,"max_hp_loss":0,"event_name":"SensoryStone","floor":42,"gold_loss":0},{"damage_healed":0,"gold_gain":0,"player_choice":"Fight","damage_taken":0,"max_hp_gain":0,"max_hp_loss":0,"event_name":"Mysterious Sphere","floor":44,"gold_loss":0},{"damage_healed":0,"gold_gain":0,"player_choice":"Upgraded","damage_taken":0,"max_hp_gain":0,"max_hp_loss":0,"event_name":"Upgrade Shrine","floor":47,"gold_loss":0,"cards_upgraded":["Defend_G"]}],"is_beta":false,"boss_relics":[{"not_picked":["Empty Cage","Ring of the Serpent"],"picked":"Sozu"},{"not_picked":["Calling Bell","White Beast Statue"],"picked":"Eternal Feather"}],"items_purged_floors":[20],"is_endless":false,"potions_floor_spawned":[1,4,10,11,14,16,21,23,24,29,31,36,40,44],"ascension_level":0}