{"gold_per_floor":[15,35,35,35,48,48,104,104,104,104,83,115,115,133,133,235,235,251,251,251,264,264],"floor_reached":22,"playtime":1818,"items_purged":[],"score":192,"play_id":"b28c7071-4fb4-4cb4-8372-71e313b2413e","local_time":"20190105230451","is_ascension_mode":false,"campfire_choices":[{"data":"BasicCrystalCard","floor":6,"key":"SMITH"},{"data":"Hologram","floor":8,"key":"SMITH"},{"data":"Zap","floor":10,"key":"SMITH"},{"floor":15,"key":"REST"}],"neow_cost":"NO_GOLD","seed_source_timestamp":22614643960662,"circlet_count":0,"master_deck":["Strike_B","Defend_B","Defend_B","Defend_B","Zap+1","Dualcast","Thunder Strike","BasicCrystalCard+1","Auto Shields","Hologram+1","Electrodynamics","Echo Form","AbeCurse","Loop+1","Crystallizer","Turbo","Hologram"],"relics":["Cracked Core","Matryoshka","Tiny Chest","Anchor","Unceasing Top","BranchBurnRelic","Abe\u0027s Treasure"],"potions_floor_usage":[16,21],"damage_taken":[{"damage":0,"enemies":"2 Louse","floor":1,"turns":2},{"damage":0,"enemies":"Small Slimes","floor":2,"turns":2},{"damage":0,"enemies":"Jaw Worm","floor":5,"turns":3},{"damage":20,"enemies":"Lagavulin","floor":7,"turns":5},{"damage":18,"enemies":"Gremlin Nob","floor":12,"turns":5},{"damage":0,"enemies":"2 Fungi Beasts","floor":14,"turns":3},{"damage":7,"enemies":"Fading Forest","floor":16,"turns":11},{"damage":19,"enemies":"2 Thieves","floor":18,"turns":4},{"damage":2,"enemies":"Chosen","floor":21,"turns":4}],"seed_played":"-6299351799920110201","potions_obtained":[{"floor":2,"key":"SteroidPotion"},{"floor":12,"key":"Strength Potion"},{"floor":16,"key":"Toxic Potion"}],"is_trial":false,"path_per_floor":["M","M","?","?","M","R","E","R","T","R","?","E","?","M","R","B",null,"M","?","?","M","$"],"character_chosen":"DEFECT","items_purchased":[],"campfire_rested":1,"item_purchase_floors":[],"current_hp_per_floor":[75,75,68,65,65,65,45,45,45,45,45,27,27,27,49,75,75,56,56,42,40,40],"gold":264,"neow_bonus":"THREE_RARE_CARDS","is_prod":false,"is_daily":false,"chose_seed":false,"campfire_upgraded":3,"win_rate":0,"timestamp":1546736691,"path_taken":["M","M","?","?","?","R","E","R","T","R","?","E","?","M","R","BOSS","M","?","?","M","$"],"build_version":"2019-01-03v4","purchased_purges":0,"victory":false,"max_hp_per_floor":[75,75,75,75,75,75,75,75,75,75,75,75,75,75,75,75,75,75,75,80,80,80],"card_choices":[{"not_picked":["Seek","Meteor Strike"],"picked":"Thunder Strike","floor":0},{"not_picked":["Conserve Battery","Rebound"],"picked":"BasicCrystalCard","floor":1},{"not_picked":["Blizzard","Turbo"],"picked":"Auto Shields","floor":2},{"not_picked":["Recycle","Stack","Capacitor"],"picked":"SKIP","floor":5},{"not_picked":["Recycle","Stack","Capacitor"],"picked":"SKIP","floor":5},{"not_picked":["BasicCrystalCard","ReplaySolidLightProjector"],"picked":"Hologram","floor":7},{"not_picked":["Rainbow","Barrage","Streamline"],"picked":"SKIP","floor":12},{"not_picked":["Stack","Cold Snap"],"picked":"Electrodynamics","floor":14},{"not_picked":["All For One","Thunder Strike"],"picked":"Echo Form","floor":16},{"not_picked":["Hello World","Redo"],"picked":"Loop+1","floor":18},{"not_picked":["Fusion+1","Gash+1"],"picked":"Hologram","floor":21}],"player_experience":686047,"relics_obtained":[{"floor":7,"key":"Tiny Chest"},{"floor":9,"key":"Anchor"},{"floor":9,"key":"Unceasing Top"},{"floor":12,"key":"Dead Branch"}],"event_choices":[{"cards_removed":["Defend_B"],"damage_healed":0,"gold_gain":0,"player_choice":"Card Removal","damage_taken":7,"max_hp_gain":0,"max_hp_loss":0,"event_name":"Golden Wing","floor":3,"gold_loss":0},{"damage_healed":0,"gold_gain":0,"player_choice":"Success","damage_taken":3,"relics_obtained":["Matryoshka"],"max_hp_gain":0,"max_hp_loss":0,"event_name":"Scrap Ooze","floor":4,"gold_loss":0},{"damage_healed":0,"gold_gain":0,"player_choice":"Left Gold","damage_taken":0,"max_hp_gain":0,"max_hp_loss":0,"event_name":"World of Goop","floor":11,"gold_loss":21},{"cards_removed":["Strike_B"],"damage_healed":0,"gold_gain":0,"player_choice":"Forget","damage_taken":0,"max_hp_gain":0,"max_hp_loss":0,"event_name":"Living Wall","floor":13,"gold_loss":0},{"damage_healed":0,"gold_gain":0,"cards_transformed":["Strike_B","Strike_B"],"player_choice":"Became Test Subject","damage_taken":0,"max_hp_gain":0,"max_hp_loss":0,"event_name":"Drug Dealer","floor":19,"gold_loss":0,"cards_obtained":["Crystallizer","Turbo"]},{"damage_healed":0,"gold_gain":0,"player_choice":"Shed Blood","damage_taken":19,"max_hp_gain":5,"max_hp_loss":0,"event_name":"Forgotten Altar","floor":20,"gold_loss":0}],"is_beta":false,"boss_relics":[{"not_picked":["Kintsugi","Replay:Drink Me"],"picked":"Abe\u0027s Treasure"}],"items_purged_floors":[],"is_endless":false,"potions_floor_spawned":[2,12,16],"ascension_level":0}