{"gold_per_floor":[116,23,23,36,54,6,36,36,88,104,104,279,279,279],"floor_reached":14,"playtime":716,"items_purged":[],"score":78,"play_id":"3bfda800-db22-45cb-9744-6da47d50adf4","local_time":"20190306122146","is_ascension_mode":false,"campfire_choices":[{"data":"Good Instincts","floor":11,"key":"SMITH"},{"data":"Survivor","floor":13,"key":"SMITH"}],"neow_cost":"NONE","seed_source_timestamp":80808667295145,"circlet_count":0,"master_deck":["Defend_G","Defend_G","Defend_G","Defend_G","Defend_G","Strike_G","Strike_G","Strike_G","Strike_G","Strike_G","Survivor+1","Neutralize","Concentrate","Good Instincts+1","Decay","Blur","Escape Plan","Backflip","Doubt"],"relics":["Ring of the Snake","NeowsBlessing","Odd Mushroom","Centennial Puzzle"],"potions_floor_usage":[14],"damage_taken":[{"damage":0,"enemies":"Small Slimes","floor":1,"turns":1},{"damage":0,"enemies":"Cultist","floor":4,"turns":1},{"damage":0,"enemies":"Jaw Worm","floor":5,"turns":1},{"damage":63,"enemies":"The Mushroom Lair","floor":7,"turns":12},{"damage":5,"enemies":"Lots of Slimes","floor":10,"turns":10},{"damage":7,"enemies":"Gremlin Nob","floor":14,"turns":2}],"seed_played":"5152425954540470825","potions_obtained":[{"floor":1,"key":"Fire Potion"},{"floor":7,"key":"GamblersBrew"},{"floor":10,"key":"PowerPotion"}],"is_trial":false,"path_per_floor":["M","$","?","M","M","$","?","?","T","M","R","?","R","E"],"character_chosen":"THE_SILENT","items_purchased":["Good Instincts","Backflip"],"campfire_rested":0,"item_purchase_floors":[2,6],"current_hp_per_floor":[70,70,70,70,70,70,7,7,7,2,2,2,2,0],"gold":279,"neow_bonus":"THREE_ENEMY_KILL","is_prod":false,"is_daily":false,"chose_seed":false,"campfire_upgraded":2,"win_rate":0.0,"timestamp":1551871306,"path_taken":["M","$","?","M","?","$","?","?","T","?","R","?","R","E"],"build_version":"2019-01-23","purchased_purges":0,"victory":false,"max_hp_per_floor":[70,70,70,70,70,70,70,70,70,70,70,70,70,70],"card_choices":[{"not_picked":["Dagger Spray","Riddle With Holes"],"picked":"Concentrate","floor":1},{"not_picked":["Blade Dance","Catalyst"],"picked":"Blur","floor":4},{"not_picked":["Bane","Outmaneuver"],"picked":"Escape Plan","floor":5},{"not_picked":["Quick Slash","Masterful Stab","Poisoned Stab"],"picked":"SKIP","floor":10}],"player_experience":75017,"relics_obtained":[{"floor":7,"key":"Odd Mushroom"},{"floor":9,"key":"Centennial Puzzle"}],"event_choices":[{"damage_healed":0,"gold_gain":0,"player_choice":"Cursed","damage_taken":0,"max_hp_gain":0,"max_hp_loss":0,"event_name":"Wheel of Change","floor":3,"gold_loss":0,"cards_obtained":["Decay"]},{"damage_healed":0,"gold_gain":0,"player_choice":"Fought Mushrooms","damage_taken":0,"max_hp_gain":0,"max_hp_loss":0,"event_name":"Mushrooms","floor":7,"gold_loss":0},{"damage_healed":0,"gold_gain":0,"player_choice":"Ignored","damage_taken":0,"max_hp_gain":0,"max_hp_loss":0,"event_name":"NoteForYourself","floor":8,"gold_loss":0},{"damage_healed":0,"gold_gain":175,"player_choice":"AGREE","damage_taken":0,"max_hp_gain":0,"max_hp_loss":0,"event_name":"Liars Game","floor":12,"gold_loss":0,"cards_obtained":["Doubt"]}],"is_beta":false,"boss_relics":[],"items_purged_floors":[],"is_endless":false,"potions_floor_spawned":[1,7,10],"killed_by":"Gremlin Nob","ascension_level":0}