{"gold_per_floor":[112,131,131,142,156,184,198,198,198,198,228,228,228,193,193,298,298,298,238,238,238,238,238,238],"floor_reached":24,"playtime":1623,"items_purged":[],"score":228,"play_id":"ec8942f6-9539-467d-8e9d-eb9ae38fff90","local_time":"20180718022719","is_ascension_mode":false,"campfire_choices":[{"floor":8,"key":"REST"},{"data":"Redo","floor":10,"key":"SMITH"},{"floor":15,"key":"REST"}],"neow_cost":"NONE","seed_source_timestamp":7229794407322,"circlet_count":0,"master_deck":["Strike_B","Strike_B","Strike_B","Strike_B","Defend_B","Defend_B","Defend_B","Defend_B","Zap+1","Dualcast","Biased Cognition","Heatsinks","Ball Lightning+1","Go for the Eyes","Ball Lightning","Double Energy+1","Redo+1","Chaos+1","Echo Form","Heatsinks","Go for the Eyes","Genetic Algorithm"],"relics":["Cracked Core","Gambling Chip","Pen Nib","Bag of Marbles","Ectoplasm","Pantograph"],"potions_floor_usage":[6,6,11,16,16,23],"damage_taken":[{"damage":0,"enemies":"Cultist","floor":1,"turns":3},{"damage":14,"enemies":"Small Slimes","floor":2,"turns":4},{"damage":1,"enemies":"Jaw Worm","floor":4,"turns":3},{"damage":4,"enemies":"Blue Slaver","floor":5,"turns":3},{"damage":14,"enemies":"3 Sentries","floor":6,"turns":4},{"damage":6,"enemies":"3 Louse","floor":7,"turns":2},{"damage":21,"enemies":"Lagavulin","floor":11,"turns":4},{"damage":29,"enemies":"Hexaghost","floor":16,"turns":7},{"damage":1,"enemies":"Chosen","floor":18,"turns":2},{"damage":30,"enemies":"2 Thieves","floor":19,"turns":4},{"damage":6,"enemies":"Cultist and Chosen","floor":21,"turns":4},{"damage":0,"enemies":"Snake Plant","floor":22,"turns":2},{"damage":30,"enemies":"Slavers","floor":23,"turns":3},{"damage":22,"enemies":"Snecko","floor":24,"turns":5}],"seed_played":"7851906126622969673","potions_obtained":[{"floor":1,"key":"LiquidBronze"},{"floor":4,"key":"Fire Potion"},{"floor":5,"key":"Swift Potion"},{"floor":7,"key":"AttackPotion"},{"floor":11,"key":"LiquidBronze"},{"floor":19,"key":"AttackPotion"},{"floor":23,"key":"FairyPotion"}],"is_trial":false,"path_per_floor":["M","M","?","M","M","E","M","R","T","R","E","?","?","?","R","B",null,"M","M","?","M","M","E"],"character_chosen":"DEFECT","items_purchased":[],"campfire_rested":2,"item_purchase_floors":[],"current_hp_per_floor":[75,61,61,60,56,42,36,58,58,58,37,22,22,40,62,33,75,74,44,44,38,38,8,0],"gold":238,"neow_bonus":"ONE_RANDOM_RARE_CARD","is_prod":false,"is_daily":false,"chose_seed":false,"campfire_upgraded":1,"win_rate":0.0,"timestamp":1531898839,"path_taken":["M","?","?","M","M","E","M","R","T","R","E","?","?","?","R","BOSS","M","M","?","M","M","E","?"],"build_version":"2018-07-12","purchased_purges":0,"victory":false,"max_hp_per_floor":[75,75,75,75,75,75,75,75,75,75,75,75,75,75,75,75,75,75,75,75,75,75,75,75],"card_choices":[{"not_picked":["Lockon","Auto Shields"],"picked":"Heatsinks","floor":1},{"not_picked":["Reprogram","Sweeping Beam"],"picked":"Ball Lightning","floor":2},{"not_picked":["Undo","Doom and Gloom"],"picked":"Go for the Eyes","floor":4},{"not_picked":["FTL","Consume"],"picked":"Ball Lightning","floor":5},{"not_picked":["Sweeping Beam","Reprogram"],"picked":"Double Energy","floor":6},{"not_picked":["Conserve Battery","Sweeping Beam"],"picked":"Redo","floor":7},{"not_picked":["Rebound","Cold Snap"],"picked":"Chaos","floor":11},{"not_picked":["All For One","Biased Cognition"],"picked":"Echo Form","floor":16},{"not_picked":["Tempest","Beam Cell"],"picked":"Heatsinks","floor":18},{"not_picked":["Undo","Reinforced Body"],"picked":"Go for the Eyes","floor":19},{"not_picked":["Beam Cell","Aggregate","Turbo"],"picked":"SKIP","floor":21},{"not_picked":["Leap+1","Scrape"],"picked":"Genetic Algorithm","floor":22},{"not_picked":["Doom and Gloom","Coolheaded","Beam Cell"],"picked":"SKIP","floor":23}],"player_experience":14149,"relics_obtained":[{"floor":6,"key":"Gambling Chip"},{"floor":9,"key":"Pen Nib"},{"floor":11,"key":"Bag of Marbles"},{"floor":23,"key":"Pantograph"}],"event_choices":[{"event_name":"Upgrade Shrine","player_choice":"Upgraded","floor":3,"damage_taken":0},{"event_name":"Shining Light","player_choice":"Entered Light","floor":12,"damage_taken":0},{"event_name":"Living Wall","player_choice":"Grow","floor":13,"damage_taken":0},{"event_name":"The Cleric","player_choice":"Healed","floor":14,"damage_taken":0},{"event_name":"Drug Dealer","player_choice":"Ignored","floor":20,"damage_taken":0}],"boss_relics":[{"not_picked":["Eternal Feather","Runic Pyramid"],"picked":"Ectoplasm"}],"items_purged_floors":[],"is_endless":false,"potions_floor_spawned":[1,4,5,7,11,19,23],"killed_by":"Snecko","ascension_level":0}