{"gold_per_floor":[110,110,125,144,69,69,169,169,169,185,219,229,229,229,229,229],"floor_reached":16,"playtime":832,"items_purged":["Defend_G"],"score":105,"play_id":"c057b802-af15-4a04-a410-997c3fb99116","local_time":"20190310221818","is_ascension_mode":true,"campfire_choices":[{"data":"Neutralize","floor":6,"key":"SMITH"},{"data":"Deflect","floor":8,"key":"SMITH"},{"data":"Masterful Stab","floor":13,"key":"SMITH"},{"data":"Blur","floor":15,"key":"SMITH"}],"neow_cost":"NONE","seed_source_timestamp":101353330170664,"circlet_count":0,"master_deck":["Defend_G","Defend_G","Defend_G+1","Defend_G+1","Strike_G","Strike_G","Strike_G","Strike_G","Strike_G","Survivor","Neutralize+1","Masterful Stab+1","Backflip","Deflect+1","Blur+1","PiercingWail"],"relics":["Ring of the Snake","Strawberry","Mummified Hand","Gremlin Horn"],"potions_floor_usage":[16],"damage_taken":[{"damage":0,"enemies":"2 Louse","floor":1,"turns":3},{"damage":0,"enemies":"Jaw Worm","floor":3,"turns":3},{"damage":0,"enemies":"Cultist","floor":4,"turns":3},{"damage":0,"enemies":"3 Louse","floor":10,"turns":3},{"damage":4,"enemies":"3 Sentries","floor":11,"turns":12},{"damage":0,"enemies":"Exordium Wildlife","floor":12,"turns":3},{"damage":74,"enemies":"Hexaghost","floor":16,"turns":17}],"seed_played":"-2043052689904949680","potions_obtained":[{"floor":1,"key":"Regen Potion"}],"is_trial":false,"path_per_floor":["M","?","M","M","$","R","?","R","T","M","E","M","R","?","R","B"],"character_chosen":"THE_SILENT","items_purchased":[],"campfire_rested":0,"item_purchase_floors":[],"current_hp_per_floor":[77,62,62,62,62,62,62,62,62,62,58,58,58,58,58,0],"gold":229,"neow_bonus":"RANDOM_COMMON_RELIC","is_prod":false,"is_daily":false,"chose_seed":false,"campfire_upgraded":4,"win_rate":0,"timestamp":1552252698,"path_taken":["M","?","M","M","$","R","?","R","T","M","E","?","R","?","R","BOSS"],"build_version":"2019-01-23","purchased_purges":1,"victory":false,"max_hp_per_floor":[77,77,77,77,77,77,77,77,77,77,77,77,77,77,77,77],"card_choices":[{"not_picked":["Bane","Blade Dance"],"picked":"Masterful Stab","floor":1},{"not_picked":["Outmaneuver","Storm of Steel"],"picked":"Backflip","floor":3},{"not_picked":["Cloak And Dagger","Flying Knee"],"picked":"Deflect","floor":4},{"not_picked":["Prepared","Tactician"],"picked":"Blur","floor":10},{"not_picked":["Outmaneuver","Concentrate","Setup"],"picked":"SKIP","floor":11},{"not_picked":["Skewer","Catalyst"],"picked":"PiercingWail","floor":12}],"player_experience":154001,"relics_obtained":[{"floor":9,"key":"Mummified Hand"},{"floor":11,"key":"Gremlin Horn"}],"event_choices":[{"damage_healed":0,"gold_gain":0,"player_choice":"Entered Light","damage_taken":15,"max_hp_gain":0,"max_hp_loss":0,"event_name":"Shining Light","floor":2,"gold_loss":0,"cards_upgraded":["Defend_G","Defend_G"]},{"damage_healed":0,"gold_gain":100,"player_choice":"Pray","damage_taken":0,"max_hp_gain":0,"max_hp_loss":0,"event_name":"Golden Shrine","floor":7,"gold_loss":0},{"damage_healed":0,"gold_gain":0,"player_choice":"Ignored","damage_taken":0,"max_hp_gain":0,"max_hp_loss":0,"event_name":"Liars Game","floor":14,"gold_loss":0}],"is_beta":false,"boss_relics":[],"items_purged_floors":[5],"is_endless":false,"potions_floor_spawned":[1],"killed_by":"Hexaghost","ascension_level":1}