{"gold_per_floor":[116,116,128,128,74,74,104,104,158,170,182,206,544,556,568,658,670,700,58,58,58,76,76,88,88],"floor_reached":25,"playtime":804,"items_purged":["Regret"],"score":443,"play_id":"7efac9d1-1a60-44d8-ab13-8cca40741ebe","local_time":"20190311010521","is_ascension_mode":true,"campfire_choices":[{"data":"Body Slam","floor":6,"key":"SMITH"},{"data":"Cleave","floor":8,"key":"SMITH"},{"data":"Impervious","floor":11,"key":"SMITH"},{"data":"Anger","floor":15,"key":"SMITH"},{"floor":23,"key":"REST"}],"neow_cost":"NONE","seed_source_timestamp":283822852857400,"circlet_count":0,"master_deck":["AscendersBane","Defend_R","Defend_R","Defend_R","Defend_R","Bash+1","Cleave+1","Sword Boomerang","Body Slam+1","Impervious+1","Anger+1","Barricade","Entrench+1","Panacea","Bite","Bite","Bite","Bite","Bite","Disarm+1","Exhume"],"relics":["Burning Blood","NeowsBlessing","Pantograph","Orichalcum","MawBank","Old Coin","Smiling Mask","Cursed Key","Bird Faced Urn","Bronze Scales"],"potions_floor_usage":[16,16,25],"damage_taken":[{"damage":0,"enemies":"Cultist","floor":1,"turns":1},{"damage":0,"enemies":"Jaw Worm","floor":3,"turns":1},{"damage":0,"enemies":"Gremlin Nob","floor":7,"turns":1},{"damage":3,"enemies":"2 Louse","floor":12,"turns":2},{"damage":25,"enemies":"Lagavulin","floor":13,"turns":6},{"damage":19,"enemies":"Hexaghost","floor":16,"turns":9},{"damage":49,"enemies":"Spheric Guardian","floor":18,"turns":6},{"damage":12,"enemies":"3 Byrds","floor":22,"turns":3},{"damage":52,"enemies":"Sentry and Sphere","floor":24,"turns":8},{"damage":32,"enemies":"3 Cultists","floor":25,"turns":4}],"seed_played":"-1293598739854556766","potions_obtained":[{"floor":1,"key":"Fire Potion"},{"floor":13,"key":"SkillPotion"},{"floor":18,"key":"EssenceOfSteel"}],"is_trial":false,"path_per_floor":["M","?","M","?","$","R","E","R","T","?","R","M","E","?","R","B",null,"M","$","?","?","M","R","M","M"],"character_chosen":"IRONCLAD","items_purchased":["Body Slam","Bird Faced Urn","Bronze Scales","Panacea"],"campfire_rested":1,"item_purchase_floors":[5,19,19,19],"current_hp_per_floor":[74,48,54,54,54,54,60,60,60,60,60,63,44,44,44,56,70,27,27,27,27,29,44,22,0],"gold":88,"neow_bonus":"THREE_ENEMY_KILL","is_prod":false,"is_daily":false,"chose_seed":false,"campfire_upgraded":4,"win_rate":0,"timestamp":1552280721,"path_taken":["M","?","M","?","$","R","E","R","T","?","R","?","E","?","R","BOSS","M","$","?","?","M","R","M","M"],"build_version":"2019-02-06","purchased_purges":1,"victory":false,"max_hp_per_floor":[75,75,75,75,75,75,75,75,75,75,75,75,75,75,75,75,75,75,75,52,52,52,52,52,52],"card_choices":[{"not_picked":["Fire Breathing","Searing Blow"],"picked":"Cleave","floor":1},{"not_picked":["Inflame","Fire Breathing"],"picked":"Sword Boomerang","floor":3},{"not_picked":["Second Wind","Pommel Strike"],"picked":"Impervious","floor":7},{"not_picked":["Heavy Blade","Bloodletting","Rampage"],"picked":"SKIP","floor":12},{"not_picked":["Heavy Blade","Clash"],"picked":"Anger","floor":13},{"not_picked":["Double Tap","Limit Break"],"picked":"Barricade","floor":16},{"not_picked":["Disarm","Warcry+1"],"picked":"Entrench+1","floor":18},{"not_picked":["Heavy Blade","Twin Strike"],"picked":"Disarm+1","floor":22},{"not_picked":["Twin Strike","Pummel"],"picked":"Exhume","floor":24}],"player_experience":633941,"relics_obtained":[{"floor":7,"key":"Orichalcum"},{"floor":9,"key":"MawBank"},{"floor":13,"key":"Old Coin"}],"event_choices":[{"damage_healed":0,"gold_gain":0,"player_choice":"Success","damage_taken":26,"relics_obtained":["Pantograph"],"max_hp_gain":0,"max_hp_loss":0,"event_name":"Scrap Ooze","floor":2,"gold_loss":0},{"damage_healed":0,"gold_gain":0,"player_choice":"Leave","damage_taken":0,"max_hp_gain":0,"max_hp_loss":0,"event_name":"The Cleric","floor":4,"gold_loss":0},{"damage_healed":0,"gold_gain":0,"player_choice":"Grow","damage_taken":0,"max_hp_gain":0,"max_hp_loss":0,"event_name":"Living Wall","floor":10,"gold_loss":0,"cards_upgraded":["Bash"]},{"damage_healed":0,"gold_gain":0,"player_choice":"Box","damage_taken":0,"relics_obtained":["Smiling Mask"],"max_hp_gain":0,"max_hp_loss":0,"event_name":"Big Fish","floor":14,"gold_loss":0,"cards_obtained":["Regret"]},{"damage_healed":0,"gold_gain":0,"player_choice":"Became a vampire","damage_taken":0,"max_hp_gain":0,"max_hp_loss":23,"event_name":"Vampires","floor":20,"gold_loss":0,"cards_obtained":["Bite","Bite","Bite","Bite","Bite"]},{"damage_healed":0,"gold_gain":0,"player_choice":"Ignored","damage_taken":0,"max_hp_gain":0,"max_hp_loss":0,"event_name":"Cursed Tome","floor":21,"gold_loss":0}],"is_beta":true,"boss_relics":[{"not_picked":["Coffee Dripper","Runic Cube"],"picked":"Cursed Key"}],"items_purged_floors":[19],"is_endless":false,"potions_floor_spawned":[1,13,18],"killed_by":"3 Cultists","ascension_level":16}