{"gold_per_floor":[109,123,139,14,130,130,130],"floor_reached":7,"playtime":555,"items_purged":["elementalist:Defend_Elemblue"],"score":43,"play_id":"9027f033-ee03-4f57-87b6-57e4fe9a12ea","local_time":"20190221011300","is_ascension_mode":false,"campfire_choices":[{"data":"elementalist:Low_Tides","floor":6,"key":"SMITH"}],"neow_cost":"PERCENT_DAMAGE","seed_source_timestamp":21773207333451,"circlet_count":0,"master_deck":["elementalist:Air_Emblem","elementalist:Strike+Elemblue","elementalist:Defend_Elemblue","elementalist:Defend_Elemblue","elementalist:Defend_Elemblue","elementalist:Defend_Elemblue","elementalist:Firestrike","elementalist:Earthstrike","elementalist:Waterstrike","elementalist:Airstrike","elementalist:Crystal_Chalk","elementalist:Reckless_Dance","elementalist:Caution","elementalist:Geomancy","elementalist:Low_Tides+1","elementalist:Spark","elementalist:Cyclone"],"relics":["elementalistmod:MagusStaff","elementalistmod:GreenCirclet"],"potions_floor_usage":[7],"damage_taken":[{"damage":0,"enemies":"Small Slimes","floor":1,"turns":4},{"damage":0,"enemies":"Jaw Worm","floor":2,"turns":8},{"damage":6,"enemies":"Cultist","floor":3,"turns":7},{"damage":3,"enemies":"Looter","floor":5,"turns":5},{"damage":17,"enemies":"Gremlin Nob","floor":7,"turns":6}],"seed_played":"1024042681250414108","potions_obtained":[{"floor":2,"key":"LifebloodPotion"},{"floor":3,"key":"FearPotion"}],"is_trial":false,"path_per_floor":["M","M","M","$","M","R","E"],"character_chosen":"THE_ELEMENTALIST","items_purchased":["elementalist:Spark"],"campfire_rested":0,"item_purchase_floors":[4],"current_hp_per_floor":[49,49,43,43,40,40,23],"gold":130,"neow_bonus":"THREE_RARE_CARDS","is_prod":false,"is_daily":false,"chose_seed":false,"campfire_upgraded":1,"win_rate":0.0,"timestamp":1550722380,"path_taken":["M","M","M","$","M","R","E"],"build_version":"2019-01-23","purchased_purges":1,"victory":false,"max_hp_per_floor":[70,70,70,70,70,70,70],"card_choices":[{"not_picked":["elementalist:Mirror_Circlet","elementalist:Impact"],"picked":"elementalist:Reckless_Dance","floor":0},{"not_picked":["elementalist:Breeze","elementalist:Momentum"],"picked":"elementalist:Caution","floor":1},{"not_picked":["elementalist:Mist","elementalist:Breeze"],"picked":"elementalist:Geomancy","floor":2},{"not_picked":["elementalist:Geomancy","elementalist:Etherstrike"],"picked":"elementalist:Low_Tides","floor":3},{"not_picked":["elementalist:Etherstrike","elementalist:Breeze"],"picked":"elementalist:Cyclone","floor":5}],"player_experience":781777,"relics_obtained":[],"event_choices":[],"is_beta":false,"boss_relics":[],"items_purged_floors":[4],"is_endless":false,"potions_floor_spawned":[2,3],"killed_by":"Gremlin Nob","ascension_level":0}