{"gold_per_floor":[116,90,103,27,39,39,72,72,72,104,104,116,116,135,135,233,233,246,258,8,8],"floor_reached":21,"playtime":1253,"items_purged":[],"score":302,"play_id":"cbb041b8-5afa-4381-8aa2-83d274d82524","local_time":"20190726125839","is_ascension_mode":true,"campfire_choices":[{"data":"Outmaneuver","floor":6.0,"key":"SMITH"},{"data":"Footwork","floor":8.0,"key":"SMITH"},{"floor":11.0,"key":"REST"},{"floor":13.0,"key":"REST"},{"data":"Tools of the Trade","floor":15.0,"key":"SMITH"}],"neow_cost":"NONE","seed_source_timestamp":188581562740803,"circlet_count":0,"master_deck":["AscendersBane","Strike_G","Strike_G","Strike_G","Strike_G","Strike_G","Defend_G","Defend_G","Defend_G","Defend_G","Defend_G","Survivor","Neutralize","Outmaneuver+1","Sucker Punch","Underhanded Strike","Footwork+1","Acrobatics","All Out Attack","Caltrops","Tools of the Trade+1","Phantasmal Killer","Terror","Backflip"],"special_seed":0,"relics":["Ring of the Serpent","NeowsBlessing","Gremlin Horn","Mummified Hand","Potion Belt","Shuriken"],"potions_floor_usage":[],"damage_taken":[{"damage":0.0,"enemies":"Cultist","floor":1.0,"turns":1.0},{"damage":0.0,"enemies":"Small Slimes","floor":3.0,"turns":1.0},{"damage":0.0,"enemies":"Jaw Worm","floor":5.0,"turns":1.0},{"damage":9.0,"enemies":"Lagavulin","floor":7.0,"turns":11.0},{"damage":36.0,"enemies":"Gremlin Nob","floor":10.0,"turns":6.0},{"damage":25.0,"enemies":"Large Slime","floor":12.0,"turns":7.0},{"damage":0.0,"enemies":"Gremlin Gang","floor":14.0,"turns":4.0},{"damage":17.0,"enemies":"Hexaghost","floor":16.0,"turns":13.0},{"damage":12.0,"enemies":"Shell Parasite","floor":18.0,"turns":8.0},{"damage":40.0,"enemies":"2 Thieves","floor":19.0,"turns":5.0},{"damage":8,"enemies":"Snake Plant","floor":21,"turns":1}],"seed_played":"-7162791941004941033","potions_obtained":[{"floor":5.0,"key":"Fire Potion"},{"floor":16.0,"key":"LiquidBronze"}],"is_trial":false,"path_per_floor":["M","$","M","$","M","R","E","R","T","E","R","M","R","M","R","B",null,"M","M","$","M"],"character_chosen":"THE_SILENT","items_purchased":["Sucker Punch","Footwork","Shuriken"],"campfire_rested":2,"item_purchase_floors":[2,4,20],"current_hp_per_floor":[63,63,63,63,63,63,54,54,54,18,39,14,35,35,35,18,57,45,5,5,0],"gold":8,"neow_bonus":"THREE_ENEMY_KILL","is_prod":false,"is_daily":false,"chose_seed":false,"campfire_upgraded":3,"win_rate":0,"timestamp":1564171119,"path_taken":["M","$","M","$","?","R","E","R","T","E","R","M","R","M","R","BOSS","M","M","$","M"],"build_version":"2019-07-17","purchased_purges":0,"victory":false,"max_hp_per_floor":[70,70,70,70,70,70,70,70,70,70,70,70,70,70,70,70,70,70,70,70,70],"card_choices":[{"not_picked":["Underhanded Strike","Riddle With Holes"],"picked":"Outmaneuver","floor":1.0},{"not_picked":["Cloak And Dagger","Poisoned Stab"],"picked":"Underhanded Strike","floor":3.0},{"not_picked":["Outmaneuver","Slice"],"picked":"Acrobatics","floor":5.0},{"not_picked":["Dodge and Roll","Outmaneuver"],"picked":"All Out Attack","floor":7.0},{"not_picked":["Deflect","Unload"],"picked":"Caltrops","floor":10.0},{"not_picked":["Cloak And Dagger","Slice","Sucker Punch"],"picked":"SKIP","floor":12.0},{"not_picked":["Acrobatics","Predator"],"picked":"Tools of the Trade","floor":14.0},{"not_picked":["Storm of Steel","Night Terror"],"picked":"Phantasmal Killer","floor":16.0},{"not_picked":["Escape Plan","Outmaneuver"],"picked":"Terror","floor":18.0},{"not_picked":["Bane","Escape Plan"],"picked":"Backflip","floor":19.0}],"player_experience":507890,"relics_obtained":[{"floor":7.0,"key":"Gremlin Horn"},{"floor":9.0,"key":"Mummified Hand"},{"floor":10.0,"key":"Potion Belt"}],"event_choices":[],"is_beta":false,"boss_relics":[{"not_picked":["HoveringKite","Velvet Choker"],"picked":"Ring of the Serpent"}],"items_purged_floors":[],"is_endless":false,"potions_floor_spawned":[5,16],"killed_by":"Snake Plant","ascension_level":12}