{"gold_per_floor":[110,43,43,43,60,60,73,103,103,136,136,136,186,200,200,277,277,288,305,57,75,92,125,125,137,162,162,51,51,51,77,77,156,156,167,177,48,58,103,129,229,61,61,75,110,110,110,130,130,130],"floor_reached":51,"playtime":5979,"items_purged":["Strike_G","Strike_G"],"score":1290,"play_id":"0b37f306-9c44-4d3f-98c0-1c54ea100430","local_time":"20190730103039","is_ascension_mode":true,"campfire_choices":[{"data":"Terror","floor":6.0,"key":"SMITH"},{"floor":11.0,"key":"REST"},{"data":"Caltrops","floor":15.0,"key":"SMITH"},{"data":"Well Laid Plans","floor":24.0,"key":"SMITH"},{"data":"Noxious Fumes","floor":27.0,"key":"SMITH"},{"floor":32.0,"key":"REST"},{"data":"Wraith Form v2","floor":47.0,"key":"SMITH"},{"data":"A Thousand Cuts","floor":49.0,"key":"SMITH"}],"neow_cost":"NONE","seed_source_timestamp":518266945095210,"circlet_count":0,"master_deck":["AscendersBane","Strike_G","Strike_G","Defend_G","Defend_G","Defend_G","Defend_G","Defend_G","Survivor","Neutralize","Terror+1","Caltrops+1","Dagger Spray","Well Laid Plans+1","Leg Sweep+1","Heel Hook","PiercingWail","After Image","PiercingWail","PiercingWail","The Bomb","A Thousand Cuts+1","Outmaneuver+1","Noxious Fumes+1","Quick Slash","Bouncing Flask","Bandage Up","Backflip","Blur","Wraith Form v2+1","Leg Sweep","Predator+1","Deflect","Blur","Dodge and Roll","Outmaneuver+1","Footwork","Quick Slash","Flash of Steel"],"special_seed":0,"relics":["Ring of the Serpent","NeowsBlessing","Mummified Hand","Pen Nib","Centennial Puzzle","Potion Belt","Bird Faced Urn","War Paint","Mercury Hourglass","Bottled Flame","Sozu","Tough Bandages","Ginger","FossilizedHelix","The Specimen","Unceasing Top"],"potions_floor_usage":[],"damage_taken":[{"damage":0.0,"enemies":"Jaw Worm","floor":1.0,"turns":1.0},{"damage":0.0,"enemies":"2 Louse","floor":5.0,"turns":1.0},{"damage":0.0,"enemies":"Cultist","floor":7.0,"turns":1.0},{"damage":25.0,"enemies":"Gremlin Nob","floor":8.0,"turns":4.0},{"damage":3.0,"enemies":"Lagavulin","floor":10.0,"turns":8.0},{"damage":0.0,"enemies":"Red Slaver","floor":14.0,"turns":4.0},{"damage":21.0,"enemies":"Hexaghost","floor":16.0,"turns":10.0},{"damage":0.0,"enemies":"3 Byrds","floor":18.0,"turns":5.0},{"damage":1.0,"enemies":"Shell Parasite","floor":19.0,"turns":6.0},{"damage":0.0,"enemies":"Snake Plant","floor":21.0,"turns":5.0},{"damage":3.0,"enemies":"Snecko","floor":22.0,"turns":6.0},{"damage":3.0,"enemies":"Slavers","floor":23.0,"turns":6.0},{"damage":3.0,"enemies":"Shelled Parasite and Fungi","floor":25.0,"turns":7.0},{"damage":7.0,"enemies":"Gremlin Leader","floor":29.0,"turns":4.0},{"damage":34.0,"enemies":"Slavers","floor":31.0,"turns":5.0},{"damage":16.0,"enemies":"Automaton","floor":33.0,"turns":11.0},{"damage":5.0,"enemies":"3 Darklings","floor":35.0,"turns":3.0},{"damage":0.0,"enemies":"3 Shapes","floor":36.0,"turns":4.0},{"damage":27.0,"enemies":"Jaw Worm Horde","floor":38.0,"turns":5.0},{"damage":11.0,"enemies":"2 Orb Walkers","floor":39.0,"turns":6.0},{"damage":12.0,"enemies":"Giant Head","floor":40.0,"turns":12.0},{"damage":18.0,"enemies":"Mind Bloom Boss Battle","floor":41.0,"turns":9.0},{"damage":14.0,"enemies":"Transient","floor":44.0,"turns":5.0},{"damage":5.0,"enemies":"Reptomancer","floor":45.0,"turns":7.0},{"damage":0.0,"enemies":"Maw","floor":48.0,"turns":8.0},{"damage":22,"enemies":"Awakened One","floor":50,"turns":19}],"seed_played":"8578472905638089552","potions_obtained":[{"floor":1.0,"key":"Poison Potion"},{"floor":7.0,"key":"SmokeBomb"},{"floor":8.0,"key":"LiquidBronze"},{"floor":16.0,"key":"SkillPotion"},{"floor":21.0,"key":"PowerPotion"},{"floor":23.0,"key":"EssenceOfSteel"},{"floor":31.0,"key":"Dexterity Potion"}],"is_trial":false,"path_per_floor":["M","$","?","?","M","R","M","E","T","E","R","?","?","M","R","B",null,"M","M","$","M","M","E","R","M","T","R","$","E","T","E","R","B",null,"M","M","$","M","?","E","?","$","T","M","E","?","R","M","R","B",null],"character_chosen":"THE_SILENT","items_purchased":["Caltrops","The Bomb","A Thousand Cuts","Bandage Up","Backflip","Deflect","Footwork"],"campfire_rested":2,"item_purchase_floors":[2,20,20,28,28,37,42],"current_hp_per_floor":[59,59,41,34,34,34,34,9,9,6,25,25,25,25,25,4,51,51,50,50,50,47,44,44,49,49,49,49,50,50,30,49,47,61,66,66,66,41,46,50,44,44,44,46,59,59,59,66,66,50],"gold":130,"neow_bonus":"THREE_ENEMY_KILL","is_prod":false,"is_daily":false,"chose_seed":false,"campfire_upgraded":6,"win_rate":0,"timestamp":1564507839,"path_taken":["M","$","?","?","M","R","M","E","T","E","R","?","?","M","R","BOSS","M","?","$","M","M","E","R","M","T","R","$","E","?","E","R","BOSS","M","M","$","M","?","E","?","$","T","M","E","?","R","M","R","BOSS"],"build_version":"2019-07-17","purchased_purges":2,"victory":true,"max_hp_per_floor":[66,66,66,66,66,66,66,66,66,66,66,66,66,66,66,66,66,66,66,66,66,66,66,66,66,66,66,66,66,66,66,66,66,66,66,66,66,66,66,66,66,66,66,66,66,66,66,66,66,66],"card_choices":[{"not_picked":["Blur","Choke"],"picked":"Terror","floor":1.0},{"not_picked":["Acrobatics","Underhanded Strike"],"picked":"Dagger Spray","floor":5.0},{"not_picked":["Endless Agony","Dodge and Roll"],"picked":"Well Laid Plans","floor":7.0},{"not_picked":["Terror","Deflect"],"picked":"Leg Sweep","floor":8.0},{"not_picked":["Bane","Flechettes"],"picked":"Heel Hook","floor":10.0},{"not_picked":["Poisoned Stab","Riddle With Holes"],"picked":"PiercingWail","floor":14.0},{"not_picked":["Glass Knife","Night Terror"],"picked":"After Image","floor":16.0},{"not_picked":["Deadly Poison","Backflip"],"picked":"PiercingWail","floor":18.0},{"not_picked":["Sucker Punch","Prepared"],"picked":"PiercingWail","floor":19.0},{"not_picked":["Dagger Throw","Phantasmal Killer"],"picked":"Outmaneuver","floor":21.0},{"not_picked":["Dagger Throw","Bouncing Flask"],"picked":"Noxious Fumes","floor":22.0},{"not_picked":["Deadly Poison","Acrobatics"],"picked":"Quick Slash","floor":23.0},{"not_picked":["Bane","Underhanded Strike"],"picked":"Bouncing Flask","floor":25.0},{"not_picked":["Venomology","Flying Knee"],"picked":"Blur","floor":31.0},{"not_picked":["Adrenaline","Glass Knife"],"picked":"Wraith Form v2","floor":33.0},{"not_picked":["Prepared","Acrobatics"],"picked":"Leg Sweep","floor":35.0},{"not_picked":["Infinite Blades","Endless Agony"],"picked":"Predator+1","floor":36.0},{"not_picked":["Acrobatics","Deadly Poison","Bouncing Flask"],"picked":"SKIP","floor":38.0},{"not_picked":["Escape Plan","PiercingWail+1"],"picked":"Blur","floor":39.0},{"not_picked":["Expertise+1","Blade Dance"],"picked":"Dodge and Roll","floor":40.0},{"not_picked":["Concentrate","Predator"],"picked":"Outmaneuver+1","floor":41.0},{"not_picked":["Well Laid Plans+1","Dash"],"picked":"Quick Slash","floor":44.0},{"not_picked":["Catalyst","Dodge and Roll","Poisoned Stab"],"picked":"SKIP","floor":45.0},{"not_picked":["Madness","Chrysalis"],"picked":"Flash of Steel","floor":46.0},{"not_picked":["Slice","Poisoned Stab","Cloak And Dagger"],"picked":"SKIP","floor":48.0}],"player_experience":545202,"relics_obtained":[{"floor":8.0,"key":"Pen Nib"},{"floor":9.0,"key":"Centennial Puzzle"},{"floor":10.0,"key":"Potion Belt"},{"floor":23.0,"key":"Bird Faced Urn"},{"floor":26.0,"key":"War Paint"},{"floor":30.0,"key":"Mercury Hourglass"},{"floor":31.0,"key":"Bottled Flame"},{"floor":39.0,"key":"Tough Bandages"},{"floor":40.0,"key":"Ginger"},{"floor":41.0,"key":"FossilizedHelix"},{"floor":43.0,"key":"The Specimen"},{"floor":45.0,"key":"Unceasing Top"}],"event_choices":[{"damage_healed":0.0,"max_hp_gain":0.0,"max_hp_loss":0.0,"gold_gain":0.0,"event_name":"Scrap Ooze","player_choice":"Success","floor":3.0,"gold_loss":0.0,"damage_taken":18.0,"relics_obtained":["Mummified Hand"]},{"cards_removed":["Strike_G"],"damage_healed":0.0,"max_hp_gain":0.0,"max_hp_loss":0.0,"gold_gain":0.0,"event_name":"Golden Wing","player_choice":"Card Removal","floor":4.0,"gold_loss":0.0,"damage_taken":7.0},{"damage_healed":0.0,"max_hp_gain":0.0,"max_hp_loss":0.0,"gold_gain":0.0,"event_name":"Liars Game","player_choice":"Ignored","floor":12.0,"gold_loss":0.0,"damage_taken":0.0},{"damage_healed":0.0,"max_hp_gain":0.0,"max_hp_loss":0.0,"gold_gain":50.0,"event_name":"Golden Shrine","player_choice":"Pray","floor":13.0,"gold_loss":0.0,"damage_taken":0.0},{"damage_healed":0.0,"max_hp_gain":0.0,"max_hp_loss":0.0,"gold_gain":0.0,"event_name":"Mysterious Sphere","player_choice":"Fight","floor":39.0,"gold_loss":0.0,"damage_taken":0.0},{"damage_healed":0.0,"max_hp_gain":0.0,"max_hp_loss":0.0,"gold_gain":0.0,"event_name":"MindBloom","player_choice":"Fight","floor":41.0,"gold_loss":0.0,"damage_taken":0.0},{"damage_healed":0.0,"max_hp_gain":0.0,"max_hp_loss":0.0,"gold_gain":0.0,"event_name":"SensoryStone","player_choice":"Memory 1","floor":46.0,"gold_loss":0.0,"damage_taken":0.0}],"is_beta":false,"boss_relics":[{"not_picked":["Orrery","White Beast Statue"],"picked":"Ring of the Serpent"},{"not_picked":["Empty Cage","HoveringKite"],"picked":"Sozu"}],"items_purged_floors":[37,42],"is_endless":false,"potions_floor_spawned":[1,7,8,16,21,23,29,31,39,40,44,48],"ascension_level":15}