{"gold_per_floor":[118,118,138,29,40,65,65,65,135,135,135,166,193,230,242,350,362,390,402,394,430,466,478,490],"floor_reached":24,"playtime":1277,"items_purged":[],"score":412,"play_id":"314a465d-e9d8-4af3-a9ea-9bfbc97ee8f7","local_time":"20190817012220","is_ascension_mode":true,"campfire_choices":[{"floor":10,"key":"REST"},{"floor":15,"key":"REST"},{"data":"Defragment","floor":23,"key":"SMITH"}],"neow_cost":"NONE","seed_source_timestamp":177802698950200,"circlet_count":0,"master_deck":["AscendersBane","Strike_B","Defend_B","Defend_B","Defend_B","Defend_B","Zap","Dualcast","Undo","Genetic Algorithm","Go for the Eyes","Tempest","Cold Snap","Steam","Ball Lightning","Creative AI","Reprogram+1","Conserve Battery+1","Doom and Gloom+1","Glacier+1","Defragment+1"],"relics":["Cracked Core","NeowsBlessing","FossilizedHelix","Ice Cream","Golden Idol","Turnip","Singing Bowl","Sundial","MawBank","Astrolabe"],"potions_floor_usage":[12,16,18,22],"damage_taken":[{"damage":0,"enemies":"Small Slimes","floor":1,"turns":1},{"damage":0,"enemies":"Cultist","floor":3,"turns":1},{"damage":0,"enemies":"Jaw Worm","floor":5,"turns":1},{"damage":42,"enemies":"Gremlin Nob","floor":6,"turns":6},{"damage":29,"enemies":"3 Sentries","floor":12,"turns":9},{"damage":0,"enemies":"Exordium Wildlife","floor":13,"turns":3},{"damage":0,"enemies":"Blue Slaver","floor":14,"turns":4},{"damage":13,"enemies":"Slime Boss","floor":16,"turns":10},{"damage":0,"enemies":"3 Byrds","floor":18,"turns":3},{"damage":0,"enemies":"Spheric Guardian","floor":21,"turns":5},{"damage":11,"enemies":"Centurion and Healer","floor":22,"turns":8},{"damage":48,"enemies":"Book of Stabbing","floor":24,"turns":7}],"seed_played":"-1306613127187312281","potions_obtained":[{"floor":1,"key":"SpeedPotion"},{"floor":6,"key":"GamblersBrew"},{"floor":12,"key":"LiquidBronze"},{"floor":18,"key":"Block Potion"},{"floor":20,"key":"SteroidPotion"}],"is_trial":false,"path_per_floor":["M","?","M","?","M","E","?","T","T","R","T","E","M","M","R","B",null,"M","?","?","M","M","R","E"],"character_chosen":"DEFECT","items_purchased":[],"campfire_rested":2,"item_purchase_floors":[],"current_hp_per_floor":[64,64,64,64,64,22,22,22,22,41,41,12,12,12,31,18,53,53,53,53,55,44,44,0],"gold":490,"neow_bonus":"THREE_ENEMY_KILL","is_prod":false,"is_daily":false,"chose_seed":false,"campfire_upgraded":1,"win_rate":0,"timestamp":1565997740,"path_taken":["M","?","M","?","?","E","?","?","T","R","?","E","M","M","R","BOSS","M","?","?","?","M","R","E"],"build_version":"2019-07-17","purchased_purges":0,"victory":false,"max_hp_per_floor":[71,71,71,71,71,71,64,64,64,64,64,64,64,64,64,64,64,64,64,64,66,66,66,66],"card_choices":[{"not_picked":["Turbo","Leap"],"picked":"Undo","floor":1},{"not_picked":["Steam","Compile Driver"],"picked":"Genetic Algorithm","floor":3},{"not_picked":["Conserve Battery","Scrape"],"picked":"Go for the Eyes","floor":5},{"not_picked":["Undo","Turbo"],"picked":"Tempest","floor":6},{"not_picked":["Ball Lightning","Hologram"],"picked":"Cold Snap","floor":12},{"not_picked":["Double Energy","Recycle"],"picked":"Steam","floor":13},{"not_picked":["Double Energy","White Noise"],"picked":"Ball Lightning","floor":14},{"not_picked":["Core Surge","Reboot"],"picked":"Creative AI","floor":16},{"not_picked":["Conserve Battery+1","Rebound"],"picked":"Glacier+1","floor":18},{"not_picked":["FTL","Cold Snap","Creative AI"],"picked":"Singing Bowl","floor":21},{"not_picked":["Hello World+1","Force Field"],"picked":"Defragment","floor":22}],"player_experience":1506408,"relics_obtained":[{"floor":6,"key":"Ice Cream"},{"floor":8,"key":"Turnip"},{"floor":9,"key":"Singing Bowl"},{"floor":11,"key":"Sundial"},{"floor":12,"key":"MawBank"}],"event_choices":[{"damage_healed":0,"gold_gain":0,"player_choice":"Ignored","damage_taken":0,"max_hp_gain":0,"max_hp_loss":0,"event_name":"Liars Game","floor":2,"gold_loss":0},{"damage_healed":0,"gold_gain":0,"player_choice":"Paid Gold","damage_taken":0,"relics_obtained":["FossilizedHelix"],"max_hp_gain":0,"max_hp_loss":0,"event_name":"WeMeetAgain","floor":4,"gold_loss":109},{"damage_healed":0,"gold_gain":0,"player_choice":"Lose Max HP","damage_taken":0,"relics_obtained":["Golden Idol"],"max_hp_gain":0,"max_hp_loss":7,"event_name":"Golden Idol","floor":7,"gold_loss":0},{"damage_healed":0,"gold_gain":0,"player_choice":"Ignored","damage_taken":0,"max_hp_gain":0,"max_hp_loss":0,"event_name":"Ghosts","floor":19,"gold_loss":0},{"damage_healed":0,"gold_gain":0,"player_choice":"Bought 1 Potion","damage_taken":0,"max_hp_gain":0,"max_hp_loss":0,"event_name":"The Woman in Blue","floor":20,"gold_loss":0}],"is_beta":false,"boss_relics":[{"not_picked":["White Beast Statue","FrozenCore"],"picked":"Astrolabe"}],"items_purged_floors":[],"is_endless":false,"potions_floor_spawned":[1,6,12,18],"killed_by":"Book of Stabbing","ascension_level":20}