{"gold_per_floor":[117,117,41,41,56,56,83,83,83,116,136,168,168,198,198,198],"floor_reached":16,"playtime":1512,"items_purged":[],"score":326,"play_id":"ceefdacf-f41f-4e7e-b8f1-238ae53d6180","local_time":"20190731091422","is_ascension_mode":true,"campfire_choices":[{"data":"Footwork","floor":6.0,"key":"SMITH"},{"data":"Sucker Punch","floor":8.0,"key":"SMITH"},{"data":"Crippling Poison","floor":13.0,"key":"SMITH"},{"data":"Glass Knife","floor":15.0,"key":"SMITH"}],"neow_cost":"NONE","seed_source_timestamp":605432007266696,"circlet_count":0,"master_deck":["AscendersBane","Strike_G","Strike_G","Strike_G","Strike_G","Strike_G","Defend_G+1","Defend_G","Defend_G","Defend_G","Defend_G","Survivor","Neutralize","Sucker Punch+1","Footwork+1","PiercingWail","Deflect+1","Dagger Throw","Prepared","Crippling Poison+1","Glass Knife+1"],"special_seed":0,"relics":["Ring of the Snake","NeowsBlessing","Du-Vu Doll","Matryoshka","Boot","War Paint","Tingsha","Frozen Egg 2","Mummified Hand"],"potions_floor_usage":[],"damage_taken":[{"damage":0.0,"enemies":"Small Slimes","floor":1.0,"turns":1.0},{"damage":0.0,"enemies":"Jaw Worm","floor":5.0,"turns":1.0},{"damage":0.0,"enemies":"Gremlin Nob","floor":7.0,"turns":1.0},{"damage":9.0,"enemies":"Lagavulin","floor":10.0,"turns":11.0},{"damage":0.0,"enemies":"Cultist","floor":11.0,"turns":3.0},{"damage":5.0,"enemies":"Gremlin Nob","floor":12.0,"turns":4.0},{"damage":0.0,"enemies":"Lagavulin","floor":14.0,"turns":8.0},{"damage":55,"enemies":"Slime Boss","floor":16,"turns":10}],"seed_played":"-2779800326764661943","potions_obtained":[{"floor":7.0,"key":"GamblersBrew"},{"floor":11.0,"key":"Energy Potion"},{"floor":12.0,"key":"Fruit Juice"},{"floor":14.0,"key":"SpeedPotion"}],"is_trial":false,"path_per_floor":["M","?","$","?","M","R","E","R","T","E","M","E","R","E","R","B"],"character_chosen":"THE_SILENT","items_purchased":["Footwork"],"campfire_rested":0,"item_purchase_floors":[3],"current_hp_per_floor":[59,41,41,63,63,63,63,63,63,54,54,49,49,54,54,0],"gold":198,"neow_bonus":"THREE_ENEMY_KILL","is_prod":false,"is_daily":false,"chose_seed":false,"campfire_upgraded":4,"win_rate":0,"timestamp":1564589662,"path_taken":["M","?","$","?","M","R","E","R","T","E","M","E","R","E","R","BOSS"],"build_version":"2019-07-17","purchased_purges":0,"victory":false,"max_hp_per_floor":[66,66,66,66,66,66,66,66,66,66,66,66,66,71,71,71],"card_choices":[{"not_picked":["Prepared","Dodge and Roll"],"picked":"Sucker Punch","floor":1.0},{"not_picked":["Blade Dance","Endless Agony"],"picked":"PiercingWail","floor":5.0},{"not_picked":["Sucker Punch","Dodge and Roll"],"picked":"Deflect","floor":7.0},{"not_picked":["Outmaneuver","Endless Agony"],"picked":"Dagger Throw","floor":10.0},{"not_picked":["Deadly Poison","Backstab"],"picked":"Prepared","floor":11.0},{"not_picked":["Heel Hook","Bouncing Flask"],"picked":"Crippling Poison","floor":12.0},{"not_picked":["PiercingWail","Flechettes"],"picked":"Glass Knife","floor":14.0}],"player_experience":571064,"relics_obtained":[{"floor":7.0,"key":"Matryoshka"},{"floor":9.0,"key":"Boot"},{"floor":9.0,"key":"War Paint"},{"floor":10.0,"key":"Tingsha"},{"floor":12.0,"key":"Frozen Egg 2"},{"floor":14.0,"key":"Mummified Hand"}],"event_choices":[{"damage_healed":0.0,"max_hp_gain":0.0,"max_hp_loss":0.0,"gold_gain":0.0,"event_name":"Scrap Ooze","player_choice":"Success","floor":2.0,"gold_loss":0.0,"damage_taken":18.0,"relics_obtained":["Du-Vu Doll"]},{"damage_healed":22.0,"max_hp_gain":0.0,"max_hp_loss":0.0,"gold_gain":0.0,"event_name":"Big Fish","player_choice":"Banana","floor":4.0,"gold_loss":0.0,"damage_taken":0.0}],"is_beta":false,"boss_relics":[],"items_purged_floors":[],"is_endless":false,"potions_floor_spawned":[7,11,12,14],"killed_by":"Slime Boss","ascension_level":17}