{"gold_per_floor":[112,21,40,55,55,55,82,82,82,82],"floor_reached":10,"playtime":508,"items_purged":[],"score":83,"play_id":"3e1100f3-f40b-4c85-8e62-2227049542a6","local_time":"20190715091809","is_ascension_mode":true,"campfire_choices":[{"data":"Blade Dance","floor":6,"key":"SMITH"},{"data":"Noxious Fumes","floor":8,"key":"SMITH"}],"neow_cost":"NONE","seed_source_timestamp":243120845340490,"circlet_count":0,"master_deck":["Strike_G","Strike_G","Strike_G+1","Strike_G","Strike_G","Defend_G","Defend_G","Defend_G","Defend_G","Defend_G","Survivor","Neutralize+1","Outmaneuver","Accuracy","Blade Dance+1","Escape Plan","Backflip","Noxious Fumes+1"],"relics":["Ring of the Snake","Bottled Lightning","Dodecahedron"],"potions_floor_usage":[1,10],"damage_taken":[{"damage":3,"enemies":"Cultist","floor":1,"turns":4},{"damage":4,"enemies":"2 Louse","floor":3,"turns":4},{"damage":0,"enemies":"Small Slimes","floor":4,"turns":3},{"damage":37,"enemies":"3 Sentries","floor":7,"turns":12},{"damage":22,"enemies":"Gremlin Nob","floor":10,"turns":3}],"seed_played":"2280446121843193999","potions_obtained":[{"floor":1,"key":"Fruit Juice"},{"floor":7,"key":"EssenceOfSteel"}],"is_trial":false,"path_per_floor":["M","$","M","M","?","R","E","R","T","E"],"character_chosen":"THE_SILENT","items_purchased":["Accuracy","Blade Dance"],"campfire_rested":0,"item_purchase_floors":[2,2],"current_hp_per_floor":[79,79,75,75,59,59,22,22,22,0],"gold":82,"neow_bonus":"TEN_PERCENT_HP_BONUS","is_prod":false,"is_daily":false,"chose_seed":false,"campfire_upgraded":2,"win_rate":0,"timestamp":1563207489,"path_taken":["M","$","M","?","?","R","E","R","T","E"],"build_version":"2019-07-05","purchased_purges":0,"victory":false,"max_hp_per_floor":[82,82,82,82,82,82,82,82,82,82],"card_choices":[{"not_picked":["Catalyst","Poisoned Stab"],"picked":"Outmaneuver","floor":1},{"not_picked":["Predator","Backstab"],"picked":"Escape Plan","floor":3},{"not_picked":["Quick Slash","Slice"],"picked":"Backflip","floor":4},{"not_picked":["Acrobatics","Flechettes"],"picked":"Noxious Fumes","floor":7}],"player_experience":263401,"relics_obtained":[{"floor":7,"key":"Bottled Lightning"},{"floor":9,"key":"Dodecahedron"}],"event_choices":[{"damage_healed":0,"gold_gain":0,"player_choice":"Entered Light","damage_taken":16,"max_hp_gain":0,"max_hp_loss":0,"event_name":"Shining Light","floor":5,"gold_loss":0,"cards_upgraded":["Strike_G","Neutralize"]}],"is_beta":false,"boss_relics":[],"items_purged_floors":[],"is_endless":false,"potions_floor_spawned":[1,7],"killed_by":"Gremlin Nob","ascension_level":5}