{"gold_per_floor":[111,36,36,1,20,20,34,47,47,82,82,95,111,126,126,126],"floor_reached":16,"playtime":1104,"items_purged":["Pain"],"score":114,"play_id":"02f9409a-a452-4ef1-bdf2-27b97c03856e","local_time":"20180816173551","is_ascension_mode":true,"campfire_choices":[{"data":"Corpse Explosion","floor":6,"key":"SMITH"},{"floor":15,"key":"REST"}],"neow_cost":"CURSE","seed_source_timestamp":490381612473248,"circlet_count":0,"master_deck":["Defend_G","Defend_G","Defend_G","Defend_G","Defend_G","Strike_G","Strike_G","Strike_G","Strike_G+1","Strike_G","Survivor","Neutralize+1","Corpse Explosion+1","Backflip","Infinite Blades","Escape Plan","Blur","PiercingWail","Crippling Poison","Poisoned Stab"],"relics":["Ring of the Snake","Blood Vial","Bottled Tornado","Pen Nib"],"potions_floor_usage":[8,10,13,16],"damage_taken":[{"damage":9,"enemies":"2 Louse","floor":1,"turns":2},{"damage":7,"enemies":"Small Slimes","floor":5,"turns":4},{"damage":0,"enemies":"Cultist","floor":7,"turns":4},{"damage":1,"enemies":"Large Slime","floor":8,"turns":6},{"damage":11,"enemies":"Gremlin Nob","floor":10,"turns":5},{"damage":11,"enemies":"Blue Slaver","floor":12,"turns":3},{"damage":1,"enemies":"Looter","floor":13,"turns":3},{"damage":13,"enemies":"Exordium Thugs","floor":14,"turns":3},{"damage":32,"enemies":"Slime Boss","floor":16,"turns":9}],"seed_played":"4800306085610793639","potions_obtained":[{"floor":5,"key":"GhostInAJar"},{"floor":7,"key":"Regen Potion"},{"floor":10,"key":"Weak Potion"},{"floor":12,"key":"SkillPotion"}],"is_trial":false,"path_per_floor":["M","$","?","$","M","R","M","M","T","E","?","M","M","M","R"],"character_chosen":"THE_SILENT","items_purchased":["Infinite Blades"],"campfire_rested":1,"item_purchase_floors":[4],"current_hp_per_floor":[61,61,47,47,40,40,40,54,54,45,27,18,19,8,29,0],"gold":126,"neow_bonus":"THREE_RARE_CARDS","is_prod":false,"is_daily":false,"chose_seed":false,"campfire_upgraded":1,"win_rate":0,"timestamp":1534433751,"path_taken":["M","$","?","?","M","R","M","M","T","E","?","?","M","M","R","BOSS"],"build_version":"2018-08-09","purchased_purges":1,"victory":false,"max_hp_per_floor":[70,70,70,70,70,70,70,70,70,70,70,70,70,70,70,70],"card_choices":[{"not_picked":["Wraith Form v2","Phantasmal Killer"],"picked":"Corpse Explosion","floor":0},{"not_picked":["Concentrate","Skewer"],"picked":"Backflip","floor":1},{"not_picked":["Footwork","Dagger Spray"],"picked":"Escape Plan","floor":5},{"not_picked":["Slice","Outmaneuver","Acrobatics"],"picked":"SKIP","floor":7},{"not_picked":["Finisher","Setup"],"picked":"Blur","floor":8},{"not_picked":["Dagger Throw","Choke","Malaise"],"picked":"SKIP","floor":10},{"not_picked":["Terror","Prepared"],"picked":"PiercingWail","floor":12},{"not_picked":["PiercingWail","Blade Dance"],"picked":"Crippling Poison","floor":13},{"not_picked":["Quick Slash","Choke"],"picked":"Poisoned Stab","floor":14}],"player_experience":335609,"relics_obtained":[{"floor":9,"key":"Blood Vial"},{"floor":10,"key":"Bottled Tornado"}],"event_choices":[{"event_name":"Shining Light","player_choice":"Entered Light","floor":3,"damage_taken":0},{"event_name":"Scrap Ooze","player_choice":"success","floor":11,"damage_taken":18}],"is_beta":false,"boss_relics":[],"items_purged_floors":[2],"is_endless":false,"potions_floor_spawned":[5,7,10,12],"killed_by":"Slime Boss","ascension_level":2}