{"gold_per_floor":[210,228,33,33,33,76,76,116,116,116,116,129,24,124,124,248,248,264,189,189,1,1,1,37,55,79,119,147,172,207,250,262,397,409,436,39,54,68,68,102,161,161,161,494,494,525,525,543,543,543],"floor_reached":50,"playtime":5110,"items_purged":["Strike_G","Strike_G"],"score":818,"play_id":"947e5f3b-0efb-4fae-95ed-12a90183407d","local_time":"20190715123009","is_ascension_mode":true,"campfire_choices":[{"floor":7,"key":"REST"},{"floor":10,"key":"REST"},{"data":"Outmaneuver","floor":15,"key":"SMITH"},{"data":"Envenom","floor":23,"key":"SMITH"},{"data":"Wraith Form v2","floor":32,"key":"SMITH"},{"floor":42,"key":"REST"},{"data":"Accuracy","floor":45,"key":"SMITH"},{"floor":49,"key":"REST"}],"neow_cost":"NONE","seed_source_timestamp":250031313014056,"circlet_count":0,"master_deck":["Strike_G","Strike_G","Defend_G","Defend_G","Defend_G","Defend_G+1","Defend_G","Survivor","Neutralize","Outmaneuver+1","Masterful Stab","Blade Dance+1","Accuracy+1","Accuracy+1","Deflect+1","Envenom+1","Backflip+1","Cloak And Dagger+1","Setup+1","Wraith Form v2+1","Deadly Poison+1","Backflip+1","Heel Hook+1","Terror+1","Setup+1","Quick Slash+1","Phantasmal Killer+1","Underhanded Strike+1","Panache","Underhanded Strike","Prepared+1","Sucker Punch","Quick Slash+1","Accuracy","Crippling Poison+1","Blur+1","Calculated Gamble+1","Concentrate+1"],"relics":["Ring of the Snake","Sling","Toxic Egg 2","Ninja Scroll","Anchor","Runic Pyramid","MutagenicStrength","NlothsMask","Pantograph","MawBank","Ancient Tea Set","Lizard Tail","Juzu Bracelet","StoneCalendar","Regal Pillow","Snake Skull"],"potions_floor_usage":[8,27,27,33,33,40,41,46,50],"damage_taken":[{"damage":0,"enemies":"Small Slimes","floor":1,"turns":3},{"damage":0,"enemies":"Jaw Worm","floor":2,"turns":5},{"damage":31,"enemies":"3 Sentries","floor":6,"turns":13},{"damage":20,"enemies":"Lagavulin","floor":8,"turns":5},{"damage":0,"enemies":"2 Louse","floor":12,"turns":2},{"damage":1,"enemies":"Slime Boss","floor":16,"turns":8},{"damage":0,"enemies":"Spheric Guardian","floor":18,"turns":1},{"damage":0,"enemies":"Gremlin Leader","floor":24,"turns":5},{"damage":0,"enemies":"3 Byrds","floor":25,"turns":3},{"damage":19,"enemies":"Slavers","floor":27,"turns":4},{"damage":4,"enemies":"Snake Plant","floor":28,"turns":4},{"damage":0,"enemies":"Chosen and Byrds","floor":29,"turns":4},{"damage":0,"enemies":"Shelled Parasite and Fungi","floor":30,"turns":4},{"damage":0,"enemies":"Gremlin Leader","floor":31,"turns":4},{"damage":38,"enemies":"Champ","floor":33,"turns":10},{"damage":4,"enemies":"3 Darklings","floor":35,"turns":6},{"damage":24,"enemies":"3 Shapes","floor":37,"turns":5},{"damage":3,"enemies":"Writhing Mass","floor":38,"turns":4},{"damage":19,"enemies":"Reptomancer","floor":40,"turns":6},{"damage":0,"enemies":"2 Orb Walkers","floor":41,"turns":5},{"damage":3,"enemies":"Giant Head","floor":46,"turns":7},{"damage":0,"enemies":"4 Shapes","floor":48,"turns":6},{"damage":135,"enemies":"Time Eater","floor":50,"turns":10}],"seed_played":"-6795203740784738282","potions_obtained":[{"floor":6,"key":"Explosive Potion"},{"floor":12,"key":"LiquidBronze"},{"floor":18,"key":"LiquidBronze"},{"floor":24,"key":"Dexterity Potion"},{"floor":27,"key":"FearPotion"},{"floor":30,"key":"Strength Potion"},{"floor":35,"key":"Strength Potion"},{"floor":38,"key":"EssenceOfSteel"},{"floor":41,"key":"PowerPotion"}],"is_trial":false,"path_per_floor":["M","M","$","?","?","E","R","E","T","R","?","M","$","?","R","B",null,"M","?","?","$","?","R","E","M","T","E","M","M","M","E","R","B",null,"M","$","M","M","?","E","?","R","T","?","R","E","?","M","R","B"],"character_chosen":"THE_SILENT","items_purchased":["Sling","Accuracy","Deflect+1","Cloak And Dagger+1","Setup+1","Panache","Underhanded Strike","Prepared+1","Sucker Punch"],"campfire_rested":4,"item_purchase_floors":[3,13,13,21,21,36,36,36,36],"current_hp_per_floor":[70,70,70,56,39,8,29,9,9,30,30,30,30,30,30,29,60,60,60,60,60,60,60,60,60,60,41,37,37,37,37,37,24,59,55,55,31,28,28,9,9,30,30,30,30,27,27,27,63,0],"gold":543,"neow_bonus":"HUNDRED_GOLD","is_prod":false,"is_daily":false,"chose_seed":false,"campfire_upgraded":4,"win_rate":0,"timestamp":1563219009,"path_taken":["M","M","$","?","?","E","R","E","T","R","?","M","$","?","R","BOSS","M","?","?","$","?","R","E","M","T","E","M","M","M","E","R","BOSS","M","$","M","M","?","E","?","R","T","?","R","E","?","M","R","BOSS"],"build_version":"2019-07-05","purchased_purges":2,"victory":false,"max_hp_per_floor":[70,70,70,70,70,70,70,70,70,70,70,70,70,70,70,70,70,70,70,70,70,70,70,70,70,70,70,70,70,70,70,70,70,70,70,70,70,70,70,70,70,70,70,70,70,70,70,70,70,70],"card_choices":[{"not_picked":["Dagger Spray","Backstab"],"picked":"Outmaneuver","floor":1},{"not_picked":["Backstab","Prepared"],"picked":"Masterful Stab","floor":2},{"not_picked":["Dagger Throw","Predator"],"picked":"Blade Dance","floor":6},{"not_picked":["Dagger Spray","Deflect+1"],"picked":"Accuracy","floor":8},{"not_picked":["Quick Slash","Slice"],"picked":"Glass Knife","floor":12},{"not_picked":["Storm of Steel+1","Venomology+1"],"picked":"Envenom","floor":16},{"not_picked":["Deflect+1","Dagger Spray"],"picked":"Backflip+1","floor":18},{"not_picked":["Riddle With Holes","Skewer"],"picked":"Wraith Form v2","floor":24},{"not_picked":["Reflex+1","Sucker Punch"],"picked":"Deadly Poison+1","floor":25},{"not_picked":["Dagger Spray+1","Poisoned Stab"],"picked":"Backflip+1","floor":27},{"not_picked":["Deadly Poison+1","Dagger Spray"],"picked":"Heel Hook+1","floor":28},{"not_picked":["Dagger Spray","Acrobatics+1"],"picked":"Terror+1","floor":29},{"not_picked":["Well Laid Plans","Dagger Spray"],"picked":"Setup+1","floor":30},{"not_picked":["Terror+1","Finisher"],"picked":"Quick Slash+1","floor":31},{"not_picked":["Corpse Explosion+1","Malaise+1"],"picked":"Phantasmal Killer+1","floor":33},{"not_picked":["Sucker Punch+1","Deflect+1"],"picked":"Underhanded Strike+1","floor":35},{"not_picked":["Skewer","Poisoned Stab"],"picked":"Quick Slash+1","floor":37},{"not_picked":["Blur+1","Prepared+1"],"picked":"Accuracy","floor":38},{"not_picked":["Leg Sweep+1","Grand Finale"],"picked":"Crippling Poison+1","floor":40},{"not_picked":["Dagger Spray","Slice"],"picked":"Blur+1","floor":41},{"not_picked":["Burst+1","Underhanded Strike"],"picked":"Calculated Gamble+1","floor":46},{"not_picked":["PiercingWail+1","Blur+1"],"picked":"Concentrate+1","floor":48}],"player_experience":270250,"relics_obtained":[{"floor":6,"key":"Toxic Egg 2"},{"floor":8,"key":"Ninja Scroll"},{"floor":9,"key":"Anchor"},{"floor":24,"key":"Pantograph"},{"floor":27,"key":"MawBank"},{"floor":31,"key":"Ancient Tea Set"},{"floor":40,"key":"Juzu Bracelet"},{"floor":41,"key":"StoneCalendar"},{"floor":43,"key":"Regal Pillow"},{"floor":46,"key":"Snake Skull"}],"event_choices":[{"damage_healed":0,"gold_gain":0,"player_choice":"Entered Light","damage_taken":14,"max_hp_gain":0,"max_hp_loss":0,"event_name":"Shining Light","floor":4,"gold_loss":0,"cards_upgraded":["Strike_G","Defend_G"]},{"damage_healed":0,"gold_gain":0,"player_choice":"Take Damage","damage_taken":17,"relics_obtained":["Golden Idol"],"max_hp_gain":0,"max_hp_loss":0,"event_name":"Golden Idol","floor":5,"gold_loss":0},{"damage_healed":0,"gold_gain":0,"player_choice":"Grow","damage_taken":0,"max_hp_gain":0,"max_hp_loss":0,"event_name":"Living Wall","floor":11,"gold_loss":0,"cards_upgraded":["Accuracy"]},{"damage_healed":0,"gold_gain":100,"player_choice":"Pray","damage_taken":0,"max_hp_gain":0,"max_hp_loss":0,"event_name":"Golden Shrine","floor":14,"gold_loss":0},{"cards_removed":["Strike_G"],"damage_healed":0,"gold_gain":0,"player_choice":"Gave Gold","damage_taken":0,"max_hp_gain":0,"max_hp_loss":0,"event_name":"Beggar","floor":19,"gold_loss":75},{"damage_healed":0,"gold_gain":0,"player_choice":"Inject Mutagens","damage_taken":0,"relics_obtained":["MutagenicStrength"],"max_hp_gain":0,"max_hp_loss":0,"event_name":"Drug Dealer","floor":20,"gold_loss":0},{"damage_healed":0,"gold_gain":0,"player_choice":"Trade","damage_taken":0,"relics_obtained":["NlothsMask"],"max_hp_gain":0,"max_hp_loss":0,"event_name":"FaceTrader","floor":22,"gold_loss":0},{"cards_removed":["Glass Knife"],"damage_healed":0,"gold_gain":0,"player_choice":"Removed Attack","damage_taken":0,"max_hp_gain":0,"max_hp_loss":0,"event_name":"Falling","floor":39,"gold_loss":0},{"damage_healed":0,"gold_gain":0,"player_choice":"Fight","damage_taken":0,"max_hp_gain":0,"max_hp_loss":0,"event_name":"Mysterious Sphere","floor":41,"gold_loss":0},{"damage_healed":0,"gold_gain":333,"player_choice":"Gave Idol","damage_taken":0,"max_hp_gain":0,"max_hp_loss":0,"event_name":"The Moai Head","floor":44,"relics_lost":["Golden Idol"],"gold_loss":0},{"damage_healed":0,"gold_gain":0,"player_choice":"Ignored","damage_taken":0,"max_hp_gain":0,"max_hp_loss":0,"event_name":"Tomb of Lord Red Mask","floor":47,"gold_loss":0}],"is_beta":false,"boss_relics":[{"not_picked":["Busted Crown","Snecko Eye"],"picked":"Runic Pyramid"},{"not_picked":["Cursed Key","Coffee Dripper"],"picked":"Lizard Tail"}],"items_purged_floors":[21,36],"is_endless":false,"potions_floor_spawned":[6,12,18,24,27,30,35,38,41],"killed_by":"Time Eater","ascension_level":5}