{"gold_per_floor":[110,60,60,77,88,88,99,129,129,153,172,23,58,77,77,175,175,160,23,23,23,23,49,11,86,136,169,44,60,80,98,98,196,196,214,214,232,249,29,29],"floor_reached":40,"playtime":4102,"items_purged":["Strike_G","Strike_G","Writhe"],"score":585,"play_id":"dbe941a1-b64e-4248-b36b-0f835f2a6837","local_time":"20180822154206","is_ascension_mode":true,"campfire_choices":[{"data":"Leg Sweep","floor":6,"key":"SMITH"},{"data":"Outmaneuver","floor":15,"key":"SMITH"},{"floor":32,"key":"REST"}],"neow_cost":"CURSE","seed_source_timestamp":427694753327019,"circlet_count":0,"master_deck":["Defend_G","Defend_G","Defend_G","Defend_G","Defend_G","Strike_G","Strike_G","Survivor","Neutralize","Leg Sweep+1","Dagger Spray","Poisoned Stab","Leg Sweep","Heel Hook","Outmaneuver+1","Die Die Die","Noxious Fumes","Flying Knee","Deadly Poison","Tools of the Trade","Poisoned Stab","Backflip+1","Footwork","Crippling Poison","Blur","Footwork+1","Footwork+1","Deflect+1","Crippling Poison","Noxious Fumes+1","Outmaneuver+1","Dodge and Roll","Blur+1","Corpse Explosion","Concentrate","Noxious Fumes+1","Blur+1","Corpse Explosion","Poisoned Stab","Backflip+1","Deadly Poison","PiercingWail","Noxious Fumes+1"],"relics":["Ring of the Snake","Torii","Thread and Needle","Prayer Wheel","Ice Cream","Strawberry","Bag of Marbles","Lizard Tail","Bag of Preparation","Frozen Egg 2","Blood Vial","Blue Candle","Black Star"],"potions_floor_usage":[13,13,16,27,29,31,37,37,37,37,37,38,38,39],"damage_taken":[{"damage":7,"enemies":"Jaw Worm","floor":1,"turns":5},{"damage":0,"enemies":"Small Slimes","floor":4,"turns":3},{"damage":0,"enemies":"2 Louse","floor":5,"turns":3},{"damage":0,"enemies":"Red Slaver","floor":7,"turns":5},{"damage":9,"enemies":"3 Sentries","floor":8,"turns":12},{"damage":0,"enemies":"Exordium Wildlife","floor":11,"turns":6},{"damage":7,"enemies":"Gremlin Nob","floor":13,"turns":6},{"damage":0,"enemies":"Exordium Thugs","floor":14,"turns":5},{"damage":0,"enemies":"The Guardian","floor":16,"turns":8},{"damage":30,"enemies":"2 Thieves","floor":18,"turns":4},{"damage":6,"enemies":"Book of Stabbing","floor":23,"turns":9},{"damage":12,"enemies":"Slavers","floor":27,"turns":6},{"damage":23,"enemies":"3 Byrds","floor":29,"turns":6},{"damage":0,"enemies":"Centurion and Healer","floor":30,"turns":9},{"damage":1,"enemies":"Snake Plant","floor":31,"turns":8},{"damage":1,"enemies":"Champ","floor":33,"turns":16},{"damage":3,"enemies":"3 Shapes","floor":35,"turns":5},{"damage":13,"enemies":"Flame Bruiser 1 Orb","floor":37,"turns":6},{"damage":72,"enemies":"Transient","floor":38,"turns":5},{"damage":46,"enemies":"2 Orb Walkers","floor":40,"turns":5}],"seed_played":"8883606576068640912","potions_obtained":[{"floor":1,"key":"SpeedPotion"},{"floor":8,"key":"Block Potion"},{"floor":13,"key":"Energy Potion"},{"floor":14,"key":"Poison Potion"},{"floor":18,"key":"GamblersBrew"},{"floor":27,"key":"SpeedPotion"},{"floor":29,"key":"SpeedPotion"},{"floor":33,"key":"EntropicBrew"},{"floor":35,"key":"SkillPotion"},{"floor":37,"key":"Swift Potion"}],"is_trial":false,"path_per_floor":["M","?","?","M","M","R","M","E","T","T","M","$","E","M","R","B",null,"M","$","?","?","?","E","$","?","T","E","$","M","M","M","R","B",null,"M","?","M","M","$"],"character_chosen":"THE_SILENT","items_purchased":["Noxious Fumes","Footwork","Footwork+1","Fruit Juice","PiercingWail","Noxious Fumes+1"],"campfire_rested":1,"item_purchase_floors":[12,19,24,39,39,39],"current_hp_per_floor":[63,63,38,38,38,38,38,29,29,36,36,36,29,29,29,29,77,47,47,47,47,47,41,41,34,34,24,24,3,5,6,29,30,77,74,74,63,38,43,0],"gold":29,"neow_bonus":"ONE_RARE_RELIC","is_prod":false,"is_daily":false,"chose_seed":false,"campfire_upgraded":2,"win_rate":0,"timestamp":1534945326,"path_taken":["M","?","?","M","M","R","?","E","T","?","?","?","E","M","R","BOSS","M","$","?","?","?","E","?","?","T","E","$","?","M","M","R","BOSS","M","?","M","M","$","E"],"build_version":"2018-08-16","purchased_purges":3,"victory":false,"max_hp_per_floor":[70,70,70,70,70,70,70,70,70,77,77,77,77,77,77,77,77,77,77,77,77,77,77,77,77,77,77,77,77,77,77,77,77,77,77,77,77,77,82,82],"card_choices":[{"not_picked":["PiercingWail","Sucker Punch"],"picked":"Leg Sweep","floor":1},{"not_picked":["Cloak And Dagger","Leg Sweep"],"picked":"Dagger Spray","floor":4},{"not_picked":["Flying Knee","Underhanded Strike"],"picked":"Poisoned Stab","floor":5},{"not_picked":["Reflex","Accuracy"],"picked":"Leg Sweep","floor":7},{"not_picked":["Dodge and Roll","Flying Knee"],"picked":"Heel Hook","floor":8},{"not_picked":["Reflex","Dagger Spray"],"picked":"Outmaneuver","floor":11},{"not_picked":["Slice","Eviscerate"],"picked":"Die Die Die","floor":11},{"not_picked":["Eviscerate","Underhanded Strike"],"picked":"Flying Knee","floor":13},{"not_picked":["Quick Slash","Outmaneuver"],"picked":"Deadly Poison","floor":14},{"not_picked":["Slice","Flechettes","Distraction"],"picked":"SKIP","floor":14},{"not_picked":["Unload","Glass Knife"],"picked":"Tools of the Trade","floor":16},{"not_picked":["Masterful Stab","Acrobatics"],"picked":"Poisoned Stab","floor":18},{"not_picked":["Quick Slash","Dagger Spray+1"],"picked":"Backflip+1","floor":18},{"not_picked":["Storm of Steel","Eviscerate"],"picked":"Blur","floor":23},{"not_picked":["Riddle With Holes","Dagger Spray"],"picked":"Footwork+1","floor":27},{"not_picked":["Reflex","Eviscerate+1"],"picked":"Deflect+1","floor":29},{"not_picked":["Deadly Poison","Quick Slash"],"picked":"Crippling Poison","floor":29},{"not_picked":["Backflip","Endless Agony"],"picked":"Noxious Fumes+1","floor":30},{"not_picked":["Skewer+1","Slice"],"picked":"Outmaneuver+1","floor":30},{"not_picked":["Bane","Deflect"],"picked":"Dodge and Roll","floor":31},{"not_picked":["Choke","Envenom+1"],"picked":"Blur+1","floor":31},{"not_picked":["Venomology","Grand Finale"],"picked":"Corpse Explosion","floor":33},{"not_picked":["Flying Knee","Sucker Punch"],"picked":"Concentrate","floor":35},{"not_picked":["Dash","Bane+1"],"picked":"Noxious Fumes+1","floor":35},{"not_picked":["Cloak And Dagger","Underhanded Strike"],"picked":"Corpse Explosion","floor":37},{"not_picked":["Dodge and Roll+1","Riddle With Holes+1"],"picked":"Poisoned Stab","floor":37},{"not_picked":["Accuracy+1","Dagger Throw+1"],"picked":"Backflip+1","floor":38},{"not_picked":["Slice","Flying Knee"],"picked":"Deadly Poison","floor":38}],"player_experience":356932,"relics_obtained":[{"floor":8,"key":"Prayer Wheel"},{"floor":9,"key":"Ice Cream"},{"floor":10,"key":"Strawberry"},{"floor":13,"key":"Bag of Marbles"},{"floor":23,"key":"Frozen Egg 2"},{"floor":26,"key":"Blood Vial"},{"floor":27,"key":"Blue Candle"}],"event_choices":[{"event_name":"The Cleric","player_choice":"Card Removal","floor":2,"damage_taken":0},{"event_name":"Scrap Ooze","player_choice":"success","floor":3,"damage_taken":25},{"event_name":"Back to Basics","player_choice":"Elegance","floor":20,"damage_taken":0},{"event_name":"The Library","player_choice":"Read","floor":21,"damage_taken":0},{"event_name":"The Mausoleum","player_choice":"Yes","floor":22,"damage_taken":0},{"event_name":"FaceTrader","player_choice":"Touch","floor":25,"damage_taken":0},{"event_name":"Duplicator","player_choice":"One dupe","floor":36,"damage_taken":0}],"is_beta":false,"boss_relics":[{"not_picked":["Eternal Feather","Snecko Eye"],"picked":"Lizard Tail"},{"not_picked":["Fusion Hammer","Runic Pyramid"],"picked":"Black Star"}],"items_purged_floors":[12,19,28],"is_endless":false,"potions_floor_spawned":[1,8,13,14,18,27,29,33,35,37],"killed_by":"2 Orb Walkers","ascension_level":2}