{"gold_per_floor":[115,3,3,3,3,34,45,55,133,133,144,175,175,185,185,290,290,301,301,92,92,127,127,155,155,229,242,242,274,274,302,302,398,398,409,424,71,90,15,15,34,34,57,74,74,5,23,23,23,23],"floor_reached":50,"playtime":4210,"items_purged":["Grand Finale"],"score":686,"play_id":"c112b3cc-b209-4aff-b29e-da9e091bb18a","local_time":"20190711104310","is_ascension_mode":true,"campfire_choices":[{"floor":13,"key":"REST"},{"data":"Wraith Form v2","floor":15,"key":"SMITH"},{"floor":23,"key":"RECALL"},{"data":"Adrenaline","floor":28,"key":"SMITH"},{"data":"Concentrate","floor":30,"key":"SMITH"},{"data":"Terror","floor":32,"key":"SMITH"},{"data":"Dodge and Roll","floor":40,"key":"SMITH"},{"data":"Neutralize","floor":42,"key":"SMITH"},{"data":"Leg Sweep","floor":49,"key":"SMITH"}],"neow_cost":"NONE","seed_source_timestamp":5094591783335,"circlet_count":0,"master_deck":["Survivor","Neutralize+1","Corpse Explosion","Dagger Spray","Backstab","Caltrops+1","Sucker Punch","PiercingWail","Masterful Stab","Terror+1","Wraith Form v2+1","Acrobatics","Flying Knee","Choke","A Thousand Cuts","Backstab","Outmaneuver","Adrenaline+1","All Out Attack","Die Die Die","Acrobatics","Cloak And Dagger","Dodge and Roll+1","Finisher+1","RitualDagger","Concentrate+1","Panacea","Caltrops","Escape Plan","Backstab+1","Backstab","Crippling Poison","PiercingWail","Flying Knee+1","Acrobatics+1","Dramatic Entrance","Endless Agony","Heel Hook+1","Dodge and Roll+1","Madness","Madness","Glass Knife","Leg Sweep+1"],"relics":["Ring of the Snake","Lantern","Pear","Pandora\u0027s Box","Red Mask","Strawberry","Bottled Flame","Ninja Scroll","Happy Flower","WristBlade","Sundial","Art of War"],"potions_floor_usage":[12,12,16,24,29,33,47,50,50],"damage_taken":[{"damage":1,"enemies":"Jaw Worm","floor":1,"turns":4},{"damage":53,"enemies":"Gremlin Nob","floor":6,"turns":5},{"damage":0,"enemies":"Small Slimes","floor":7,"turns":3},{"damage":0,"enemies":"Cultist","floor":8,"turns":3},{"damage":10,"enemies":"Exordium Thugs","floor":11,"turns":2},{"damage":0,"enemies":"3 Sentries","floor":12,"turns":2},{"damage":4,"enemies":"Large Slime","floor":14,"turns":6},{"damage":33,"enemies":"The Guardian","floor":16,"turns":12},{"damage":0,"enemies":"Chosen","floor":18,"turns":4},{"damage":10,"enemies":"Masked Bandits","floor":22,"turns":3},{"damage":6,"enemies":"Book of Stabbing","floor":24,"turns":6},{"damage":0,"enemies":"2 Thieves","floor":27,"turns":1},{"damage":5,"enemies":"Slavers","floor":29,"turns":4},{"damage":4,"enemies":"Book of Stabbing","floor":31,"turns":2},{"damage":56,"enemies":"Automaton","floor":33,"turns":7},{"damage":0,"enemies":"Orb Walker","floor":35,"turns":1},{"damage":0,"enemies":"3 Darklings","floor":36,"turns":2},{"damage":27,"enemies":"Writhing Mass","floor":38,"turns":4},{"damage":0,"enemies":"Spire Growth","floor":41,"turns":2},{"damage":0,"enemies":"Jaw Worm Horde","floor":44,"turns":2},{"damage":10,"enemies":"Transient","floor":47,"turns":5},{"damage":43,"enemies":"Donu and Deca","floor":50,"turns":4}],"seed_played":"-8201701961839766657","potions_obtained":[{"floor":6,"key":"SpeedPotion"},{"floor":8,"key":"Strength Potion"},{"floor":14,"key":"GamblersBrew"},{"floor":22,"key":"AttackPotion"},{"floor":27,"key":"Block Potion"},{"floor":31,"key":"Dexterity Potion"},{"floor":33,"key":"LiquidBronze"},{"floor":35,"key":"EssenceOfSteel"},{"floor":41,"key":"SmokeBomb"},{"floor":44,"key":"Poison Potion"}],"is_trial":false,"path_per_floor":["M","$","?","$","?","E","M","M","T","?","M","E","R","M","R","B",null,"M","?","$","?","?","R","E","?","T","M","R","E","R","E","R","B",null,"M","M","$","M","$","R","M","R","T","M","?","$","M","?","R","B"],"character_chosen":"THE_SILENT","items_purchased":["Backstab","Caltrops","Concentrate","Panacea","Caltrops","Dramatic Entrance","Sundial","Glass Knife"],"campfire_rested":1,"item_purchase_floors":[2,2,20,20,20,37,37,46],"current_hp_per_floor":[69,69,74,74,74,21,21,21,21,21,11,21,46,42,42,9,85,85,79,79,79,69,69,70,70,70,70,70,65,65,61,61,5,92,92,92,92,65,65,65,65,65,65,65,53,53,43,43,43,0],"gold":23,"neow_bonus":"TRANSFORM_CARD","is_prod":false,"is_daily":false,"chose_seed":false,"campfire_upgraded":7,"win_rate":0,"timestamp":1562866990,"path_taken":["M","$","?","$","?","E","M","M","T","?","M","E","R","?","R","BOSS","M","?","$","?","?","R","E","?","T","M","R","E","R","E","R","BOSS","M","M","$","M","$","R","M","R","T","M","?","$","M","?","R","BOSS"],"build_version":"2019-07-05","purchased_purges":1,"victory":false,"max_hp_per_floor":[70,70,75,75,75,75,75,75,75,75,75,85,85,85,85,85,85,85,85,85,85,85,85,92,92,92,92,92,92,92,92,92,92,92,92,92,92,92,92,92,92,92,92,92,92,92,92,89,89,89],"card_choices":[{"not_picked":["Dodge and Roll","Quick Slash"],"picked":"Dagger Spray","floor":1},{"not_picked":["Outmaneuver","Grand Finale"],"picked":"Sucker Punch","floor":6},{"not_picked":["Accuracy","Escape Plan"],"picked":"PiercingWail","floor":7},{"not_picked":["Bane","Sucker Punch"],"picked":"Masterful Stab","floor":8},{"not_picked":["Blade Dance","Underhanded Strike"],"picked":"Acrobatics","floor":11},{"not_picked":["Storm of Steel","Bane"],"picked":"Flying Knee","floor":12},{"not_picked":["Accuracy","Slice"],"picked":"Choke","floor":14},{"not_picked":["Night Terror","Corpse Explosion"],"picked":"A Thousand Cuts","floor":16},{"not_picked":["Deadly Poison+1","Cloak And Dagger"],"picked":"Finisher+1","floor":18},{"not_picked":["Deflect","Caltrops"],"picked":"Escape Plan","floor":22},{"not_picked":["Masterful Stab","Concentrate"],"picked":"Backstab+1","floor":24},{"not_picked":["Cloak And Dagger+1","Quick Slash"],"picked":"Backstab","floor":27},{"not_picked":["Bane+1","Dodge and Roll"],"picked":"Crippling Poison","floor":29},{"not_picked":["Slice","Catalyst"],"picked":"PiercingWail","floor":31},{"not_picked":["Storm of Steel","Wraith Form v2"],"picked":"Grand Finale","floor":33},{"not_picked":["Sucker Punch+1","Deadly Poison+1"],"picked":"Flying Knee+1","floor":35},{"not_picked":["Dagger Throw","Sucker Punch"],"picked":"Acrobatics+1","floor":36},{"not_picked":["Poisoned Stab+1","Finisher+1"],"picked":"Endless Agony","floor":38},{"not_picked":["Terror+1","Bouncing Flask"],"picked":"Heel Hook+1","floor":41},{"not_picked":["Dagger Throw+1","Calculated Gamble"],"picked":"Dodge and Roll+1","floor":44},{"not_picked":["Blade Dance","Sucker Punch"],"picked":"Leg Sweep","floor":47}],"player_experience":203066,"relics_obtained":[{"floor":6,"key":"Lantern"},{"floor":12,"key":"Pear"},{"floor":22,"key":"Red Mask"},{"floor":24,"key":"Strawberry"},{"floor":26,"key":"Bottled Flame"},{"floor":29,"key":"Ninja Scroll"},{"floor":31,"key":"Happy Flower"},{"floor":43,"key":"Art of War"}],"event_choices":[{"damage_healed":0,"gold_gain":0,"player_choice":"Donut","damage_taken":0,"max_hp_gain":5,"max_hp_loss":0,"event_name":"Big Fish","floor":3,"gold_loss":0},{"damage_healed":0,"gold_gain":0,"player_choice":"Grow","damage_taken":0,"max_hp_gain":0,"max_hp_loss":0,"event_name":"Living Wall","floor":5,"gold_loss":0,"cards_upgraded":["Caltrops"]},{"damage_healed":0,"gold_gain":0,"player_choice":"2 cards matched","damage_taken":0,"max_hp_gain":0,"max_hp_loss":0,"event_name":"Match and Keep!","floor":10,"gold_loss":0,"cards_obtained":["Terror","Wraith Form v2"]},{"damage_healed":0,"gold_gain":0,"player_choice":"Joined the Cult","damage_taken":6,"max_hp_gain":0,"max_hp_loss":0,"event_name":"Nest","floor":19,"gold_loss":0,"cards_obtained":["RitualDagger"]},{"cards_removed":["Expertise"],"damage_healed":0,"gold_gain":0,"player_choice":"Elegance","damage_taken":0,"max_hp_gain":0,"max_hp_loss":0,"event_name":"Back to Basics","floor":21,"gold_loss":0},{"damage_healed":0,"gold_gain":0,"player_choice":"Fought Bandits","damage_taken":0,"max_hp_gain":0,"max_hp_loss":0,"event_name":"Masked Bandits","floor":22,"gold_loss":0},{"damage_healed":0,"gold_gain":0,"player_choice":"Ignored","damage_taken":0,"max_hp_gain":0,"max_hp_loss":0,"event_name":"Beggar","floor":25,"gold_loss":0},{"damage_healed":0,"gold_gain":0,"player_choice":"Embrace Madness","damage_taken":12,"max_hp_gain":0,"max_hp_loss":0,"event_name":"Winding Halls","floor":45,"gold_loss":0,"cards_obtained":["Madness","Madness"]},{"cards_removed":["Parasite"],"damage_healed":0,"gold_gain":0,"player_choice":"Removed Curses","damage_taken":0,"max_hp_gain":0,"max_hp_loss":0,"event_name":"Fountain of Cleansing","floor":48,"gold_loss":0}],"is_beta":false,"boss_relics":[{"not_picked":["Philosopher\u0027s Stone","Busted Crown"],"picked":"Pandora\u0027s Box"},{"not_picked":["Fusion Hammer","Orrery"],"picked":"WristBlade"}],"items_purged_floors":[39],"is_endless":false,"potions_floor_spawned":[6,8,14,22,27,31,33,35,41,44],"killed_by":"Donu and Deca","ascension_level":3}