{"gold_per_floor":[113,113,133,146,165,165,229,20,44,76,87,97,97,131,131,131],"floor_reached":16,"playtime":1014,"items_purged":["Pain"],"score":244,"play_id":"b8f4ec33-156b-40f3-8ce5-393eaba36ff9","local_time":"20190609211651","is_ascension_mode":true,"campfire_choices":[{"floor":6,"key":"REST"},{"floor":13,"key":"REST"},{"data":"1","floor":15,"key":"LIFT"}],"neow_cost":"NONE","seed_source_timestamp":1199210837449358,"circlet_count":0,"master_deck":["AscendersBane","Defend_G","Defend_G","Defend_G","Defend_G","Defend_G","Strike_G","Strike_G","Strike_G","Strike_G","Strike_G","Survivor","Neutralize","Quick Slash","Skewer","Dash","Tactician","Dagger Spray","Dagger Spray","Sucker Punch","Riddle With Holes","Bullet Time","Dagger Throw","Predator","Flying Knee","Distraction"],"relics":["Ring of the Snake","Dream Catcher","WarpedTongs","Tiny Chest","Art of War","Oddly Smooth Stone","Girya"],"potions_floor_usage":[7,10,14],"damage_taken":[{"damage":0,"enemies":"2 Louse","floor":1,"turns":4},{"damage":10,"enemies":"Cultist","floor":3,"turns":5},{"damage":1,"enemies":"Small Slimes","floor":4,"turns":3},{"damage":11,"enemies":"Exordium Wildlife","floor":5,"turns":6},{"damage":10,"enemies":"3 Sentries","floor":7,"turns":5},{"damage":18,"enemies":"Gremlin Nob","floor":10,"turns":4},{"damage":1,"enemies":"2 Fungi Beasts","floor":11,"turns":3},{"damage":0,"enemies":"Looter","floor":12,"turns":3},{"damage":8,"enemies":"3 Sentries","floor":14,"turns":4},{"damage":40,"enemies":"Hexaghost","floor":16,"turns":9}],"seed_played":"-1282146408977269484","potions_obtained":[{"floor":4,"key":"Strength Potion"},{"floor":5,"key":"Block Potion"},{"floor":11,"key":"SpeedPotion"},{"floor":12,"key":"Strength Potion"}],"is_trial":false,"path_per_floor":["M","?","M","M","M","R","E","$","T","E","M","M","R","E","R","B"],"character_chosen":"THE_SILENT","items_purchased":["Sucker Punch","Riddle With Holes"],"campfire_rested":2,"item_purchase_floors":[8,8],"current_hp_per_floor":[59,59,49,48,37,56,46,46,46,28,27,27,46,38,38,0],"gold":131,"neow_bonus":"RANDOM_COMMON_RELIC","is_prod":false,"is_daily":false,"chose_seed":false,"campfire_upgraded":0,"win_rate":0,"timestamp":1560107811,"path_taken":["M","?","M","M","M","R","E","$","T","E","M","M","R","E","R","BOSS"],"build_version":"2019-01-23","purchased_purges":1,"victory":false,"max_hp_per_floor":[66,66,66,66,66,66,66,66,66,66,66,66,66,66,66,66],"card_choices":[{"not_picked":["Dodge and Roll","Reflex"],"picked":"Quick Slash","floor":1},{"not_picked":["Poisoned Stab","Infinite Blades"],"picked":"Skewer","floor":3},{"not_picked":["Expertise","Deadly Poison"],"picked":"Dash","floor":4},{"not_picked":["Slice","Flechettes"],"picked":"Tactician","floor":5},{"not_picked":["Terror","Blade Dance"],"picked":"Dagger Spray","floor":6},{"not_picked":["Cloak And Dagger","Dodge and Roll"],"picked":"Dagger Spray","floor":7},{"not_picked":["Infinite Blades","Prepared"],"picked":"Bullet Time","floor":10},{"not_picked":["Underhanded Strike","Infinite Blades"],"picked":"Dagger Throw","floor":11},{"not_picked":["Bane","Outmaneuver"],"picked":"Predator","floor":12},{"not_picked":["Bullet Time","Eviscerate"],"picked":"Flying Knee","floor":13},{"not_picked":["Expertise","Bane"],"picked":"Distraction","floor":14}],"player_experience":1333654,"relics_obtained":[{"floor":7,"key":"Tiny Chest"},{"floor":9,"key":"Art of War"},{"floor":10,"key":"Oddly Smooth Stone"},{"floor":14,"key":"Girya"}],"event_choices":[{"damage_healed":0,"gold_gain":0,"player_choice":"Rummage","damage_taken":0,"relics_obtained":["WarpedTongs"],"max_hp_gain":0,"max_hp_loss":0,"event_name":"Accursed Blacksmith","floor":2,"gold_loss":0,"cards_obtained":["Pain"]}],"is_beta":false,"boss_relics":[],"items_purged_floors":[8],"is_endless":false,"potions_floor_spawned":[4,5,11,12],"killed_by":"Hexaghost","ascension_level":20}