{"gold_per_floor":[111,67,82,94,106,106,164,164,164,164,164,164,196,206,206,278,278,293,310,329,27,27,60,60,73,97,97,97,128,128,140,140,214,214,227,241,341,29,42,42,61,61,61,61,76,76],"floor_reached":46,"playtime":1864,"items_purged":["Strike_G","Strike_G"],"score":1020,"play_id":"ede07bb2-cd07-4754-bb4f-1b08906e9d6f","local_time":"20190816150138","is_ascension_mode":true,"campfire_choices":[{"data":"Catalyst","floor":6.0,"key":"SMITH"},{"floor":8.0,"key":"REST"},{"data":"Bouncing Flask","floor":12.0,"key":"SMITH"},{"data":"Catalyst","floor":15.0,"key":"SMITH"},{"floor":24.0,"key":"REST"},{"floor":27.0,"key":"REST"},{"floor":32.0,"key":"REST"},{"floor":40.0,"key":"REST"},{"floor":44,"key":"REST"}],"neow_cost":"NONE","seed_source_timestamp":2009454692199661,"circlet_count":0,"master_deck":["AscendersBane","Strike_G+1","Defend_G","Defend_G","Defend_G","Defend_G","Defend_G","Survivor","Neutralize+1","Bouncing Flask+1","Catalyst+1","Deflect","Sucker Punch+1","PiercingWail","Dagger Spray","PiercingWail","Catalyst+1","Corpse Explosion","Poisoned Stab+1","Bane","Deadly Poison+1","The Bomb","Blur","RitualDagger","Crippling Poison","Distraction+1","Well Laid Plans+1","Footwork","Catalyst","Bane","A Thousand Cuts","Distraction","Riddle With Holes+1","All Out Attack","Tools of the Trade","Flechettes","Dodge and Roll","Deadly Poison","Bullet Time","Deadly Poison+1","Deflect","Catalyst","Bouncing Flask","Outmaneuver+1","Blur","Noxious Fumes+1"],"special_seed":0,"relics":["Ring of the Serpent","NeowsBlessing","Pear","Matryoshka","Dream Catcher","Whetstone","Potion Belt","Art of War","Happy Flower","Orrery","Incense Burner","TwistedFunnel","Molten Egg 2","Meat on the Bone"],"potions_floor_usage":[],"damage_taken":[{"damage":0.0,"enemies":"Cultist","floor":1.0,"turns":1.0},{"damage":0.0,"enemies":"Small Slimes","floor":3.0,"turns":1.0},{"damage":0.0,"enemies":"2 Louse","floor":4.0,"turns":1.0},{"damage":3.0,"enemies":"Looter","floor":5.0,"turns":4.0},{"damage":45.0,"enemies":"3 Sentries","floor":7.0,"turns":11.0},{"damage":6.0,"enemies":"Lagavulin","floor":13.0,"turns":3.0},{"damage":0.0,"enemies":"2 Fungi Beasts","floor":14.0,"turns":5.0},{"damage":23.0,"enemies":"Slime Boss","floor":16.0,"turns":9.0},{"damage":15.0,"enemies":"Shell Parasite","floor":18.0,"turns":2.0},{"damage":0.0,"enemies":"Chosen","floor":19.0,"turns":4.0},{"damage":33.0,"enemies":"Snake Plant","floor":20.0,"turns":4.0},{"damage":3.0,"enemies":"Gremlin Leader","floor":23.0,"turns":4.0},{"damage":7.0,"enemies":"3 Cultists","floor":25.0,"turns":3.0},{"damage":20.0,"enemies":"Book of Stabbing","floor":29.0,"turns":5.0},{"damage":20.0,"enemies":"Sentry and Sphere","floor":31.0,"turns":5.0},{"damage":20.0,"enemies":"Champ","floor":33.0,"turns":7.0},{"damage":35.0,"enemies":"3 Darklings","floor":35.0,"turns":3.0},{"damage":20.0,"enemies":"Orb Walker","floor":36.0,"turns":4.0},{"damage":0.0,"enemies":"Mind Bloom Boss Battle","floor":37.0,"turns":4.0},{"damage":0.0,"enemies":"Maw","floor":39.0,"turns":4.0},{"damage":25.0,"enemies":"3 Darklings","floor":41.0,"turns":2.0},{"damage":7,"enemies":"Transient","floor":45,"turns":6},{"damage":66,"enemies":"Giant Head","floor":46,"turns":5}],"seed_played":"3283956721491491861","potions_obtained":[{"floor":4.0,"key":"LiquidBronze"},{"floor":14.0,"key":"EssenceOfSteel"},{"floor":16.0,"key":"FearPotion"},{"floor":20.0,"key":"Weak Potion"},{"floor":23.0,"key":"EssenceOfSteel"},{"floor":29.0,"key":"Ancient Potion"},{"floor":31.0,"key":"Regen Potion"},{"floor":36.0,"key":"LiquidBronze"},{"floor":39.0,"key":"LiquidBronze"}],"is_trial":false,"path_per_floor":["M","$","M","M","M","R","?","R","T","?","?","R","E","M","R","B",null,"M","M","M","$","?","E","R","M","T","R","?","E","?","M","R","B",null,"M","M","?","$","M","R","M","?","T","R","M","E"],"character_chosen":"THE_SILENT","items_purchased":["Catalyst","The Bomb","Blur","TwistedFunnel"],"campfire_rested":6,"item_purchase_floors":[2,21,21,38],"current_hp_per_floor":[59,59,59,59,56,56,21,43,43,20,45,45,39,39,39,16,61,46,46,13,13,7,4,26,19,19,41,41,21,21,1,23,3,58,23,3,3,3,17,39,14,14,14,35,40,0],"gold":76,"neow_bonus":"THREE_ENEMY_KILL","is_prod":false,"is_daily":false,"chose_seed":false,"campfire_upgraded":3,"win_rate":0,"timestamp":1565992898,"path_taken":["M","$","M","?","M","R","?","R","T","?","?","R","E","M","R","BOSS","M","M","M","$","?","E","R","M","T","R","?","E","?","M","R","BOSS","M","M","?","$","M","R","M","?","T","R","M","E"],"build_version":"2019-07-17","purchased_purges":2,"victory":false,"max_hp_per_floor":[66,66,66,66,66,66,76,76,76,76,76,76,76,76,76,76,76,76,76,76,76,76,76,76,76,76,76,76,76,76,76,76,76,76,76,76,76,76,76,76,76,72,72,72,72,72],"card_choices":[{"not_picked":["Prepared","Dagger Spray"],"picked":"Bouncing Flask","floor":1.0},{"not_picked":["Sucker Punch","Venomology"],"picked":"Deflect","floor":3.0},{"not_picked":["Acrobatics","Escape Plan"],"picked":"Sucker Punch","floor":4.0},{"not_picked":["Underhanded Strike","Deflect"],"picked":"PiercingWail","floor":5.0},{"not_picked":["Prepared","Poisoned Stab"],"picked":"Dagger Spray","floor":7.0},{"not_picked":["Outmaneuver","Masterful Stab"],"picked":"PiercingWail","floor":13.0},{"not_picked":["Prepared","Expertise"],"picked":"Catalyst","floor":14.0},{"not_picked":["Die Die Die","Adrenaline"],"picked":"Corpse Explosion","floor":16.0},{"not_picked":["Tactician","Finisher"],"picked":"Poisoned Stab","floor":18.0},{"not_picked":["Cloak And Dagger","Escape Plan"],"picked":"Bane","floor":19.0},{"not_picked":["Outmaneuver","Poisoned Stab"],"picked":"Deadly Poison+1","floor":20.0},{"not_picked":["All Out Attack+1","Choke+1"],"picked":"Crippling Poison","floor":23.0},{"not_picked":["Dodge and Roll+1","Masterful Stab"],"picked":"Distraction+1","floor":24.0},{"not_picked":["Acrobatics","Expertise"],"picked":"Well Laid Plans+1","floor":25.0},{"not_picked":["Dodge and Roll","PiercingWail"],"picked":"Footwork","floor":27.0},{"not_picked":["Reflex","Backflip"],"picked":"Bane","floor":29.0},{"not_picked":["Backflip","Tactician"],"picked":"Riddle With Holes+1","floor":31.0},{"not_picked":["Dagger Throw","Phantasmal Killer"],"picked":"All Out Attack","floor":32.0},{"not_picked":["Unload","Phantasmal Killer"],"picked":"Tools of the Trade","floor":33.0},{"not_picked":["Dagger Throw","Prepared"],"picked":"Flechettes","floor":34.0},{"not_picked":["Eviscerate","Reflex"],"picked":"Dodge and Roll","floor":34.0},{"not_picked":["Backflip","Tactician"],"picked":"Deadly Poison","floor":34.0},{"not_picked":["Deadly Poison","Slice"],"picked":"Bullet Time","floor":34.0},{"not_picked":["Concentrate","Setup"],"picked":"Deadly Poison+1","floor":35.0},{"not_picked":["Dagger Spray","Backflip"],"picked":"Deflect","floor":36.0},{"not_picked":["Quick Slash","Finisher+1"],"picked":"Catalyst","floor":39.0},{"not_picked":["PiercingWail","Dagger Throw"],"picked":"Bouncing Flask","floor":40.0},{"not_picked":["Heel Hook+1","Distraction"],"picked":"Outmaneuver+1","floor":41.0},{"not_picked":["Bane+1","Blade Dance+1"],"picked":"Blur","floor":44},{"not_picked":["Dagger Throw+1","Outmaneuver"],"picked":"Noxious Fumes+1","floor":45}],"player_experience":765332,"relics_obtained":[{"floor":7.0,"key":"Pear"},{"floor":9.0,"key":"Matryoshka"},{"floor":13.0,"key":"Dream Catcher"},{"floor":23.0,"key":"Whetstone"},{"floor":26.0,"key":"Potion Belt"},{"floor":26.0,"key":"Art of War"},{"floor":29.0,"key":"Happy Flower"},{"floor":37.0,"key":"Incense Burner"},{"floor":43.0,"key":"Molten Egg 2"},{"floor":43.0,"key":"Meat on the Bone"}],"event_choices":[{"damage_healed":0.0,"max_hp_gain":0.0,"max_hp_loss":0.0,"gold_gain":30.0,"event_name":"Dead Adventurer","player_choice":"Searched \u00272\u0027 times","floor":7.0,"gold_loss":0.0,"damage_taken":0.0},{"damage_healed":0.0,"max_hp_gain":0.0,"max_hp_loss":0.0,"gold_gain":0.0,"event_name":"Shining Light","player_choice":"Entered Light","floor":10.0,"gold_loss":0.0,"damage_taken":23.0,"cards_upgraded":["Strike_G","Sucker Punch"]},{"damage_healed":25.0,"max_hp_gain":0.0,"max_hp_loss":0.0,"gold_gain":0.0,"event_name":"Big Fish","player_choice":"Banana","floor":11.0,"gold_loss":0.0,"damage_taken":0.0},{"damage_healed":0.0,"max_hp_gain":0.0,"max_hp_loss":0.0,"gold_gain":0.0,"event_name":"Nest","player_choice":"Joined the Cult","floor":22.0,"gold_loss":0.0,"damage_taken":6.0,"cards_obtained":["RitualDagger"]},{"damage_healed":0.0,"max_hp_gain":0.0,"max_hp_loss":0.0,"gold_gain":0.0,"event_name":"The Library","player_choice":"Read","floor":28.0,"gold_loss":0.0,"damage_taken":0.0,"cards_obtained":["Catalyst"]},{"damage_healed":0.0,"max_hp_gain":0.0,"max_hp_loss":0.0,"gold_gain":0.0,"cards_transformed":["Strike_G","Strike_G"],"event_name":"Drug Dealer","player_choice":"Became Test Subject","floor":30.0,"gold_loss":0.0,"damage_taken":0.0,"cards_obtained":["A Thousand Cuts","Distraction"]},{"damage_healed":0.0,"max_hp_gain":0.0,"max_hp_loss":0.0,"gold_gain":0.0,"event_name":"MindBloom","player_choice":"Fight","floor":37.0,"gold_loss":0.0,"damage_taken":0.0},{"damage_healed":0.0,"max_hp_gain":0.0,"max_hp_loss":4.0,"gold_gain":0.0,"event_name":"Winding Halls","player_choice":"Max HP","floor":42.0,"gold_loss":0.0,"damage_taken":0.0}],"is_beta":false,"boss_relics":[{"not_picked":["Calling Bell","Snecko Eye"],"picked":"Ring of the Serpent"},{"not_picked":["Runic Pyramid","WristBlade"],"picked":"Orrery"}],"items_purged_floors":[21,38],"is_endless":false,"potions_floor_spawned":[4,14,16,20,23,29,31,36,37,39],"killed_by":"Giant Head","ascension_level":20}