{"gold_per_floor":[109,26,44,59,69,69,85,85,110,142,142,142,26,26,26,102,102,117,117,117,42,42,42,42],"floor_reached":24,"playtime":707,"items_purged":[],"score":434,"play_id":"da644df6-ba4a-481f-a381-6876d725ff84","local_time":"20190812091859","is_ascension_mode":true,"campfire_choices":[{"data":"Bouncing Flask","floor":6,"key":"SMITH"},{"data":"Catalyst","floor":8,"key":"SMITH"},{"data":"Adrenaline","floor":11,"key":"SMITH"},{"data":"Infinite Blades","floor":15,"key":"SMITH"},{"floor":23,"key":"REST"}],"neow_cost":"NONE","seed_source_timestamp":1644646712889905,"circlet_count":0,"master_deck":["AscendersBane","Strike_G","Strike_G","Strike_G","Defend_G","Defend_G","Defend_G","Defend_G","Defend_G","Survivor","Neutralize","Blade Dance","Leg Sweep","Sucker Punch","Dodge and Roll","Bouncing Flask+1","Catalyst+1","Adrenaline+1","Blur","Infinite Blades+1","Phantasmal Killer","Flechettes+1","RitualDagger"],"special_seed":0,"relics":["Ring of the Snake","NeowsBlessing","Vajra","Pen Nib","WristBlade","Smiling Mask","Enchiridion"],"potions_floor_usage":[5,5,10,10],"damage_taken":[{"damage":0.0,"enemies":"Cultist","floor":1.0,"turns":1.0},{"damage":0.0,"enemies":"Small Slimes","floor":3.0,"turns":1.0},{"damage":0.0,"enemies":"2 Louse","floor":4.0,"turns":1.0},{"damage":4,"enemies":"Exordium Thugs","floor":5,"turns":5},{"damage":0,"enemies":"Looter","floor":7,"turns":4},{"damage":0,"enemies":"Gremlin Nob","floor":10,"turns":3},{"damage":24,"enemies":"The Guardian","floor":16,"turns":9},{"damage":22,"enemies":"Shell Parasite","floor":18,"turns":4},{"damage":35,"enemies":"Book of Stabbing","floor":24,"turns":4}],"seed_played":"2642128201980614355","potions_obtained":[{"floor":3.0,"key":"SteroidPotion"},{"floor":4.0,"key":"SkillPotion"},{"floor":5,"key":"AttackPotion"},{"floor":7,"key":"Block Potion"}],"is_trial":false,"path_per_floor":["M","$","M","M","M","R","M","R","T","E","R","?","$","?","R","B",null,"M","?","T","?","?","R","E"],"character_chosen":"THE_SILENT","items_purchased":["Leg Sweep","Blur","Infinite Blades"],"campfire_rested":1,"item_purchase_floors":[2,13,13],"current_hp_per_floor":[59,59,59,59,55,55,55,55,55,55,55,60,60,53,53,29,61,39,33,33,33,12,33,0],"gold":42,"neow_bonus":"THREE_ENEMY_KILL","is_prod":false,"is_daily":false,"chose_seed":false,"campfire_upgraded":4,"win_rate":0,"timestamp":1565626739,"path_taken":["M","$","M","?","M","R","M","R","T","E","R","?","$","?","R","BOSS","M","?","?","?","?","R","E"],"build_version":"2019-07-17","purchased_purges":0,"victory":false,"max_hp_per_floor":[66,66,66,66,66,66,66,66,66,66,66,71,71,71,71,71,71,71,71,71,71,71,71,71],"card_choices":[{"not_picked":["Dash","Dodge and Roll"],"picked":"Blade Dance","floor":1.0},{"not_picked":["Slice","Quick Slash"],"picked":"Sucker Punch","floor":3.0},{"not_picked":["Masterful Stab","Sucker Punch"],"picked":"Dodge and Roll","floor":4.0},{"not_picked":["Riddle With Holes","Tactician"],"picked":"Bouncing Flask","floor":5},{"not_picked":["Dagger Throw","All Out Attack"],"picked":"Catalyst","floor":7},{"not_picked":["Backstab","Underhanded Strike"],"picked":"Adrenaline","floor":10},{"not_picked":["Doppelganger","Grand Finale"],"picked":"Phantasmal Killer","floor":16},{"not_picked":["Acrobatics","Distraction"],"picked":"Flechettes+1","floor":18}],"player_experience":677968,"relics_obtained":[{"floor":9,"key":"Vajra"},{"floor":10,"key":"Pen Nib"},{"floor":20,"key":"Smiling Mask"},{"floor":22,"key":"Enchiridion"}],"event_choices":[{"damage_healed":0,"gold_gain":0,"player_choice":"Donut","damage_taken":0,"max_hp_gain":5,"max_hp_loss":0,"event_name":"Big Fish","floor":12,"gold_loss":0},{"cards_removed":["Strike_G"],"damage_healed":0,"gold_gain":0,"player_choice":"Card Removal","damage_taken":7,"max_hp_gain":0,"max_hp_loss":0,"event_name":"Golden Wing","floor":14,"gold_loss":0},{"damage_healed":0,"gold_gain":0,"player_choice":"Joined the Cult","damage_taken":6,"max_hp_gain":0,"max_hp_loss":0,"event_name":"Nest","floor":19,"gold_loss":0,"cards_obtained":["RitualDagger"]},{"cards_removed":["Strike_G"],"damage_healed":0,"gold_gain":0,"player_choice":"Gave Gold","damage_taken":0,"max_hp_gain":0,"max_hp_loss":0,"event_name":"Beggar","floor":21,"gold_loss":75},{"damage_healed":0,"gold_gain":0,"player_choice":"Obtained Book","damage_taken":21,"max_hp_gain":0,"max_hp_loss":0,"event_name":"Cursed Tome","floor":22,"gold_loss":0}],"is_beta":false,"boss_relics":[{"not_picked":["Orrery","White Beast Statue"],"picked":"WristBlade"}],"items_purged_floors":[],"is_endless":false,"potions_floor_spawned":[3,4,5,7],"killed_by":"Book of Stabbing","ascension_level":20}