{"gold_per_floor":[116,266,8,19,19,19,33,33,33,48,48,66,84,110,110,110],"floor_reached":16,"playtime":1107,"items_purged":["Doubt"],"score":204,"play_id":"a3e937a8-8e92-4b55-a398-69e521601eb9","local_time":"20190815125130","is_ascension_mode":true,"campfire_choices":[{"data":"Cloak And Dagger","floor":6.0,"key":"SMITH"},{"data":"Well Laid Plans","floor":8.0,"key":"SMITH"},{"floor":15,"key":"REST"}],"neow_cost":"PERCENT_DAMAGE","seed_source_timestamp":1916136615904998,"circlet_count":0,"master_deck":["AscendersBane","Strike_G","Strike_G","Strike_G","Strike_G","Strike_G","Defend_G","Defend_G","Defend_G","Defend_G","Defend_G","Survivor","Neutralize","Dodge and Roll","Deflect","Cloak And Dagger+1","Well Laid Plans+1","Blur","Adrenaline","Noxious Fumes","Cloak And Dagger"],"special_seed":0,"relics":["Ring of the Snake","Ice Cream","Snake Skull","GremlinMask","Darkstone Periapt","Pear"],"potions_floor_usage":[14,14,16],"damage_taken":[{"damage":0.0,"enemies":"Jaw Worm","floor":1.0,"turns":6.0},{"damage":7.0,"enemies":"Cultist","floor":4.0,"turns":5.0},{"damage":0.0,"enemies":"2 Louse","floor":7.0,"turns":4.0},{"damage":3.0,"enemies":"Exordium Wildlife","floor":10.0,"turns":5.0},{"damage":3.0,"enemies":"3 Louse","floor":12.0,"turns":6.0},{"damage":0.0,"enemies":"2 Fungi Beasts","floor":13.0,"turns":5.0},{"damage":20,"enemies":"Lagavulin","floor":14,"turns":6},{"damage":48,"enemies":"Slime Boss","floor":16,"turns":12}],"seed_played":"-647303372975828207","potions_obtained":[{"floor":7.0,"key":"PowerPotion"},{"floor":12.0,"key":"LiquidBronze"},{"floor":14,"key":"Block Potion"}],"is_trial":false,"path_per_floor":["M","?","$","M","?","R","M","R","T","M","$","M","M","E","R","B"],"character_chosen":"THE_SILENT","items_purchased":["Snake Skull","Deflect"],"campfire_rested":1,"item_purchase_floors":[3,3],"current_hp_per_floor":[44,44,44,37,37,37,37,37,37,34,34,31,31,21,43,0],"gold":110,"neow_bonus":"ONE_RARE_RELIC","is_prod":false,"is_daily":false,"chose_seed":false,"campfire_upgraded":2,"win_rate":0,"timestamp":1565898690,"path_taken":["M","?","$","M","?","R","?","R","T","M","$","M","M","E","R","BOSS"],"build_version":"2019-07-17","purchased_purges":1,"victory":false,"max_hp_per_floor":[66,66,66,66,66,66,66,66,66,66,66,66,66,76,76,76],"card_choices":[{"not_picked":["Poisoned Stab","Quick Slash"],"picked":"Dodge and Roll","floor":1.0},{"not_picked":["Blade Dance","Prepared"],"picked":"Cloak And Dagger","floor":4.0},{"not_picked":["Concentrate","Quick Slash"],"picked":"Well Laid Plans","floor":7.0},{"not_picked":["Underhanded Strike","Bane"],"picked":"Blur","floor":10.0},{"not_picked":["Dagger Spray","Underhanded Strike"],"picked":"Adrenaline","floor":12.0},{"not_picked":["Concentrate","Reflex"],"picked":"Noxious Fumes","floor":13.0},{"not_picked":["Poisoned Stab","Deadly Poison"],"picked":"Cloak And Dagger","floor":14}],"player_experience":747577,"relics_obtained":[{"floor":9.0,"key":"Darkstone Periapt"},{"floor":14,"key":"Pear"}],"event_choices":[{"damage_healed":0.0,"max_hp_gain":0.0,"max_hp_loss":0.0,"gold_gain":150.0,"event_name":"Liars Game","player_choice":"AGREE","floor":2.0,"gold_loss":0.0,"damage_taken":0.0,"cards_obtained":["Doubt"]},{"damage_healed":0.0,"max_hp_gain":0.0,"max_hp_loss":0.0,"gold_gain":0.0,"event_name":"FaceTrader","player_choice":"Trade","floor":5.0,"gold_loss":0.0,"damage_taken":0.0,"relics_obtained":["GremlinMask"]}],"is_beta":false,"boss_relics":[],"items_purged_floors":[3],"is_endless":false,"potions_floor_spawned":[7,12,14],"killed_by":"Slime Boss","ascension_level":20}