{"gold_per_floor":[109,184,134,153,153,180,33,33],"floor_reached":8,"playtime":576,"items_purged":["Defend_G"],"score":62,"play_id":"70822d25-4bdd-43a8-a083-7dbe671438a2","local_time":"20190709144219","is_ascension_mode":true,"campfire_choices":[],"neow_cost":"NONE","seed_source_timestamp":619626172569906,"circlet_count":0,"master_deck":["Strike_G","Strike_G","Strike_G","Strike_G","Defend_G","Defend_G","Defend_G","Survivor","Neutralize","Underhanded Strike","Tactician","Calculated Gamble","Prepared","Prepared","Backflip"],"relics":["Ring of the Snake","Meat on the Bone"],"potions_floor_usage":[6],"damage_taken":[{"damage":0,"enemies":"2 Louse","floor":1,"turns":3},{"damage":0,"enemies":"Cultist","floor":4,"turns":3},{"damage":32,"enemies":"3 Sentries","floor":6,"turns":8},{"damage":35,"enemies":"Lagavulin","floor":8,"turns":8}],"seed_played":"3687041260684170019","potions_obtained":[{"floor":4,"key":"PowerPotion"},{"floor":6,"key":"LiquidBronze"}],"is_trial":false,"path_per_floor":["M","?","?","M","?","E","$","E"],"character_chosen":"THE_SILENT","items_purchased":["Prepared","Backflip"],"campfire_rested":0,"item_purchase_floors":[7,7],"current_hp_per_floor":[77,66,66,66,66,34,34,0],"gold":33,"neow_bonus":"TEN_PERCENT_HP_BONUS","is_prod":false,"is_daily":false,"chose_seed":false,"campfire_upgraded":0,"win_rate":0,"timestamp":1562708539,"path_taken":["M","?","?","M","?","E","$","E"],"build_version":"2019-07-05","purchased_purges":1,"victory":false,"max_hp_per_floor":[77,77,77,77,77,77,77,77],"card_choices":[{"not_picked":["Blade Dance","All Out Attack"],"picked":"Underhanded Strike","floor":1},{"not_picked":["Heel Hook","Accuracy"],"picked":"Tactician","floor":4},{"not_picked":["Outmaneuver","Slice"],"picked":"Prepared","floor":6}],"player_experience":171028,"relics_obtained":[{"floor":6,"key":"Meat on the Bone"}],"event_choices":[{"damage_healed":0,"gold_gain":75,"player_choice":"Gather Gold","damage_taken":11,"max_hp_gain":0,"max_hp_loss":0,"event_name":"World of Goop","floor":2,"gold_loss":0},{"cards_removed":["Strike_G"],"damage_healed":0,"gold_gain":0,"player_choice":"Card Removal","damage_taken":0,"max_hp_gain":0,"max_hp_loss":0,"event_name":"The Cleric","floor":3,"gold_loss":50},{"damage_healed":0,"gold_gain":0,"cards_transformed":["Defend_G"],"player_choice":"Transformed","damage_taken":0,"max_hp_gain":0,"max_hp_loss":0,"event_name":"Transmorgrifier","floor":5,"gold_loss":0,"cards_obtained":["Calculated Gamble"]}],"is_beta":false,"boss_relics":[],"items_purged_floors":[7],"is_endless":false,"potions_floor_spawned":[4,6],"killed_by":"Lagavulin","ascension_level":3}