{"gold_per_floor":[110,110,120,135,8,42,42,57,57,57],"floor_reached":10,"playtime":538,"items_purged":[],"score":136,"play_id":"6cc483f5-d8f8-4d62-a14d-230f0725ca5e","local_time":"20190812090504","is_ascension_mode":true,"campfire_choices":[{"floor":7.0,"key":"REST"}],"neow_cost":"TEN_PERCENT_HP_LOSS","seed_source_timestamp":1643664346856778,"circlet_count":0,"master_deck":["AscendersBane","Strike_G","Strike_G","Strike_G","Defend_G","Defend_G","Defend_G","Defend_G","Defend_G","Survivor","Neutralize","Skewer","Reflex","Underhanded Strike","Acrobatics","Outmaneuver","Footwork","Blur","Tactician","Sucker Punch"],"special_seed":0,"relics":["Ring of the Snake","Strawberry","Kunai","PreservedInsect"],"potions_floor_usage":[],"damage_taken":[{"damage":0.0,"enemies":"Jaw Worm","floor":1.0,"turns":7.0},{"damage":0.0,"enemies":"2 Louse","floor":3.0,"turns":3.0},{"damage":1.0,"enemies":"Cultist","floor":4.0,"turns":3.0},{"damage":31.0,"enemies":"3 Sentries","floor":6.0,"turns":11.0},{"damage":3.0,"enemies":"Blue Slaver","floor":8.0,"turns":4.0},{"damage":59,"enemies":"Lagavulin","floor":10,"turns":8}],"seed_played":"-5154688205435682891","potions_obtained":[{"floor":4.0,"key":"PowerPotion"}],"is_trial":false,"path_per_floor":["M","?","M","M","$","E","R","M","T","E"],"character_chosen":"THE_SILENT","items_purchased":["Footwork","Blur"],"campfire_rested":1,"item_purchase_floors":[5,5],"current_hp_per_floor":[59,55,55,54,54,23,43,40,40,0],"gold":57,"neow_bonus":"TRANSFORM_TWO_CARDS","is_prod":false,"is_daily":false,"chose_seed":false,"campfire_upgraded":0,"win_rate":0,"timestamp":1565625904,"path_taken":["M","?","M","M","$","E","R","M","T","E"],"build_version":"2019-07-17","purchased_purges":0,"victory":false,"max_hp_per_floor":[60,67,67,67,67,67,67,67,67,67],"card_choices":[{"not_picked":["Poisoned Stab","Reflex"],"picked":"Underhanded Strike","floor":1.0},{"not_picked":["Crippling Poison","Sucker Punch"],"picked":"Acrobatics","floor":3.0},{"not_picked":["Unload","Catalyst"],"picked":"Outmaneuver","floor":4.0},{"not_picked":["Quick Slash","Concentrate"],"picked":"Tactician","floor":6.0},{"not_picked":["Slice","Dodge and Roll"],"picked":"Sucker Punch","floor":8.0}],"player_experience":677430,"relics_obtained":[{"floor":6.0,"key":"Kunai"},{"floor":9.0,"key":"PreservedInsect"}],"event_choices":[{"damage_healed":0.0,"max_hp_gain":0.0,"max_hp_loss":0.0,"gold_gain":0.0,"event_name":"Scrap Ooze","player_choice":"Success","floor":2.0,"gold_loss":0.0,"damage_taken":11.0,"relics_obtained":["Strawberry"]}],"is_beta":false,"boss_relics":[],"items_purged_floors":[],"is_endless":false,"potions_floor_spawned":[4],"killed_by":"Lagavulin","ascension_level":20}