{"gold_per_floor":[113,126,47,12,32,63,63,63,132,132,143,64,64,89,89,192,192,204,12,23,23,23,23],"floor_reached":23,"playtime":1212,"items_purged":[],"score":315,"play_id":"836f0726-2ec3-4b99-b949-c445382deb53","local_time":"20190726111845","is_ascension_mode":true,"campfire_choices":[{"data":"Outmaneuver","floor":7.0,"key":"SMITH"},{"data":"Footwork","floor":10.0,"key":"SMITH"},{"data":"Noxious Fumes","floor":13.0,"key":"SMITH"},{"floor":15.0,"key":"REST"}],"neow_cost":"NONE","seed_source_timestamp":182457766105505,"circlet_count":0,"master_deck":["AscendersBane","Strike_G","Strike_G","Strike_G","Strike_G","Strike_G","Defend_G","Defend_G","Defend_G","Defend_G+1","Defend_G","Survivor+1","Neutralize","Footwork","Flying Knee","Footwork","Footwork+1","Outmaneuver+1","Noxious Fumes+1","Well Laid Plans","Adrenaline","Corpse Explosion","Acrobatics","The Bomb","Acrobatics","Caltrops"],"special_seed":0,"relics":["Ring of the Serpent","NeowsBlessing","War Paint","Dodecahedron","Omamori"],"potions_floor_usage":[23],"damage_taken":[{"damage":0.0,"enemies":"2 Louse","floor":1.0,"turns":1.0},{"damage":0.0,"enemies":"Jaw Worm","floor":2.0,"turns":1.0},{"damage":0.0,"enemies":"Small Slimes","floor":5.0,"turns":1.0},{"damage":19.0,"enemies":"3 Sentries","floor":6.0,"turns":16.0},{"damage":2.0,"enemies":"Exordium Wildlife","floor":11.0,"turns":9.0},{"damage":48.0,"enemies":"Gremlin Nob","floor":14.0,"turns":7.0},{"damage":16.0,"enemies":"The Guardian","floor":16.0,"turns":13.0},{"damage":10.0,"enemies":"3 Byrds","floor":18.0,"turns":3.0},{"damage":2.0,"enemies":"Chosen","floor":20.0,"turns":5.0},{"damage":44,"enemies":"Gremlin Leader","floor":23,"turns":2}],"seed_played":"-3456425882556780852","potions_obtained":[{"floor":5.0,"key":"FearPotion"},{"floor":6.0,"key":"Fire Potion"},{"floor":16.0,"key":"LiquidBronze"},{"floor":20.0,"key":"EssenceOfSteel"}],"is_trial":false,"path_per_floor":["M","M","$","?","M","E","R","?","T","R","M","$","R","E","R","B",null,"M","$","M","?","?","E"],"character_chosen":"THE_SILENT","items_purchased":["Footwork","Well Laid Plans","The Bomb"],"campfire_rested":1,"item_purchase_floors":[3,12,19],"current_hp_per_floor":[63,63,63,70,70,51,51,51,51,51,49,49,49,1,22,6,54,44,44,42,42,42,0],"gold":23,"neow_bonus":"THREE_ENEMY_KILL","is_prod":false,"is_daily":false,"chose_seed":false,"campfire_upgraded":3,"win_rate":0,"timestamp":1564165125,"path_taken":["M","M","$","?","M","E","R","?","T","R","M","?","R","E","R","BOSS","M","$","M","?","?","E"],"build_version":"2019-07-17","purchased_purges":0,"victory":false,"max_hp_per_floor":[70,70,70,70,70,70,70,70,70,70,70,70,70,70,70,70,70,70,70,70,70,70,70],"card_choices":[{"not_picked":["Blade Dance","Acrobatics"],"picked":"Footwork","floor":1.0},{"not_picked":["Quick Slash","Bane"],"picked":"Flying Knee","floor":2.0},{"not_picked":["Slice","Catalyst"],"picked":"Footwork","floor":5.0},{"not_picked":["Catalyst","Eviscerate"],"picked":"Outmaneuver","floor":6.0},{"not_picked":["Deflect","Cloak And Dagger"],"picked":"Noxious Fumes","floor":11.0},{"not_picked":["Phantasmal Killer","Poisoned Stab"],"picked":"Adrenaline","floor":14.0},{"not_picked":["Wraith Form v2","Bullet Time"],"picked":"Corpse Explosion","floor":16.0},{"not_picked":["Outmaneuver","Noxious Fumes"],"picked":"Acrobatics","floor":18.0},{"not_picked":["Riddle With Holes","Finisher+1"],"picked":"Acrobatics","floor":20.0}],"player_experience":502114,"relics_obtained":[{"floor":6.0,"key":"War Paint"},{"floor":9.0,"key":"Dodecahedron"},{"floor":14.0,"key":"Omamori"}],"event_choices":[{"damage_healed":17.0,"max_hp_gain":0.0,"max_hp_loss":0.0,"gold_gain":0.0,"event_name":"The Cleric","player_choice":"Healed","floor":4.0,"gold_loss":35.0,"damage_taken":0.0},{"damage_healed":0.0,"max_hp_gain":0.0,"max_hp_loss":0.0,"gold_gain":0.0,"event_name":"Liars Game","player_choice":"Ignored","floor":8.0,"gold_loss":0.0,"damage_taken":0.0},{"damage_healed":0.0,"max_hp_gain":0.0,"max_hp_loss":0.0,"gold_gain":0.0,"event_name":"The Library","player_choice":"Read","floor":21.0,"gold_loss":0.0,"damage_taken":0.0,"cards_obtained":["Caltrops"]}],"is_beta":false,"boss_relics":[{"not_picked":["Fusion Hammer","Cursed Key"],"picked":"Ring of the Serpent"}],"items_purged_floors":[],"is_endless":false,"potions_floor_spawned":[5,6,16,20],"killed_by":"Gremlin Leader","ascension_level":12}