{"gold_per_floor":[117,117,117,131,149,149,63,102,125,125],"floor_reached":10,"playtime":462,"items_purged":[],"score":132,"play_id":"34d0afe1-d782-40cf-8fbe-9c99b05dc890","local_time":"20190813105242","is_ascension_mode":true,"campfire_choices":[{"data":"Well Laid Plans","floor":6,"key":"SMITH"}],"neow_cost":"NONE","seed_source_timestamp":1737033185337783,"circlet_count":0,"master_deck":["AscendersBane","Strike_G","Strike_G","Strike_G","Strike_G","Strike_G","Defend_G","Defend_G","Defend_G","Defend_G","Defend_G","Survivor","Neutralize+1","Caltrops+1","Well Laid Plans+1","PiercingWail","Noxious Fumes","Blur"],"relics":["Ring of the Snake","Golden Idol","Art of War","Ancient Tea Set"],"potions_floor_usage":[8,8],"damage_taken":[{"damage":4,"enemies":"Small Slimes","floor":1,"turns":4},{"damage":0,"enemies":"2 Louse","floor":4,"turns":4},{"damage":1,"enemies":"Cultist","floor":5,"turns":5},{"damage":25,"enemies":"Gremlin Nob","floor":8,"turns":5},{"damage":30,"enemies":"Lagavulin","floor":10,"turns":8}],"seed_played":"-5065035999184979026","potions_obtained":[{"floor":1,"key":"GhostInAJar"},{"floor":4,"key":"SkillPotion"}],"is_trial":false,"path_per_floor":["M","?","?","M","M","R","$","E","T","E"],"character_chosen":"THE_SILENT","items_purchased":["Noxious Fumes"],"campfire_rested":0,"item_purchase_floors":[7],"current_hp_per_floor":[55,55,55,55,54,54,54,29,29,0],"gold":125,"neow_bonus":"UPGRADE_CARD","is_prod":false,"is_daily":false,"chose_seed":false,"campfire_upgraded":1,"win_rate":0,"timestamp":1565718762,"path_taken":["M","?","?","?","M","R","$","E","T","E"],"build_version":"2019-07-17","purchased_purges":0,"victory":false,"max_hp_per_floor":[66,60,60,60,60,60,60,60,60,60],"card_choices":[{"not_picked":["Acrobatics","Endless Agony"],"picked":"Caltrops","floor":1},{"not_picked":["Deadly Poison","Dagger Throw"],"picked":"Well Laid Plans","floor":4},{"not_picked":["Well Laid Plans","Accuracy"],"picked":"PiercingWail","floor":5},{"not_picked":["Finisher","Well Laid Plans"],"picked":"Blur","floor":8}],"player_experience":703334,"relics_obtained":[{"floor":8,"key":"Art of War"},{"floor":9,"key":"Ancient Tea Set"}],"event_choices":[{"damage_healed":0,"gold_gain":0,"player_choice":"Lose Max HP","damage_taken":0,"relics_obtained":["Golden Idol"],"max_hp_gain":0,"max_hp_loss":6,"event_name":"Golden Idol","floor":2,"gold_loss":0},{"damage_healed":0,"gold_gain":0,"player_choice":"Forge","damage_taken":0,"max_hp_gain":0,"max_hp_loss":0,"event_name":"Accursed Blacksmith","floor":3,"gold_loss":0,"cards_upgraded":["Caltrops"]}],"is_beta":false,"boss_relics":[],"items_purged_floors":[],"is_endless":false,"potions_floor_spawned":[1,4,5],"killed_by":"Lagavulin","ascension_level":20}