{"gold_per_floor":[117,132,132,144,161,161,190,190,190,258,15,15,32,32,32,130,130,142,154,167,167,179,179,207,207,231,44,20,31,31,42,42,42],"floor_reached":33,"playtime":2653,"items_purged":[],"score":292,"play_id":"1f4c7dcb-b8d8-499b-8699-588ae212a671","local_time":"20190628094300","is_ascension_mode":false,"campfire_choices":[{"floor":6,"key":"REST"},{"floor":8,"key":"REST"},{"floor":12,"key":"REST"},{"floor":15,"key":"REST"},{"floor":23,"key":"REST"},{"floor":25,"key":"REST"},{"floor":30,"key":"REST"},{"floor":32,"key":"REST"}],"neow_cost":"NONE","seed_source_timestamp":348105250405333,"circlet_count":0,"master_deck":["Defend_G","Defend_G","Defend_G","Defend_G","Defend_G","Strike_G","Strike_G","Strike_G","Strike_G","Strike_G","Survivor","Neutralize","Noxious Fumes","Poisoned Stab","Choke","Neutralize","Crippling Poison","Glass Knife","Masterful Stab","Prepared","Deadly Poison","Die Die Die","Apotheosis+1","Dash","Die Die Die","Quick Slash+1","Backstab","Escape Plan","Skewer","Outmaneuver+1","Dagger Throw","Leg Sweep","Finesse","Poisoned Stab","Dagger Throw","Quick Slash"],"relics":["Ring of the Snake","Boot","Letter Opener","Velvet Choker","Nunchaku","PreservedInsect"],"potions_floor_usage":[33,33,33],"damage_taken":[{"damage":1,"enemies":"2 Louse","floor":1,"turns":3},{"damage":1,"enemies":"Cultist","floor":2,"turns":4},{"damage":7,"enemies":"Small Slimes","floor":4,"turns":3},{"damage":7,"enemies":"Looter","floor":5,"turns":2},{"damage":46,"enemies":"Gremlin Nob","floor":7,"turns":5},{"damage":7,"enemies":"Blue Slaver","floor":13,"turns":2},{"damage":48,"enemies":"Hexaghost","floor":16,"turns":9},{"damage":4,"enemies":"2 Thieves","floor":18,"turns":4},{"damage":12,"enemies":"Shell Parasite","floor":19,"turns":4},{"damage":6,"enemies":"Centurion and Healer","floor":20,"turns":4},{"damage":8,"enemies":"Sentry and Sphere","floor":22,"turns":4},{"damage":24,"enemies":"Slavers","floor":24,"turns":5},{"damage":0,"enemies":"Snecko","floor":29,"turns":4},{"damage":11,"enemies":"Centurion and Healer","floor":31,"turns":3},{"damage":70,"enemies":"Automaton","floor":33,"turns":8}],"seed_played":"-7007485601118671035","potions_obtained":[{"floor":5,"key":"PowerPotion"},{"floor":13,"key":"Energy Potion"},{"floor":16,"key":"Strength Potion"},{"floor":31,"key":"Swift Potion"}],"is_trial":false,"path_per_floor":["M","M","?","M","M","R","E","R","T","?","$","R","M","?","R","B",null,"M","M","M","?","M","R","E","R","T","$","$","M","R","M","R","B"],"character_chosen":"THE_SILENT","items_purchased":["Die Die Die","Apotheosis","Dagger Throw","Leg Sweep","Finesse","Poisoned Stab"],"campfire_rested":8,"item_purchase_floors":[11,11,27,27,27,28],"current_hp_per_floor":[69,68,68,61,54,70,24,45,45,45,45,66,59,59,70,22,70,66,54,48,48,40,61,37,58,58,58,58,58,70,59,70,0],"gold":42,"neow_bonus":"THREE_CARDS","is_prod":false,"is_daily":false,"chose_seed":false,"campfire_upgraded":0,"win_rate":0.0,"timestamp":1561740180,"path_taken":["M","M","?","M","?","R","E","R","T","?","$","R","M","?","R","BOSS","M","M","M","?","?","R","E","R","T","?","$","M","R","M","R","BOSS"],"build_version":"2019-01-23","purchased_purges":0,"victory":false,"max_hp_per_floor":[70,70,70,70,70,70,70,70,70,70,70,70,70,70,70,70,70,70,70,70,70,70,70,70,70,70,70,70,70,70,70,70,70],"card_choices":[{"not_picked":["Deflect","Sucker Punch"],"picked":"Noxious Fumes","floor":0},{"not_picked":["Dagger Spray","Terror"],"picked":"Poisoned Stab","floor":1},{"not_picked":["Tactician","PiercingWail"],"picked":"Choke","floor":2},{"not_picked":["Distraction","Dodge and Roll"],"picked":"Masterful Stab","floor":4},{"not_picked":["Tactician","Terror"],"picked":"Prepared","floor":5},{"not_picked":["Dagger Throw","Terror"],"picked":"Deadly Poison","floor":7},{"not_picked":["Crippling Poison","Riddle With Holes"],"picked":"Dash","floor":13},{"not_picked":["Glass Knife","Tools of the Trade"],"picked":"Die Die Die","floor":16},{"not_picked":["Deflect","Acrobatics"],"picked":"Quick Slash+1","floor":18},{"not_picked":["Flying Knee","Slice"],"picked":"Backstab","floor":19},{"not_picked":["Choke","Dodge and Roll"],"picked":"Escape Plan","floor":20},{"not_picked":["Calculated Gamble","Crippling Poison"],"picked":"Skewer","floor":22},{"not_picked":["PiercingWail","Well Laid Plans"],"picked":"Outmaneuver+1","floor":24},{"not_picked":["Venomology","Acrobatics"],"picked":"Dagger Throw","floor":29},{"not_picked":["Backflip","Predator"],"picked":"Quick Slash","floor":31}],"player_experience":12446,"relics_obtained":[{"floor":7,"key":"Boot"},{"floor":9,"key":"Letter Opener"},{"floor":24,"key":"Nunchaku"},{"floor":26,"key":"PreservedInsect"}],"event_choices":[{"damage_healed":0,"gold_gain":0,"player_choice":"3 cards matched","damage_taken":0,"max_hp_gain":0,"max_hp_loss":0,"event_name":"Match and Keep!","floor":3,"gold_loss":0,"cards_obtained":["Neutralize","Crippling Poison","Glass Knife"]},{"damage_healed":0,"gold_gain":68,"player_choice":"Gained Gold","damage_taken":0,"max_hp_gain":0,"max_hp_loss":0,"event_name":"Golden Wing","floor":10,"gold_loss":0},{"damage_healed":0,"gold_gain":0,"player_choice":"Ignored","damage_taken":0,"max_hp_gain":0,"max_hp_loss":0,"event_name":"Liars Game","floor":14,"gold_loss":0},{"damage_healed":0,"gold_gain":0,"player_choice":"Upgraded","damage_taken":0,"max_hp_gain":0,"max_hp_loss":0,"event_name":"Upgrade Shrine","floor":21,"gold_loss":0,"cards_upgraded":["Apotheosis"]}],"is_beta":false,"boss_relics":[{"not_picked":["Runic Dome","Eternal Feather"],"picked":"Velvet Choker"}],"items_purged_floors":[],"is_endless":false,"potions_floor_spawned":[5,13,16,18,31],"killed_by":"Automaton","ascension_level":0}