{"gold_per_floor":[114,114,33,33,44,71,71,71,71,129,144,4,14,25,25,130,130,145,145,145,145,145,145,172,127,204,214,214],"floor_reached":28,"playtime":2216,"items_purged":[],"score":284,"play_id":"d435f873-c304-4c5b-9547-263b941794ce","local_time":"20190627121858","is_ascension_mode":false,"campfire_choices":[{"floor":7,"key":"REST"},{"floor":15,"key":"REST"},{"floor":23,"key":"REST"}],"neow_cost":"NONE","seed_source_timestamp":271500959985380,"circlet_count":0,"master_deck":["Defend_G","Defend_G","Defend_G","Defend_G","Defend_G","Strike_G","Strike_G","Strike_G","Strike_G","Strike_G","Survivor","Neutralize","Terror","All Out Attack","Underhanded Strike","Poisoned Stab","Tactician","Quick Slash","Crippling Poison","Die Die Die","Slice","Poisoned Stab","Doppelganger","Injury","Injury","Normality","Choke+1","Dagger Spray+1","Dodge and Roll","Heel Hook+1"],"relics":["Ring of the Snake","Mercury Hourglass","Anchor","Tough Bandages","Darkstone Periapt","Calling Bell","Blood Vial","Gremlin Horn","StoneCalendar","Nilry\u0027s Codex","MutagenicStrength","Calipers","Bag of Marbles","Molten Egg 2"],"potions_floor_usage":[27,27],"damage_taken":[{"damage":3,"enemies":"Small Slimes","floor":1,"turns":3},{"damage":0,"enemies":"Jaw Worm","floor":5,"turns":2},{"damage":28,"enemies":"Gremlin Nob","floor":6,"turns":5},{"damage":17,"enemies":"Lagavulin Event","floor":10,"turns":6},{"damage":0,"enemies":"2 Louse","floor":11,"turns":1},{"damage":5,"enemies":"Looter","floor":13,"turns":3},{"damage":0,"enemies":"Large Slime","floor":14,"turns":3},{"damage":31,"enemies":"Hexaghost","floor":16,"turns":9},{"damage":18,"enemies":"3 Byrds","floor":18,"turns":4},{"damage":72,"enemies":"Book of Stabbing","floor":24,"turns":7},{"damage":4,"enemies":"Shell Parasite","floor":27,"turns":4},{"damage":11,"enemies":"Sentry and Sphere","floor":28,"turns":2}],"seed_played":"-4971399321711647834","potions_obtained":[{"floor":5,"key":"GhostInAJar"},{"floor":6,"key":"LiquidBronze"},{"floor":11,"key":"SteroidPotion"},{"floor":13,"key":"GhostInAJar"},{"floor":14,"key":"Poison Potion"},{"floor":24,"key":"Swift Potion"}],"is_trial":false,"path_per_floor":["M","?","$","?","M","E","R","?","T","?","M","$","M","M","R","B",null,"M","?","?","?","?","R","E","$","T","M","M"],"character_chosen":"THE_SILENT","items_purchased":["All Out Attack","Crippling Poison","Die Die Die","Dodge and Roll"],"campfire_rested":3,"item_purchase_floors":[3,12,12,25],"current_hp_per_floor":[74,74,74,62,62,34,57,62,62,45,45,45,40,40,64,33,100,82,66,66,46,46,77,7,7,7,5,0],"gold":214,"neow_bonus":"TEN_PERCENT_HP_BONUS","is_prod":false,"is_daily":false,"chose_seed":false,"campfire_upgraded":0,"win_rate":0.0,"timestamp":1561663138,"path_taken":["M","?","?","?","M","E","R","?","T","?","?","$","M","M","R","BOSS","M","?","?","?","?","R","E","?","T","M","M"],"build_version":"2019-01-23","purchased_purges":0,"victory":false,"max_hp_per_floor":[77,77,77,77,77,77,77,82,82,82,82,82,82,82,82,82,100,100,100,100,105,105,105,105,105,105,105,105],"card_choices":[{"not_picked":["Slice","Sucker Punch"],"picked":"Terror","floor":1},{"not_picked":["Backflip","Dagger Spray"],"picked":"Underhanded Strike","floor":5},{"not_picked":["Deflect","Finisher"],"picked":"Poisoned Stab","floor":6},{"not_picked":["Backflip","Sucker Punch"],"picked":"Tactician","floor":10},{"not_picked":["Expertise","Backflip"],"picked":"Quick Slash","floor":11},{"not_picked":["Escape Plan","Masterful Stab"],"picked":"Slice","floor":13},{"not_picked":["Infinite Blades","Bouncing Flask"],"picked":"Poisoned Stab","floor":14},{"not_picked":["A Thousand Cuts","Burst"],"picked":"Doppelganger","floor":16},{"not_picked":["Escape Plan+1","Sucker Punch"],"picked":"Choke+1","floor":18},{"not_picked":["Footwork","Sucker Punch"],"picked":"Dagger Spray+1","floor":24},{"not_picked":["Blade Dance","Endless Agony+1"],"picked":"Heel Hook+1","floor":27}],"player_experience":3154,"relics_obtained":[{"floor":6,"key":"Anchor"},{"floor":9,"key":"Tough Bandages"},{"floor":17,"key":"Blood Vial"},{"floor":17,"key":"Gremlin Horn"},{"floor":17,"key":"StoneCalendar"},{"floor":19,"key":"Nilry\u0027s Codex"},{"floor":24,"key":"Bag of Marbles"},{"floor":26,"key":"Molten Egg 2"}],"event_choices":[{"damage_healed":0,"gold_gain":0,"player_choice":"Leave","damage_taken":0,"max_hp_gain":0,"max_hp_loss":0,"event_name":"The Cleric","floor":2,"gold_loss":0},{"damage_healed":0,"gold_gain":0,"player_choice":"Success","damage_taken":12,"relics_obtained":["Mercury Hourglass"],"max_hp_gain":0,"max_hp_loss":0,"event_name":"Scrap Ooze","floor":4,"gold_loss":0},{"damage_healed":0,"gold_gain":0,"player_choice":"Donut","damage_taken":0,"max_hp_gain":5,"max_hp_loss":0,"event_name":"Big Fish","floor":8,"gold_loss":0},{"damage_healed":0,"gold_gain":0,"player_choice":"Searched \u00273\u0027 times","damage_taken":0,"relics_obtained":["Darkstone Periapt"],"max_hp_gain":0,"max_hp_loss":0,"event_name":"Dead Adventurer","floor":10,"gold_loss":0},{"damage_healed":0,"gold_gain":0,"player_choice":"Obtained Book","damage_taken":16,"max_hp_gain":0,"max_hp_loss":0,"event_name":"Cursed Tome","floor":19,"gold_loss":0},{"damage_healed":0,"gold_gain":0,"player_choice":"Inject Mutagens","damage_taken":0,"relics_obtained":["MutagenicStrength"],"max_hp_gain":0,"max_hp_loss":0,"event_name":"Drug Dealer","floor":20,"gold_loss":0},{"damage_healed":0,"gold_gain":0,"player_choice":"Shed Blood","damage_taken":25,"max_hp_gain":5,"max_hp_loss":0,"event_name":"Forgotten Altar","floor":21,"gold_loss":0},{"damage_healed":0,"gold_gain":0,"player_choice":"Opened","damage_taken":0,"relics_obtained":["Calipers"],"max_hp_gain":0,"max_hp_loss":0,"event_name":"The Mausoleum","floor":22,"gold_loss":0}],"is_beta":false,"boss_relics":[{"not_picked":["Black Star","Ring of the Serpent"],"picked":"Calling Bell"}],"items_purged_floors":[],"is_endless":false,"potions_floor_spawned":[5,6,11,13,14,24],"killed_by":"Sentry and Sphere","ascension_level":0}