{"gold_per_floor":[111,111,111,8,8,8,24,59,130,148,168,168,168,198,198,270,270,289,35,52,69,69,69,11,31,31,31,3,38,38,58,58,58],"floor_reached":33,"playtime":2296,"items_purged":["Strike_B","Strike_B"],"score":510,"play_id":"0f4a6c0d-7dce-4edb-9ca1-e6a9ba43b2a5","local_time":"20190820162333","is_ascension_mode":true,"campfire_choices":[{"data":"Streamline","floor":6,"key":"SMITH"},{"floor":13,"key":"REST"},{"data":"Genetic Algorithm","floor":15,"key":"SMITH"},{"floor":23,"key":"REST"},{"data":"Machine Learning","floor":27,"key":"SMITH"},{"data":"Static Discharge","floor":30,"key":"SMITH"},{"floor":32,"key":"REST"}],"neow_cost":"NONE","seed_source_timestamp":165812025255100,"circlet_count":0,"master_deck":["AscendersBane","Strike_B","Defend_B","Defend_B","Defend_B","Defend_B","Zap","Dualcast","Sweeping Beam","Machine Learning+1","Streamline+1","Go for the Eyes","Genetic Algorithm","Conserve Battery","Sweeping Beam","Genetic Algorithm+1","Reboot","Steam","Cold Snap","Jack Of All Trades","Go for the Eyes","Barrage+1","Genetic Algorithm+1","Cold Snap","Compile Driver","Static Discharge+1","Rebound"],"relics":["Lizard Tail","NlothsMask","Emotion Chip","Centennial Puzzle","Busted Crown","Pear"],"potions_floor_usage":[14,14,31,33],"damage_taken":[{"damage":4,"enemies":"2 Louse","floor":1,"turns":3},{"damage":0,"enemies":"Small Slimes","floor":7,"turns":2},{"damage":35,"enemies":"3 Sentries","floor":8,"turns":7},{"damage":0,"enemies":"Cultist","floor":10,"turns":3},{"damage":10,"enemies":"Looter","floor":11,"turns":3},{"damage":4,"enemies":"Gremlin Nob","floor":14,"turns":3},{"damage":51,"enemies":"The Guardian","floor":16,"turns":13},{"damage":27,"enemies":"Shell Parasite","floor":18,"turns":7},{"damage":22,"enemies":"Spheric Guardian","floor":20,"turns":6},{"damage":0,"enemies":"Centurion and Healer","floor":21,"turns":8},{"damage":13,"enemies":"Snake Plant","floor":25,"turns":6},{"damage":13,"enemies":"3 Cultists","floor":29,"turns":6},{"damage":10,"enemies":"Snecko","floor":31,"turns":8},{"damage":28,"enemies":"Collector","floor":33,"turns":6}],"seed_played":"-7842974001610789614","potions_obtained":[{"floor":8,"key":"PowerPotion"},{"floor":10,"key":"SpeedPotion"},{"floor":11,"key":"Ancient Potion"},{"floor":12,"key":"Energy Potion"},{"floor":16,"key":"LiquidBronze"},{"floor":18,"key":"Strength Potion"},{"floor":20,"key":"FearPotion"},{"floor":29,"key":"EssenceOfSteel"}],"is_trial":false,"path_per_floor":["M","?","?","$","?","R","M","E","T","M","M","?","R","E","R","B",null,"M","$","M","M","?","R","$","M","T","R","$","M","R","M","R","B"],"character_chosen":"DEFECT","items_purchased":["Streamline","Cold Snap","Jack Of All Trades","Cold Snap","Compile Driver"],"campfire_rested":3,"item_purchase_floors":[4,19,19,24,28],"current_hp_per_floor":[60,60,60,60,60,60,60,25,25,25,15,15,36,32,32,17,58,31,31,9,9,9,30,30,17,27,27,27,14,14,4,28,0],"gold":58,"neow_bonus":"BOSS_RELIC","is_prod":false,"is_daily":false,"chose_seed":false,"campfire_upgraded":4,"win_rate":0,"timestamp":1566311013,"path_taken":["M","?","?","$","?","R","?","E","T","M","M","?","R","E","R","BOSS","M","$","M","M","?","R","?","?","T","R","$","M","R","M","R","BOSS"],"build_version":"2019-07-17","purchased_purges":2,"victory":false,"max_hp_per_floor":[71,71,71,71,71,71,71,71,71,71,71,71,71,71,71,71,71,71,71,71,71,71,71,71,71,81,81,81,81,81,81,81,81],"card_choices":[{"not_picked":["Barrage","Chaos"],"picked":"Sweeping Beam","floor":1},{"not_picked":["BootSequence","Heatsinks"],"picked":"Go for the Eyes","floor":7},{"not_picked":["Capacitor","Hologram"],"picked":"Genetic Algorithm","floor":8},{"not_picked":["Rip and Tear","Blizzard"],"picked":"Conserve Battery","floor":10},{"not_picked":["Loop","Undo"],"picked":"Sweeping Beam","floor":11},{"not_picked":["Hello World","Compile Driver"],"picked":"Genetic Algorithm","floor":14},{"not_picked":["Seek","Biased Cognition"],"picked":"Reboot","floor":16},{"not_picked":[],"picked":"Steam","floor":18},{"not_picked":[],"picked":"Go for the Eyes","floor":20},{"not_picked":[],"picked":"Barrage+1","floor":21},{"not_picked":["Streamline"],"picked":"SKIP","floor":25},{"not_picked":[],"picked":"Static Discharge","floor":29},{"not_picked":[],"picked":"Rebound","floor":31}],"player_experience":1554878,"relics_obtained":[{"floor":8,"key":"Emotion Chip"},{"floor":14,"key":"Centennial Puzzle"},{"floor":26,"key":"Pear"}],"event_choices":[{"damage_healed":0,"gold_gain":0,"player_choice":"Leave","damage_taken":0,"max_hp_gain":0,"max_hp_loss":0,"event_name":"The Cleric","floor":2,"gold_loss":0},{"damage_healed":0,"gold_gain":0,"cards_transformed":["Strike_B"],"player_choice":"Change","damage_taken":0,"max_hp_gain":0,"max_hp_loss":0,"event_name":"Living Wall","floor":3,"gold_loss":0,"cards_obtained":["Machine Learning"]},{"damage_healed":0,"gold_gain":0,"player_choice":"Trade","damage_taken":0,"relics_obtained":["NlothsMask"],"max_hp_gain":0,"max_hp_loss":0,"event_name":"FaceTrader","floor":5,"gold_loss":0},{"damage_healed":0,"gold_gain":0,"player_choice":"Got Potions","damage_taken":0,"max_hp_gain":0,"max_hp_loss":0,"event_name":"Lab","floor":12,"gold_loss":0},{"damage_healed":0,"gold_gain":0,"player_choice":"Copied","damage_taken":0,"max_hp_gain":0,"max_hp_loss":0,"event_name":"Duplicator","floor":22,"gold_loss":0,"cards_obtained":["Genetic Algorithm"]}],"is_beta":false,"boss_relics":[{"not_picked":["Fusion Hammer","Black Star"],"picked":"Busted Crown"}],"items_purged_floors":[4,19],"is_endless":false,"potions_floor_spawned":[8,10,11,16,18,20,29],"killed_by":"Collector","ascension_level":20}