{"gold_per_floor":[117,79,94,94,94,124,124,152,202,273,288,299,299,309,309,414,414,428,428,439,457,21,21,50,50,50,63,63,63,90,5,5,5],"floor_reached":33,"playtime":2486,"items_purged":[],"score":396,"play_id":"9f862cff-7486-44b6-b37d-3b89103a4cf8","local_time":"20190716101504","is_ascension_mode":true,"campfire_choices":[{"data":"Neutralize","floor":7,"key":"SMITH"},{"floor":13,"key":"REST"},{"data":"Concentrate","floor":15,"key":"SMITH"},{"floor":23,"key":"REST"},{"floor":28,"key":"REST"},{"data":"Acrobatics","floor":32,"key":"SMITH"}],"neow_cost":"NONE","seed_source_timestamp":330951694977977,"circlet_count":0,"master_deck":["Strike_G+1","Strike_G+1","Strike_G+1","Strike_G+1","Strike_G+1","Defend_G+1","Defend_G+1","Defend_G+1","Defend_G+1","Defend_G+1","Survivor","Neutralize+1","Tactician","All Out Attack","Deflect","Dagger Throw","Bouncing Flask","Quick Slash+1","Concentrate+1","Predator+1","After Image","Leg Sweep+1","Decay","Deflect+1","Crippling Poison","Backflip","Acrobatics+1","Noxious Fumes","Quick Slash+1","All Out Attack+1","Dagger Throw+1","Quick Slash+1"],"relics":["Ring of the Snake","Strawberry","Regal Pillow","Molten Egg 2","Bronze Scales","Sozu","Sundial","Centennial Puzzle","Matryoshka","Bag of Preparation","Lantern"],"potions_floor_usage":[8,8,30],"damage_taken":[{"damage":0,"enemies":"2 Louse","floor":1,"turns":3},{"damage":0,"enemies":"Jaw Worm","floor":3,"turns":4},{"damage":56,"enemies":"Gremlin Nob","floor":6,"turns":6},{"damage":15,"enemies":"Lagavulin","floor":8,"turns":9},{"damage":0,"enemies":"Small Slimes","floor":11,"turns":3},{"damage":2,"enemies":"2 Fungi Beasts","floor":12,"turns":3},{"damage":9,"enemies":"Gremlin Gang","floor":14,"turns":4},{"damage":26,"enemies":"The Guardian","floor":16,"turns":12},{"damage":33,"enemies":"2 Thieves","floor":18,"turns":4},{"damage":3,"enemies":"Shell Parasite","floor":20,"turns":9},{"damage":11,"enemies":"Snecko","floor":21,"turns":5},{"damage":27,"enemies":"Book of Stabbing","floor":24,"turns":6},{"damage":4,"enemies":"Snake Plant","floor":27,"turns":4},{"damage":12,"enemies":"Slavers","floor":30,"turns":5},{"damage":56,"enemies":"Automaton","floor":33,"turns":8}],"seed_played":"2586788103808520509","potions_obtained":[{"floor":1,"key":"Ancient Potion"},{"floor":6,"key":"EssenceOfSteel"},{"floor":14,"key":"SteroidPotion"},{"floor":16,"key":"Explosive Potion"}],"is_trial":false,"path_per_floor":["M","$","M","?","?","E","R","E","T","?","M","M","R","M","R","B",null,"M","?","M","M","$","R","E","?","T","M","R","?","E","?","R","B"],"character_chosen":"THE_SILENT","items_purchased":["All Out Attack","Sundial","Backflip","Acrobatics","Noxious Fumes","Quick Slash+1"],"campfire_rested":3,"item_purchase_floors":[2,22,22,22,22,22],"current_hp_per_floor":[70,70,70,70,74,18,18,3,3,3,3,1,41,32,32,6,65,32,32,29,18,18,58,31,31,31,27,67,67,55,55,55,0],"gold":5,"neow_bonus":"TEN_PERCENT_HP_BONUS","is_prod":false,"is_daily":false,"chose_seed":false,"campfire_upgraded":3,"win_rate":0,"timestamp":1563297304,"path_taken":["M","$","M","?","?","E","R","E","T","?","M","M","R","M","R","BOSS","M","?","?","M","$","R","E","?","T","M","R","?","E","?","R","BOSS"],"build_version":"2019-07-05","purchased_purges":0,"victory":false,"max_hp_per_floor":[77,77,77,77,84,84,84,84,84,84,84,84,84,84,84,84,84,84,84,84,84,84,84,84,84,84,84,84,84,84,84,84,84],"card_choices":[{"not_picked":["Choke","Sucker Punch"],"picked":"Tactician","floor":1},{"not_picked":["Flechettes","Dodge and Roll"],"picked":"Deflect","floor":3},{"not_picked":["Blade Dance","Quick Slash"],"picked":"Dagger Throw","floor":6},{"not_picked":["Cloak And Dagger","Escape Plan"],"picked":"Bouncing Flask","floor":8},{"not_picked":["Dagger Spray+1","Bouncing Flask"],"picked":"Quick Slash+1","floor":11},{"not_picked":["Cloak And Dagger","Slice+1"],"picked":"Concentrate","floor":12},{"not_picked":["Cloak And Dagger","Reflex"],"picked":"Predator+1","floor":14},{"not_picked":["Corpse Explosion","Envenom"],"picked":"After Image","floor":16},{"not_picked":["Cloak And Dagger","Reflex"],"picked":"Leg Sweep+1","floor":18},{"not_picked":["Outmaneuver","Poisoned Stab+1"],"picked":"Deflect+1","floor":20},{"not_picked":["Reflex","Distraction"],"picked":"Crippling Poison","floor":21},{"not_picked":["Night Terror","Distraction"],"picked":"All Out Attack+1","floor":24},{"not_picked":["Deflect","Cloak And Dagger"],"picked":"Dagger Throw+1","floor":27},{"not_picked":["Unload+1","Poisoned Stab+1"],"picked":"Quick Slash+1","floor":30}],"player_experience":294880,"relics_obtained":[{"floor":6,"key":"Regal Pillow"},{"floor":8,"key":"Molten Egg 2"},{"floor":9,"key":"Bronze Scales"},{"floor":24,"key":"Centennial Puzzle"},{"floor":26,"key":"Matryoshka"},{"floor":30,"key":"Bag of Preparation"}],"event_choices":[{"damage_healed":0,"gold_gain":0,"player_choice":"Ignored","damage_taken":0,"max_hp_gain":0,"max_hp_loss":0,"event_name":"Liars Game","floor":4,"gold_loss":0},{"damage_healed":0,"gold_gain":0,"player_choice":"Success","damage_taken":3,"relics_obtained":["Strawberry"],"max_hp_gain":0,"max_hp_loss":0,"event_name":"Scrap Ooze","floor":5,"gold_loss":0},{"damage_healed":0,"gold_gain":71,"player_choice":"Gained Gold","damage_taken":0,"max_hp_gain":0,"max_hp_loss":0,"event_name":"Golden Wing","floor":10,"gold_loss":0},{"damage_healed":0,"gold_gain":0,"player_choice":"Cursed","damage_taken":0,"max_hp_gain":0,"max_hp_loss":0,"event_name":"Wheel of Change","floor":19,"gold_loss":0,"cards_obtained":["Decay"]},{"damage_healed":0,"gold_gain":0,"player_choice":"Ignored","damage_taken":0,"max_hp_gain":0,"max_hp_loss":0,"event_name":"Ghosts","floor":25,"gold_loss":0},{"damage_healed":0,"gold_gain":0,"player_choice":"Simplicity","damage_taken":0,"max_hp_gain":0,"max_hp_loss":0,"event_name":"Back to Basics","floor":29,"gold_loss":0,"cards_upgraded":["Strike_G","Strike_G","Strike_G","Strike_G","Strike_G","Defend_G","Defend_G","Defend_G","Defend_G","Defend_G"]},{"damage_healed":0,"gold_gain":0,"player_choice":"Obtained Relic","damage_taken":0,"relics_obtained":["Lantern"],"max_hp_gain":0,"max_hp_loss":0,"event_name":"Addict","floor":31,"gold_loss":85}],"is_beta":false,"boss_relics":[{"not_picked":["Coffee Dripper","Lizard Tail"],"picked":"Sozu"}],"items_purged_floors":[],"is_endless":false,"potions_floor_spawned":[1,6,14,16,20,24,27],"killed_by":"Automaton","ascension_level":7}