{"gold_per_floor":[117,136,2,77,38,38,73,95,95,114,114,147,197,209,209,283,283,254,269,286,44,44,44,62,89,134,191,202,302,302,327,327,400,400,416,13,13,60,71,96,96,130,203,229,229,301,301,313,313,313,313],"floor_reached":51,"playtime":5975,"items_purged":["Strike_G"],"score":1658,"play_id":"a287ba5a-454b-46ec-83ff-a301a2d7b2ea","local_time":"20190812111840","is_ascension_mode":true,"campfire_choices":[{"data":"Noxious Fumes","floor":6.0,"key":"SMITH"},{"floor":11.0,"key":"REST"},{"data":"Wraith Form v2","floor":15.0,"key":"SMITH"},{"floor":23.0,"key":"REST"},{"floor":30.0,"key":"REST"},{"data":"Wraith Form v2","floor":32.0,"key":"SMITH"},{"data":"Wraith Form v2","floor":41.0,"key":"SMITH"},{"data":"Well Laid Plans","floor":45.0,"key":"SMITH"},{"floor":49.0,"key":"REST"}],"neow_cost":"NONE","seed_source_timestamp":1645481196506166,"circlet_count":0,"master_deck":["AscendersBane","Strike_G","Strike_G","Strike_G","Defend_G","Defend_G","Defend_G+1","Defend_G","Survivor","Neutralize","Predator+1","Blur+1","Noxious Fumes+1","Deadly Poison","Well Laid Plans+1","Deflect","Burst","Sucker Punch+1","Outmaneuver","Wraith Form v2+1","Wraith Form v2+1","Dagger Spray","Blur","Escape Plan","Footwork","Die Die Die","Deadly Poison","Wraith Form v2+1","Masterful Stab","PiercingWail","After Image","Slice+1","Burst","Dagger Spray+1","Night Terror+1","Outmaneuver+1"],"special_seed":0,"relics":["Ring of the Serpent","Anchor","Vajra","Odd Mushroom","Bottled Tornado","Bronze Scales","Black Star","Snake Skull","Pantograph","Potion Belt","War Paint","Tiny Chest","Bottled Lightning","Calipers","Shuriken","Red Mask","Orichalcum","StoneCalendar","Ornamental Fan","Thread and Needle","Toxic Egg 2","Juzu Bracelet","Frozen Egg 2","Whetstone","Sundial","The Courier"],"potions_floor_usage":[50,50,51],"damage_taken":[{"damage":0.0,"enemies":"Cultist","floor":1.0,"turns":4.0},{"damage":0.0,"enemies":"Jaw Worm","floor":2.0,"turns":5.0},{"damage":6.0,"enemies":"3 Sentries","floor":7.0,"turns":7.0},{"damage":27.0,"enemies":"The Mushroom Lair","floor":8.0,"turns":5.0},{"damage":0.0,"enemies":"Small Slimes","floor":10.0,"turns":3.0},{"damage":2.0,"enemies":"Lagavulin","floor":12.0,"turns":6.0},{"damage":0.0,"enemies":"Exordium Thugs","floor":14.0,"turns":4.0},{"damage":8.0,"enemies":"The Guardian","floor":16.0,"turns":10.0},{"damage":3.0,"enemies":"2 Thieves","floor":18.0,"turns":4.0},{"damage":8.0,"enemies":"Spheric Guardian","floor":19.0,"turns":5.0},{"damage":30.0,"enemies":"Chosen and Byrds","floor":20.0,"turns":9.0},{"damage":3.0,"enemies":"Snake Plant","floor":24.0,"turns":5.0},{"damage":4.0,"enemies":"Book of Stabbing","floor":25.0,"turns":7.0},{"damage":10.0,"enemies":"Gremlin Leader","floor":27.0,"turns":8.0},{"damage":2.0,"enemies":"Centurion and Healer","floor":28.0,"turns":8.0},{"damage":1.0,"enemies":"Colosseum Slavers","floor":29.0,"turns":5.0},{"damage":0.0,"enemies":"Colosseum Nobs","floor":29.0,"turns":5.0},{"damage":5.0,"enemies":"Masked Bandits","floor":31.0,"turns":6.0},{"damage":43.0,"enemies":"Collector","floor":33.0,"turns":11.0},{"damage":0.0,"enemies":"3 Darklings","floor":35.0,"turns":5.0},{"damage":15.0,"enemies":"2 Orb Walkers","floor":38.0,"turns":7.0},{"damage":0.0,"enemies":"Orb Walker","floor":39.0,"turns":4.0},{"damage":15.0,"enemies":"Nemesis","floor":40.0,"turns":9.0},{"damage":0.0,"enemies":"Giant Head","floor":42.0,"turns":11.0},{"damage":0.0,"enemies":"Nemesis","floor":44.0,"turns":11.0},{"damage":0.0,"enemies":"Maw","floor":48.0,"turns":8.0},{"damage":2,"enemies":"Donu and Deca","floor":50,"turns":12},{"damage":77,"enemies":"Awakened One","floor":51,"turns":12}],"seed_played":"5637089274752805259","potions_obtained":[{"floor":1.0,"key":"PowerPotion"},{"floor":8.0,"key":"Explosive Potion"},{"floor":10.0,"key":"Energy Potion"},{"floor":12.0,"key":"Poison Potion"},{"floor":24.0,"key":"SpeedPotion"},{"floor":25.0,"key":"FearPotion"},{"floor":28.0,"key":"Strength Potion"},{"floor":29.0,"key":"Strength Potion"},{"floor":33.0,"key":"Regen Potion"},{"floor":39.0,"key":"GamblersBrew"},{"floor":44.0,"key":"SkillPotion"}],"is_trial":false,"path_per_floor":["M","M","$","?","$","R","E","?","T","M","R","E","?","M","R","B",null,"M","M","M","$","?","R","M","E","T","E","M","?","R","?","R","B",null,"M","$","?","?","M","E","R","E","T","E","R","T","?","M","R","B","B"],"character_chosen":"THE_SILENT","items_purchased":["Noxious Fumes","Deadly Poison","Well Laid Plans","Footwork","Snake Skull","Orichalcum","Burst"],"campfire_rested":4,"item_purchase_floors":[3,3,5,21,21,36,36],"current_hp_per_floor":[59,59,59,48,48,48,42,15,15,15,34,32,32,32,32,24,56,53,45,15,15,15,34,31,27,27,17,15,14,33,28,28,10,52,52,52,52,52,52,37,37,37,37,37,37,37,37,37,55,61,0],"gold":313,"neow_bonus":"RANDOM_COMMON_RELIC","is_prod":false,"is_daily":false,"chose_seed":false,"campfire_upgraded":5,"win_rate":0,"timestamp":1565633920,"path_taken":["M","M","$","?","$","R","E","?","T","M","R","E","?","M","R","BOSS","M","M","M","$","?","R","M","E","T","E","?","?","R","?","R","BOSS","M","$","?","?","?","E","R","E","T","E","R","?","?","M","R","BOSS","BOSS"],"build_version":"2019-07-17","purchased_purges":1,"victory":false,"max_hp_per_floor":[66,66,66,66,66,66,66,66,66,66,66,66,66,66,66,66,66,66,66,66,66,66,66,66,66,66,66,66,66,66,66,66,66,66,66,66,66,66,66,66,66,66,66,66,66,66,63,63,63,63,63],"card_choices":[{"not_picked":["Acrobatics","Underhanded Strike"],"picked":"Predator","floor":1.0},{"not_picked":["Dodge and Roll","Deadly Poison"],"picked":"Blur","floor":2.0},{"not_picked":["Prepared","Skewer"],"picked":"Deflect","floor":7.0},{"not_picked":["Outmaneuver","Dagger Throw"],"picked":"Burst","floor":8.0},{"not_picked":["Reflex","Flying Knee"],"picked":"Sucker Punch","floor":10.0},{"not_picked":["PiercingWail","Poisoned Stab"],"picked":"Outmaneuver","floor":12.0},{"not_picked":["Riddle With Holes","Predator"],"picked":"Wraith Form v2","floor":14.0},{"not_picked":["Unload","Die Die Die"],"picked":"Wraith Form v2","floor":16.0},{"not_picked":["Heel Hook","Flying Knee+1"],"picked":"Dagger Spray","floor":18.0},{"not_picked":["PiercingWail","Slice"],"picked":"Blur","floor":19.0},{"not_picked":["Dagger Throw+1","Prepared"],"picked":"Escape Plan","floor":20.0},{"not_picked":["Infinite Blades","Dagger Throw"],"picked":"Die Die Die","floor":24.0},{"not_picked":["Eviscerate","Terror"],"picked":"Deadly Poison","floor":25.0},{"not_picked":["Finisher","Wraith Form v2","Flechettes"],"picked":"SKIP","floor":27.0},{"not_picked":["Finisher","Flechettes"],"picked":"Wraith Form v2","floor":27.0},{"not_picked":["Well Laid Plans","Choke"],"picked":"Masterful Stab","floor":28.0},{"not_picked":["Eviscerate+1","Reflex"],"picked":"PiercingWail","floor":29.0},{"not_picked":["Storm of Steel","Phantasmal Killer"],"picked":"After Image","floor":33.0},{"not_picked":["Dash+1","Backflip"],"picked":"Slice+1","floor":35.0},{"not_picked":["Dash","Deflect","Poisoned Stab"],"picked":"SKIP","floor":39.0},{"not_picked":["Infinite Blades","Blade Dance"],"picked":"Dagger Spray+1","floor":40.0},{"not_picked":["Blade Dance","Endless Agony"],"picked":"Night Terror","floor":42.0},{"not_picked":["Finisher","Accuracy+1"],"picked":"Outmaneuver+1","floor":44.0},{"not_picked":["Endless Agony","Finisher+1","Acrobatics+1"],"picked":"SKIP","floor":48.0}],"player_experience":678675,"relics_obtained":[{"floor":7.0,"key":"Vajra"},{"floor":8.0,"key":"Odd Mushroom"},{"floor":9.0,"key":"Bottled Tornado"},{"floor":12.0,"key":"Bronze Scales"},{"floor":25.0,"key":"Pantograph"},{"floor":25.0,"key":"Potion Belt"},{"floor":26.0,"key":"War Paint"},{"floor":27.0,"key":"Tiny Chest"},{"floor":27.0,"key":"Bottled Lightning"},{"floor":29.0,"key":"Calipers"},{"floor":29.0,"key":"Shuriken"},{"floor":31.0,"key":"Red Mask"},{"floor":38.0,"key":"StoneCalendar"},{"floor":40.0,"key":"Ornamental Fan"},{"floor":40.0,"key":"Thread and Needle"},{"floor":42.0,"key":"Toxic Egg 2"},{"floor":42.0,"key":"Juzu Bracelet"},{"floor":43.0,"key":"Frozen Egg 2"},{"floor":44.0,"key":"Whetstone"},{"floor":44.0,"key":"Sundial"},{"floor":46.0,"key":"The Courier"}],"event_choices":[{"damage_healed":0.0,"max_hp_gain":0.0,"max_hp_loss":0.0,"gold_gain":75.0,"event_name":"World of Goop","player_choice":"Gather Gold","floor":4.0,"gold_loss":0.0,"damage_taken":11.0},{"damage_healed":0.0,"max_hp_gain":0.0,"max_hp_loss":0.0,"gold_gain":0.0,"event_name":"Mushrooms","player_choice":"Fought Mushrooms","floor":8.0,"gold_loss":0.0,"damage_taken":0.0},{"damage_healed":0.0,"max_hp_gain":0.0,"max_hp_loss":0.0,"gold_gain":50.0,"event_name":"Golden Shrine","player_choice":"Pray","floor":13.0,"gold_loss":0.0,"damage_taken":0.0},{"cards_removed":["Strike_G"],"damage_healed":0.0,"max_hp_gain":0.0,"max_hp_loss":0.0,"gold_gain":0.0,"event_name":"Purifier","player_choice":"Purged","floor":22.0,"gold_loss":0.0,"damage_taken":0.0},{"damage_healed":0.0,"max_hp_gain":0.0,"max_hp_loss":0.0,"gold_gain":0.0,"event_name":"Colosseum","player_choice":"Fight","floor":29.0,"gold_loss":0.0,"damage_taken":0.0},{"damage_healed":0.0,"max_hp_gain":0.0,"max_hp_loss":0.0,"gold_gain":0.0,"event_name":"Colosseum","player_choice":"Fought Nobs","floor":29.0,"gold_loss":0.0,"damage_taken":0.0},{"damage_healed":0.0,"max_hp_gain":0.0,"max_hp_loss":0.0,"gold_gain":0.0,"event_name":"Masked Bandits","player_choice":"Fought Bandits","floor":31.0,"gold_loss":0.0,"damage_taken":0.0},{"cards_removed":["Defend_G"],"damage_healed":0.0,"max_hp_gain":0.0,"max_hp_loss":0.0,"gold_gain":0.0,"event_name":"Falling","player_choice":"Removed Skill","floor":37.0,"gold_loss":0.0,"damage_taken":0.0},{"damage_healed":0.0,"max_hp_gain":0.0,"max_hp_loss":0.0,"gold_gain":0.0,"event_name":"Mysterious Sphere","player_choice":"Fight","floor":38.0,"gold_loss":0.0,"damage_taken":0.0},{"damage_healed":0.0,"max_hp_gain":0.0,"max_hp_loss":3.0,"gold_gain":0.0,"event_name":"Winding Halls","player_choice":"Max HP","floor":47.0,"gold_loss":0.0,"damage_taken":0.0}],"is_beta":false,"boss_relics":[{"not_picked":["Lizard Tail","Ectoplasm"],"picked":"Black Star"},{"not_picked":["HoveringKite","Runic Dome"],"picked":"Ring of the Serpent"}],"items_purged_floors":[36],"is_endless":false,"potions_floor_spawned":[1,8,10,12,24,25,28,29,29,33,39,40,44],"killed_by":"Awakened One","ascension_level":20}