{"gold_per_floor":[19,19,31,47,97,97,123,123,193,193,212,225,244,66,66,139,139,159,114,164,164,83,83,83],"floor_reached":24,"playtime":1786,"items_purged":["Strike_G"],"score":392,"play_id":"3c042891-1d9a-44f9-8ae3-341ca7fa7428","local_time":"20190813150919","is_ascension_mode":true,"campfire_choices":[{"data":"Neutralize","floor":6.0,"key":"SMITH"},{"data":"Dark Shackles","floor":8.0,"key":"SMITH"},{"data":"Sucker Punch","floor":10.0,"key":"SMITH"},{"floor":15.0,"key":"REST"},{"floor":23,"key":"REST"}],"neow_cost":"NO_GOLD","seed_source_timestamp":1750841462155961,"circlet_count":0,"master_deck":["AscendersBane","Strike_G+1","Strike_G+1","Strike_G+1","Strike_G+1","Defend_G+1","Defend_G+1","Defend_G+1","Defend_G+1","Defend_G+1","Survivor","Neutralize+1","Dark Shackles+1","Magnetism+1","Dagger Throw","Underhanded Strike","Backflip","Sucker Punch+1","Riddle With Holes","Blur","Underhanded Strike","Sucker Punch","Reflex","Corpse Explosion","PiercingWail+1","Dagger Throw","Footwork"],"special_seed":0,"relics":["Ring of the Snake","Vajra","Question Card","Lizard Tail"],"potions_floor_usage":[],"damage_taken":[{"damage":2.0,"enemies":"Jaw Worm","floor":1.0,"turns":5.0},{"damage":0.0,"enemies":"2 Louse","floor":3.0,"turns":3.0},{"damage":0.0,"enemies":"Cultist","floor":4.0,"turns":4.0},{"damage":28.0,"enemies":"Lagavulin","floor":7.0,"turns":8.0},{"damage":5.0,"enemies":"Large Slime","floor":11.0,"turns":6.0},{"damage":9.0,"enemies":"Blue Slaver","floor":12.0,"turns":2.0},{"damage":5.0,"enemies":"3 Louse","floor":13.0,"turns":4.0},{"damage":24.0,"enemies":"Hexaghost","floor":16.0,"turns":11.0},{"damage":16.0,"enemies":"Shell Parasite","floor":18.0,"turns":8.0},{"damage":32,"enemies":"2 Thieves","floor":19,"turns":5},{"damage":78,"enemies":"Slavers","floor":24,"turns":7}],"seed_played":"8617675279639921064","potions_obtained":[{"floor":3.0,"key":"EssenceOfSteel"},{"floor":7.0,"key":"Dexterity Potion"},{"floor":11.0,"key":"FairyPotion"},{"floor":16.0,"key":"FearPotion"}],"is_trial":false,"path_per_floor":["M","?","M","M","?","R","E","R","T","R","M","M","M","$","R","B",null,"M","M","?","?","$","R","E"],"character_chosen":"THE_SILENT","items_purchased":["Sucker Punch","Reflex","Footwork"],"campfire_rested":2,"item_purchase_floors":[14,14,22],"current_hp_per_floor":[57,57,57,57,57,57,29,29,29,29,24,15,10,10,29,5,51,35,3,3,3,3,22,0],"gold":83,"neow_bonus":"RANDOM_COLORLESS_2","is_prod":false,"is_daily":false,"chose_seed":false,"campfire_upgraded":3,"win_rate":0,"timestamp":1565734159,"path_taken":["M","?","M","M","?","R","E","R","T","R","M","?","M","$","R","BOSS","M","M","?","?","$","R","E"],"build_version":"2019-07-17","purchased_purges":1,"victory":false,"max_hp_per_floor":[66,66,66,66,66,66,66,66,66,66,66,66,66,66,66,66,66,66,66,66,66,66,66,66],"card_choices":[{"not_picked":["Acrobatics","Slice"],"picked":"Dagger Throw","floor":1.0},{"not_picked":["Dagger Throw","Sucker Punch"],"picked":"Underhanded Strike","floor":3.0},{"not_picked":["Choke","Bane"],"picked":"Backflip","floor":4.0},{"not_picked":["Heel Hook","Choke"],"picked":"Sucker Punch","floor":7.0},{"not_picked":["Prepared","Poisoned Stab","Storm of Steel"],"picked":"Riddle With Holes","floor":11.0},{"not_picked":["Underhanded Strike","Dagger Throw","Flechettes"],"picked":"Blur","floor":12.0},{"not_picked":["Poisoned Stab","Deadly Poison","Dodge and Roll"],"picked":"Underhanded Strike","floor":13.0},{"not_picked":["Malaise","Phantasmal Killer","Venomology"],"picked":"Corpse Explosion","floor":16.0},{"not_picked":["Backflip","Dagger Throw+1","Distraction"],"picked":"PiercingWail+1","floor":18.0},{"not_picked":["Corpse Explosion","Deadly Poison","Choke"],"picked":"Dagger Throw","floor":19}],"player_experience":708968,"relics_obtained":[{"floor":7.0,"key":"Vajra"},{"floor":9.0,"key":"Question Card"}],"event_choices":[{"damage_healed":0.0,"max_hp_gain":0.0,"max_hp_loss":0.0,"gold_gain":0.0,"event_name":"Living Wall","player_choice":"Grow","floor":2.0,"gold_loss":0.0,"damage_taken":0.0,"cards_upgraded":["Magnetism"]},{"damage_healed":0.0,"max_hp_gain":0.0,"max_hp_loss":0.0,"gold_gain":50.0,"event_name":"Golden Shrine","player_choice":"Pray","floor":5.0,"gold_loss":0.0,"damage_taken":0.0},{"damage_healed":0,"gold_gain":50,"player_choice":"Stole From Cult","damage_taken":0,"max_hp_gain":0,"max_hp_loss":0,"event_name":"Nest","floor":20,"gold_loss":0},{"damage_healed":0,"gold_gain":0,"player_choice":"Simplicity","damage_taken":0,"max_hp_gain":0,"max_hp_loss":0,"event_name":"Back to Basics","floor":21,"gold_loss":0,"cards_upgraded":["Strike_G","Strike_G","Strike_G","Strike_G","Defend_G","Defend_G","Defend_G","Defend_G","Defend_G"]}],"is_beta":false,"boss_relics":[{"not_picked":["Orrery","Runic Pyramid"],"picked":"Lizard Tail"}],"items_purged_floors":[14],"is_endless":false,"potions_floor_spawned":[3,7,11,13,16,19],"killed_by":"Slavers","ascension_level":20}