{"gold_per_floor":[118,135,9,9,9,40,40,74,146,175,104,117,129,54,54,132,132,147,147,147,163,179,179],"floor_reached":23,"playtime":1069,"items_purged":[],"score":468,"play_id":"7e32d4c3-0cfc-4ada-b431-a3141c9a9787","local_time":"20190817010052","is_ascension_mode":true,"campfire_choices":[{"data":"Predator","floor":7,"key":"SMITH"},{"floor":15,"key":"REST"}],"neow_cost":"NONE","seed_source_timestamp":176722844263300,"circlet_count":0,"master_deck":["AscendersBane","Strike_G","Strike_G","Strike_G","Strike_G","Defend_G","Defend_G+1","Defend_G","Defend_G","Defend_G+1","Survivor","Neutralize","Blur","Predator+1","All Out Attack","Caltrops","Poisoned Stab","Dash","Slice","Dagger Spray","Die Die Die","Noxious Fumes","Backflip","Dodge and Roll+1"],"relics":["Ring of the Snake","NeowsBlessing","Blood Vial","Bag of Preparation","Torii","Mercury Hourglass","Blue Candle","White Beast Statue","MutagenicStrength"],"potions_floor_usage":[10,18,21,23,23],"damage_taken":[{"damage":0,"enemies":"Small Slimes","floor":1,"turns":1},{"damage":0,"enemies":"2 Louse","floor":2,"turns":2},{"damage":0,"enemies":"Lagavulin","floor":6,"turns":1},{"damage":21,"enemies":"Gremlin Nob","floor":8,"turns":4},{"damage":7,"enemies":"3 Sentries","floor":10,"turns":6},{"damage":1,"enemies":"Jaw Worm","floor":12,"turns":4},{"damage":7,"enemies":"Red Slaver","floor":13,"turns":4},{"damage":8,"enemies":"The Guardian","floor":16,"turns":10},{"damage":8,"enemies":"2 Thieves","floor":18,"turns":4},{"damage":22,"enemies":"Shell Parasite","floor":21,"turns":6},{"damage":8,"enemies":"Snecko","floor":22,"turns":5},{"damage":24,"enemies":"Gremlin Leader","floor":23,"turns":4}],"seed_played":"-4609796543542333728","potions_obtained":[{"floor":1,"key":"FairyPotion"},{"floor":2,"key":"FairyPotion"},{"floor":6,"key":"Swift Potion"},{"floor":13,"key":"EssenceOfSteel"},{"floor":16,"key":"Strength Potion"},{"floor":18,"key":"FearPotion"},{"floor":21,"key":"Swift Potion"}],"is_trial":false,"path_per_floor":["M","M","$","?","?","E","R","E","T","E","?","M","M","?","R","B",null,"M","?","?","M","M","E"],"character_chosen":"THE_SILENT","items_purchased":["All Out Attack","Caltrops"],"campfire_rested":1,"item_purchase_floors":[3,3],"current_hp_per_floor":[59,59,59,39,21,23,23,4,4,6,6,7,2,2,21,15,53,47,47,47,27,21,0],"gold":179,"neow_bonus":"THREE_ENEMY_KILL","is_prod":false,"is_daily":false,"chose_seed":false,"campfire_upgraded":1,"win_rate":0,"timestamp":1565996452,"path_taken":["M","M","$","?","?","E","R","E","T","E","?","M","M","?","R","BOSS","M","?","?","M","?","E"],"build_version":"2019-07-17","purchased_purges":0,"victory":false,"max_hp_per_floor":[66,66,66,66,66,66,66,66,66,66,66,66,66,66,66,66,66,66,66,66,66,66,66],"card_choices":[{"not_picked":["Outmaneuver","Prepared"],"picked":"Blur","floor":1},{"not_picked":["Quick Slash","Slice"],"picked":"Predator","floor":2},{"not_picked":["Blade Dance","Flying Knee"],"picked":"Poisoned Stab","floor":6},{"not_picked":["Catalyst","Sucker Punch"],"picked":"Dash","floor":8},{"not_picked":["Setup","Distraction"],"picked":"Slice","floor":10},{"not_picked":["Bane","Infinite Blades"],"picked":"Dagger Spray","floor":12},{"not_picked":["Blade Dance","Dagger Spray","Bane"],"picked":"SKIP","floor":13},{"not_picked":["Night Terror","Wraith Form v2"],"picked":"Die Die Die","floor":16},{"not_picked":["Reflex","Dagger Throw","Slice"],"picked":"SKIP","floor":18},{"not_picked":["Sucker Punch","Dagger Spray"],"picked":"Backflip","floor":21},{"not_picked":["Flechettes","Quick Slash"],"picked":"Dodge and Roll+1","floor":22}],"player_experience":1505339,"relics_obtained":[{"floor":6,"key":"Bag of Preparation"},{"floor":8,"key":"Torii"},{"floor":9,"key":"Mercury Hourglass"},{"floor":10,"key":"Blue Candle"}],"event_choices":[{"damage_healed":0,"gold_gain":0,"player_choice":"Entered Light","damage_taken":20,"max_hp_gain":0,"max_hp_loss":0,"event_name":"Shining Light","floor":4,"gold_loss":0,"cards_upgraded":["Defend_G","Defend_G"]},{"damage_healed":0,"gold_gain":0,"player_choice":"Success","damage_taken":18,"relics_obtained":["Blood Vial"],"max_hp_gain":0,"max_hp_loss":0,"event_name":"Scrap Ooze","floor":5,"gold_loss":0},{"damage_healed":0,"gold_gain":0,"player_choice":"Left Gold","damage_taken":0,"max_hp_gain":0,"max_hp_loss":0,"event_name":"World of Goop","floor":11,"gold_loss":71},{"cards_removed":["Strike_G"],"damage_healed":0,"gold_gain":0,"player_choice":"Card Removal","damage_taken":0,"max_hp_gain":0,"max_hp_loss":0,"event_name":"The Cleric","floor":14,"gold_loss":75},{"damage_healed":0,"gold_gain":0,"player_choice":"Read","damage_taken":0,"max_hp_gain":0,"max_hp_loss":0,"event_name":"The Library","floor":19,"gold_loss":0,"cards_obtained":["Noxious Fumes"]},{"damage_healed":0,"gold_gain":0,"player_choice":"Inject Mutagens","damage_taken":0,"relics_obtained":["MutagenicStrength"],"max_hp_gain":0,"max_hp_loss":0,"event_name":"Drug Dealer","floor":20,"gold_loss":0}],"is_beta":false,"boss_relics":[{"not_picked":["Black Star","Philosopher\u0027s Stone"],"picked":"White Beast Statue"}],"items_purged_floors":[],"is_endless":false,"potions_floor_spawned":[1,2,6,13,16,18,21,22],"killed_by":"Gremlin Leader","ascension_level":20}