{"gold_per_floor":[109,109,124,124,18,45,45,57,57,8,19,52,64,111,123,237,249,235,247,271,145,162,191,191,191,244,244,259,287,287,301,301,399,399,412,412,12,12,12,46,46,46],"floor_reached":42,"playtime":3344,"items_purged":["Well Laid Plans"],"score":553,"play_id":"6be52c6c-3031-4956-829c-2b66383cda9d","local_time":"20190709090136","is_ascension_mode":true,"campfire_choices":[{"data":"Noxious Fumes","floor":7.0,"key":"SMITH"},{"floor":15.0,"key":"REST"},{"floor":27.0,"key":"REST"},{"floor":30.0,"key":"REST"},{"data":"Phantasmal Killer","floor":32.0,"key":"SMITH"},{"floor":41,"key":"REST"}],"neow_cost":"NONE","seed_source_timestamp":0,"circlet_count":0,"master_deck":["Strike_G","Strike_G+1","Strike_G","Strike_G","Defend_G","Defend_G","Defend_G","Defend_G","Defend_G","Survivor","Neutralize","Deadly Poison","Bouncing Flask","Noxious Fumes+1","Prepared","Leg Sweep","Backflip","Poisoned Stab","Acrobatics","Dash","Deadly Poison","Phantasmal Killer+1","Well Laid Plans+1","Sucker Punch","Backstab+1","PiercingWail","Flying Knee","Leg Sweep","Flechettes+1","Crippling Poison","Flying Knee","Dash+1","Acrobatics+1","Envenom","Outmaneuver+1","Mayhem","Madness","Madness","Backflip+1"],"special_seed":0,"relics":["Ring of the Snake","Lantern","Pantograph","MawBank","Vajra","Snake Skull","Runic Pyramid","Juzu Bracelet","Bronze Scales","Ancient Tea Set","Regal Pillow","Black Star","Whetstone","Calipers","Dodecahedron","Centennial Puzzle"],"potions_floor_usage":[40,40,42],"damage_taken":[{"damage":0.0,"enemies":"Small Slimes","floor":1.0,"turns":3.0},{"damage":9.0,"enemies":"2 Louse","floor":3.0,"turns":3.0},{"damage":13.0,"enemies":"Lagavulin","floor":6.0,"turns":6.0},{"damage":0.0,"enemies":"Jaw Worm","floor":8.0,"turns":3.0},{"damage":1.0,"enemies":"Blue Slaver","floor":11.0,"turns":3.0},{"damage":13.0,"enemies":"Gremlin Nob","floor":12.0,"turns":4.0},{"damage":8.0,"enemies":"Lagavulin","floor":14.0,"turns":6.0},{"damage":25.0,"enemies":"Hexaghost","floor":16.0,"turns":6.0},{"damage":17.0,"enemies":"2 Thieves","floor":18.0,"turns":5.0},{"damage":2.0,"enemies":"Chosen","floor":20.0,"turns":3.0},{"damage":10.0,"enemies":"Centurion and Healer","floor":22.0,"turns":7.0},{"damage":21.0,"enemies":"Gremlin Leader","floor":23.0,"turns":7.0},{"damage":5.0,"enemies":"Snecko","floor":28.0,"turns":4.0},{"damage":17.0,"enemies":"Book of Stabbing","floor":29.0,"turns":4.0},{"damage":6.0,"enemies":"Snake Plant","floor":31.0,"turns":2.0},{"damage":38.0,"enemies":"Collector","floor":33.0,"turns":10.0},{"damage":13,"enemies":"Orb Walker","floor":35,"turns":4},{"damage":49,"enemies":"Nemesis","floor":40,"turns":9},{"damage":49,"enemies":"Giant Head","floor":42,"turns":8}],"seed_played":"1621446557729932663","potions_obtained":[{"floor":3.0,"key":"FearPotion"},{"floor":6.0,"key":"Block Potion"},{"floor":16.0,"key":"Fruit Juice"},{"floor":18.0,"key":"SkillPotion"},{"floor":28.0,"key":"SpeedPotion"},{"floor":29.0,"key":"Fire Potion"},{"floor":33.0,"key":"Poison Potion"},{"floor":35,"key":"Weak Potion"},{"floor":40,"key":"AttackPotion"}],"is_trial":false,"path_per_floor":["M","?","M","?","$","E","R","M","T","$","M","E","?","E","R","B",null,"M","?","M","$","M","E","?","?","T","R","M","E","R","M","R","B",null,"M","?","$","?","?","E","R","E"],"character_chosen":"THE_SILENT","items_purchased":["Noxious Fumes","Prepared","Poisoned Stab","Backstab","PiercingWail","Flying Knee","Mayhem","Whetstone"],"campfire_rested":4,"item_purchase_floors":[5,5,10,21,21,21,37,37],"current_hp_per_floor":[70,70,61,66,66,53,53,53,53,53,52,39,39,31,53,50,75,63,63,61,61,51,30,30,30,30,54,49,32,71,65,65,42,80,67,67,67,57,57,8,47,0],"gold":46,"neow_bonus":"RANDOM_COMMON_RELIC","is_prod":false,"is_daily":false,"chose_seed":false,"campfire_upgraded":2,"win_rate":0,"timestamp":1562688096,"path_taken":["M","?","M","?","?","E","R","M","T","?","M","E","?","E","R","BOSS","M","?","M","$","M","E","?","?","T","R","M","E","R","M","R","BOSS","M","?","$","?","?","E","R","E"],"build_version":"2019-07-05","purchased_purges":1,"victory":false,"max_hp_per_floor":[70,70,70,75,75,75,75,75,75,75,75,75,75,75,75,75,75,80,80,80,80,80,80,80,80,80,80,80,80,80,80,80,80,80,80,80,80,80,80,80,80,80],"card_choices":[{"not_picked":["PiercingWail","Outmaneuver"],"picked":"Deadly Poison","floor":1.0},{"not_picked":["Flechettes","Prepared"],"picked":"Bouncing Flask","floor":3.0},{"not_picked":["A Thousand Cuts","All Out Attack"],"picked":"Leg Sweep","floor":6.0},{"not_picked":["Accuracy","Expertise"],"picked":"Backflip","floor":8.0},{"not_picked":["Setup","Leg Sweep"],"picked":"Acrobatics","floor":11.0},{"not_picked":["Blade Dance","Flechettes"],"picked":"Dash","floor":12.0},{"not_picked":["Dagger Throw","Slice"],"picked":"Deadly Poison","floor":14.0},{"not_picked":["Tools of the Trade","Die Die Die"],"picked":"Phantasmal Killer","floor":16.0},{"not_picked":["Slice","Choke"],"picked":"Well Laid Plans+1","floor":18.0},{"not_picked":["Riddle With Holes","Terror"],"picked":"Sucker Punch","floor":20.0},{"not_picked":["Blade Dance","Tactician"],"picked":"Leg Sweep","floor":22.0},{"not_picked":["Underhanded Strike","Poisoned Stab"],"picked":"Flechettes+1","floor":23.0},{"not_picked":["Dagger Throw","Leg Sweep"],"picked":"Flying Knee","floor":28.0},{"not_picked":["Deflect","Outmaneuver"],"picked":"Dash+1","floor":29.0},{"not_picked":["Well Laid Plans","Predator"],"picked":"Acrobatics+1","floor":31.0},{"not_picked":["Glass Knife","Burst"],"picked":"Envenom","floor":33.0},{"not_picked":["Poisoned Stab","Deadly Poison+1"],"picked":"Outmaneuver+1","floor":35},{"not_picked":["Concentrate","Poisoned Stab"],"picked":"Backflip+1","floor":40}],"player_experience":148119,"relics_obtained":[{"floor":6.0,"key":"Pantograph"},{"floor":12.0,"key":"MawBank"},{"floor":14.0,"key":"Snake Skull"},{"floor":23.0,"key":"Bronze Scales"},{"floor":26.0,"key":"Ancient Tea Set"},{"floor":29.0,"key":"Regal Pillow"},{"floor":40,"key":"Dodecahedron"},{"floor":40,"key":"Centennial Puzzle"}],"event_choices":[{"damage_healed":0.0,"max_hp_gain":0.0,"max_hp_loss":0.0,"gold_gain":0.0,"event_name":"Liars Game","player_choice":"Ignored","floor":2.0,"gold_loss":0.0,"damage_taken":0.0},{"damage_healed":0.0,"max_hp_gain":5.0,"max_hp_loss":0.0,"gold_gain":0.0,"event_name":"Big Fish","player_choice":"Donut","floor":4.0,"gold_loss":0.0,"damage_taken":0.0},{"damage_healed":0.0,"max_hp_gain":0.0,"max_hp_loss":0.0,"gold_gain":0.0,"event_name":"Dead Adventurer","player_choice":"Searched \u00272\u0027 times","floor":13.0,"gold_loss":0.0,"damage_taken":0.0,"relics_obtained":["Vajra"]},{"damage_healed":0.0,"max_hp_gain":0.0,"max_hp_loss":0.0,"gold_gain":0.0,"event_name":"The Mausoleum","player_choice":"Opened","floor":19.0,"gold_loss":0.0,"damage_taken":0.0,"relics_obtained":["Juzu Bracelet"],"cards_obtained":["Writhe"]},{"cards_removed":["Writhe"],"damage_healed":0.0,"max_hp_gain":0.0,"max_hp_loss":0.0,"gold_gain":0.0,"event_name":"Fountain of Cleansing","player_choice":"Removed Curses","floor":24.0,"gold_loss":0.0,"damage_taken":0.0},{"damage_healed":0.0,"max_hp_gain":0.0,"max_hp_loss":0.0,"gold_gain":0.0,"event_name":"The Library","player_choice":"Read","floor":25.0,"gold_loss":0.0,"damage_taken":0.0,"cards_obtained":["Crippling Poison"]},{"damage_healed":0,"gold_gain":0,"cards_transformed":["Strike_G"],"player_choice":"Transformed","damage_taken":0,"max_hp_gain":0,"max_hp_loss":0,"event_name":"Transmorgrifier","floor":36,"gold_loss":0,"cards_obtained":["Well Laid Plans"]},{"damage_healed":0,"gold_gain":0,"player_choice":"Embrace Madness","damage_taken":10,"max_hp_gain":0,"max_hp_loss":0,"event_name":"Winding Halls","floor":38,"gold_loss":0,"cards_obtained":["Madness","Madness"]},{"damage_healed":0,"gold_gain":0,"player_choice":"Gave Potion","damage_taken":0,"relics_obtained":["Calipers"],"max_hp_gain":0,"max_hp_loss":0,"event_name":"WeMeetAgain","floor":39,"gold_loss":0}],"is_beta":false,"boss_relics":[{"not_picked":["Busted Crown","Fusion Hammer"],"picked":"Runic Pyramid"},{"not_picked":["Tiny House","Runic Dome"],"picked":"Black Star"}],"items_purged_floors":[37],"is_endless":false,"potions_floor_spawned":[3,6,16,18,28,29,33,35,40],"killed_by":"Giant Head","ascension_level":2}