{"gold_per_floor":[112,112,127,184,184,218,218,243,243,243],"floor_reached":10,"playtime":366,"items_purged":[],"score":198,"play_id":"a35d4112-cc70-4754-9f36-214d891ddc27","local_time":"20190721180503","is_ascension_mode":true,"campfire_choices":[{"data":"Footwork","floor":7,"key":"SMITH"}],"neow_cost":"NONE","seed_source_timestamp":1010691293144722,"circlet_count":0,"master_deck":["AscendersBane","Strike_G","Strike_G","Strike_G","Strike_G","Defend_G","Defend_G","Defend_G","Defend_G","Survivor","Neutralize","Footwork+1","Quick Slash","Dodge and Roll"],"relics":["Ring of the Snake","NeowsBlessing","Tiny Chest","Orichalcum","Incense Burner","Shuriken"],"potions_floor_usage":[8,8],"damage_taken":[{"damage":0,"enemies":"Jaw Worm","floor":1,"turns":1},{"damage":0,"enemies":"Cultist","floor":3,"turns":1},{"damage":0,"enemies":"Gremlin Nob","floor":6,"turns":1},{"damage":33,"enemies":"Lagavulin","floor":8,"turns":10},{"damage":19,"enemies":"3 Sentries","floor":10,"turns":11}],"seed_played":"-2672755369224516478","potions_obtained":[{"floor":1,"key":"Weak Potion"},{"floor":3,"key":"Poison Potion"}],"is_trial":false,"path_per_floor":["M","?","M","T","?","E","R","E","T","E"],"character_chosen":"THE_SILENT","items_purchased":[],"campfire_rested":0,"item_purchase_floors":[],"current_hp_per_floor":[59,59,59,59,52,52,52,19,19,0],"gold":243,"neow_bonus":"THREE_ENEMY_KILL","is_prod":false,"is_daily":false,"chose_seed":false,"campfire_upgraded":1,"win_rate":0,"timestamp":1563725103,"path_taken":["M","?","?","?","?","E","R","E","T","E"],"build_version":"2019-07-17","purchased_purges":0,"victory":false,"max_hp_per_floor":[66,66,66,66,66,66,66,66,66,66],"card_choices":[{"not_picked":["Choke","PiercingWail"],"picked":"Footwork","floor":1},{"not_picked":["Slice","Dagger Spray"],"picked":"Quick Slash","floor":3},{"not_picked":["Underhanded Strike","Riddle With Holes","Eviscerate"],"picked":"SKIP","floor":6},{"not_picked":["Choke","Quick Slash"],"picked":"Dodge and Roll","floor":8}],"player_experience":1407480,"relics_obtained":[{"floor":4,"key":"Tiny Chest"},{"floor":6,"key":"Orichalcum"},{"floor":8,"key":"Incense Burner"},{"floor":9,"key":"Shuriken"}],"event_choices":[{"cards_removed":["Defend_G"],"damage_healed":0,"gold_gain":0,"player_choice":"Purged","damage_taken":0,"max_hp_gain":0,"max_hp_loss":0,"event_name":"Purifier","floor":2,"gold_loss":0},{"cards_removed":["Strike_G"],"damage_healed":0,"gold_gain":0,"player_choice":"Card Removal","damage_taken":7,"max_hp_gain":0,"max_hp_loss":0,"event_name":"Golden Wing","floor":5,"gold_loss":0}],"is_beta":false,"boss_relics":[],"items_purged_floors":[],"is_endless":false,"potions_floor_spawned":[1,3],"killed_by":"3 Sentries","ascension_level":20}