{"gold_per_floor":[112,112,122,137,137,137,33,33,83,103,103,133,168,168],"floor_reached":14,"playtime":582,"items_purged":[],"score":97,"play_id":"dc880d3f-1e81-40dd-b502-791748cfb88c","local_time":"20180814155922","is_ascension_mode":true,"campfire_choices":[{"data":"Static Discharge","floor":6,"key":"SMITH"},{"floor":8,"key":"REST"},{"floor":11,"key":"REST"}],"neow_cost":"PERCENT_DAMAGE","seed_source_timestamp":312299304005693,"circlet_count":0,"master_deck":["Strike_B","Strike_B","Strike_B","Strike_B","Defend_B","Defend_B+1","Defend_B","Defend_B","Zap","Dualcast+1","Ball Lightning","Static Discharge+1","Chill+1","Darkness+1","Static Discharge","Static Discharge","Ball Lightning","Steam Power+1"],"relics":["Cracked Core","Sundial","Toxic Egg 2","Ginger","Lantern","Odd Mushroom","War Paint"],"potions_floor_usage":[],"damage_taken":[{"damage":13,"enemies":"2 Louse","floor":1,"turns":2},{"damage":7,"enemies":"Jaw Worm","floor":3,"turns":2},{"damage":6,"enemies":"Cultist","floor":4,"turns":3},{"damage":12,"enemies":"Exordium Thugs","floor":10,"turns":2},{"damage":15,"floor":12,"turns":4},{"damage":31,"enemies":"Lagavulin","floor":13,"turns":3},{"damage":12,"enemies":"Red Slaver","floor":14,"turns":1}],"seed_played":"3853693045250928365","potions_obtained":[{"floor":1,"key":"Energy Potion"},{"floor":10,"key":"EntropicBrew"},{"floor":13,"key":"Poison Potion"}],"is_trial":false,"path_per_floor":["M","?","M","M","T","R","$","R","T","M","R","?","E"],"character_chosen":"DEFECT","items_purchased":["Darkness+1","Static Discharge"],"campfire_rested":2,"item_purchase_floors":[7,7],"current_hp_per_floor":[41,38,31,25,25,25,25,47,47,35,57,42,11,0],"gold":168,"neow_bonus":"ONE_RARE_RELIC","is_prod":false,"is_daily":false,"chose_seed":false,"campfire_upgraded":1,"win_rate":0,"timestamp":1534255162,"path_taken":["M","?","M","M","?","R","$","R","T","?","R","?","E","M"],"build_version":"2018-08-09","purchased_purges":0,"victory":false,"max_hp_per_floor":[75,75,75,75,75,75,75,75,75,75,75,75,75,75],"card_choices":[{"not_picked":["Chill","Hologram"],"picked":"Ball Lightning","floor":1},{"not_picked":["Sweeping Beam","BootSequence+1"],"picked":"Static Discharge","floor":3},{"not_picked":["Doom and Gloom","Conserve Battery+1"],"picked":"Chill+1","floor":4},{"not_picked":["Consume+1","Ball Lightning"],"picked":"Static Discharge","floor":10},{"not_picked":["Meteor Strike","Turbo+1"],"picked":"Ball Lightning","floor":12},{"not_picked":["Steam+1","Darkness+1"],"picked":"Steam Power+1","floor":13}],"player_experience":314297,"relics_obtained":[{"floor":5,"key":"Ginger"},{"floor":9,"key":"Lantern"},{"floor":12,"key":"Odd Mushroom"},{"floor":13,"key":"War Paint"}],"event_choices":[{"event_name":"Scrap Ooze","player_choice":"success","floor":2,"damage_taken":3},{"event_name":"Mushrooms","player_choice":"Fought Mushrooms","floor":12,"damage_taken":0}],"is_beta":false,"boss_relics":[],"items_purged_floors":[],"is_endless":false,"potions_floor_spawned":[1,10,13],"killed_by":"Red Slaver","ascension_level":2}