{"gold_per_floor":[113,113,125,144,155,190,210,244,319,319,353,83,83,95,95,193,193,208,223,76,102,52,52,77,77,77,77,97,115,66,66,66,166,166,180,197,37,56,5,32,32,32,32,46,46,74,90,90,90,90],"floor_reached":50,"playtime":3565,"items_purged":["Strike_B","Strike_B","Strike_B"],"score":699,"play_id":"cc595307-8f0d-4d37-a19d-e581c35a3771","local_time":"20180814170059","is_ascension_mode":true,"campfire_choices":[{"floor":10,"key":"REST"},{"floor":15,"key":"REST"},{"data":"FTL","floor":23,"key":"SMITH"},{"data":"Scrape","floor":25,"key":"SMITH"},{"floor":32,"key":"REST"},{"data":"Hologram","floor":45,"key":"SMITH"},{"data":"Scrape","floor":49,"key":"SMITH"}],"neow_cost":"","seed_source_timestamp":313011003674036,"circlet_count":0,"master_deck":["Strike_B+1","Defend_B","Defend_B","Defend_B","Zap","Dualcast+1","Melter+1","Gash","Gash+1","FTL+1","Compile Driver","Reinforced Body","Hologram+1","Compile Driver","Gash","Sweeping Beam","Scrape+1","Rebound","Skim","All For One","Hologram+1","Steam Power+1","Melter","Hologram","All For One","Scrape+1","Hologram","Darkness+1","Gash+1","Compile Driver+1"],"relics":["Cracked Core","Torii","Oddly Smooth Stone","Shuriken","Ginger","Whetstone","Ancient Tea Set","Nuclear Battery","Orichalcum","Omamori","Bronze Scales","Regal Pillow","Orrery","Vajra","Meat on the Bone","Thread and Needle"],"potions_floor_usage":[5,8,8,14,33,33,46,50,50],"damage_taken":[{"damage":1,"enemies":"2 Louse","floor":1,"turns":2},{"damage":7,"enemies":"Jaw Worm","floor":3,"turns":2},{"damage":2,"enemies":"Small Slimes","floor":4,"turns":3},{"damage":0,"enemies":"Exordium Thugs","floor":5,"turns":3},{"damage":14,"enemies":"Gremlin Nob","floor":6,"turns":3},{"damage":0,"enemies":"2 Fungi Beasts","floor":7,"turns":3},{"damage":24,"enemies":"Lagavulin","floor":8,"turns":4},{"damage":6,"enemies":"Gremlin Nob","floor":11,"turns":3},{"damage":0,"enemies":"Gremlin Gang","floor":14,"turns":1},{"damage":0,"enemies":"Slime Boss","floor":16,"turns":6},{"damage":0,"enemies":"Chosen","floor":18,"turns":3},{"damage":20,"enemies":"Shell Parasite","floor":19,"turns":3},{"damage":21,"enemies":"Book of Stabbing","floor":24,"turns":4},{"damage":0,"enemies":"Chosen and Byrds","floor":28,"turns":3},{"damage":17,"enemies":"Snake Plant","floor":29,"turns":2},{"damage":26,"enemies":"Automaton","floor":33,"turns":6},{"damage":0,"enemies":"Flame Bruiser 1 Orb","floor":35,"turns":3},{"damage":0,"enemies":"3 Shapes","floor":36,"turns":3},{"damage":14,"enemies":"Spire Growth","floor":38,"turns":3},{"damage":40,"enemies":"Nemesis","floor":40,"turns":7},{"damage":1,"enemies":"Sphere and 2 Shapes","floor":44,"turns":3},{"damage":1,"enemies":"Giant Head","floor":46,"turns":4},{"damage":8,"enemies":"3 Darklings","floor":47,"turns":2},{"damage":52,"enemies":"Awakened One","floor":50,"turns":5}],"seed_played":"2565505649814972973","potions_obtained":[{"floor":1,"key":"LiquidBronze"},{"floor":3,"key":"Fire Potion"},{"floor":7,"key":"Block Potion"},{"floor":11,"key":"Explosive Potion"},{"floor":16,"key":"FearPotion"},{"floor":19,"key":"Energy Potion"},{"floor":44,"key":"Strength Potion"},{"floor":46,"key":"Poison Potion"},{"floor":47,"key":"Ancient Potion"}],"is_trial":false,"path_per_floor":["M","?","M","M","M","E","M","E","T","R","E","$","?","M","R","B",null,"M","M","$","T","$","R","E","R","T","?","M","M","$","$","R","B",null,"M","M","$","M","$","E","?","$","T","M","R","E","M","?","R"],"character_chosen":"DEFECT","items_purchased":["Whetstone","Hologram","Gash","Sweeping Beam","Hologram","Scrape","Hologram"],"campfire_rested":3,"item_purchase_floors":[12,12,20,22,30,37,39],"current_hp_per_floor":[74,59,52,50,50,36,36,12,12,34,28,28,10,10,32,32,75,75,55,55,55,55,55,34,34,34,34,34,17,17,17,54,28,75,75,75,75,61,61,21,21,21,21,32,32,43,47,47,47,0],"gold":90,"neow_bonus":"","is_prod":false,"is_daily":false,"chose_seed":false,"campfire_upgraded":4,"win_rate":0,"timestamp":1534258859,"path_taken":["M","?","M","M","M","E","M","E","T","R","E","$","?","?","R","BOSS","M","?","$","?","$","R","E","R","T","?","M","M","?","$","R","BOSS","M","M","$","M","$","E","?","$","T","?","R","E","?","?","R","BOSS"],"build_version":"2018-08-09","purchased_purges":3,"victory":false,"max_hp_per_floor":[75,75,75,75,75,75,75,75,75,75,75,75,75,75,75,75,75,75,75,75,75,75,75,75,75,75,75,75,75,75,75,75,75,75,75,75,75,75,75,75,75,75,75,75,75,75,75,75,75,75],"card_choices":[{"not_picked":["Storm","Coolheaded"],"picked":"Melter","floor":1},{"not_picked":["Hologram","Ball Lightning"],"picked":"Gash","floor":3},{"not_picked":["Static Discharge","Conserve Battery"],"picked":"Gash","floor":4},{"not_picked":["Streamline","Steam"],"picked":"FTL","floor":5},{"not_picked":["Loop","Go for the Eyes","Chaos"],"picked":"SKIP","floor":6},{"not_picked":["Barrage","Go for the Eyes"],"picked":"Compile Driver","floor":7},{"not_picked":["Conserve Battery","Streamline"],"picked":"Reinforced Body","floor":8},{"not_picked":["Leap","Conserve Battery","Chaos"],"picked":"SKIP","floor":11},{"not_picked":["Steam","Stack","Turbo"],"picked":"SKIP","floor":14},{"not_picked":["Heatsinks+1","Aggregate"],"picked":"Compile Driver","floor":18},{"not_picked":["Streamline","Stack","Rip and Tear"],"picked":"SKIP","floor":19},{"not_picked":["Amplify","Blizzard"],"picked":"Scrape","floor":24},{"not_picked":["Compile Driver","Genetic Algorithm"],"picked":"Rebound","floor":28},{"not_picked":["Conserve Battery","Hello World+1"],"picked":"Skim","floor":29},{"not_picked":["Machine Learning","Multi-Cast"],"picked":"All For One","floor":33},{"not_picked":["Ball Lightning","Steam"],"picked":"Hologram+1","floor":34},{"not_picked":["Leap","Redo"],"picked":"Steam Power+1","floor":34},{"not_picked":["Rip and Tear","Turbo"],"picked":"Melter","floor":34},{"not_picked":["Stack+1","Turbo+1"],"picked":"Hologram","floor":35},{"not_picked":["Leap","Auto Shields"],"picked":"All For One","floor":36},{"not_picked":["Redo+1","Auto Shields+1","Ball Lightning+1"],"picked":"SKIP","floor":38},{"not_picked":["Aggregate+1","Rip and Tear","Tempest+1"],"picked":"SKIP","floor":40},{"not_picked":["Recycle+1","Self Repair"],"picked":"Darkness+1","floor":44},{"not_picked":["Ball Lightning+1","Go for the Eyes"],"picked":"Gash+1","floor":46},{"not_picked":["Meteor Strike","Undo+1"],"picked":"Compile Driver+1","floor":47}],"player_experience":314879,"relics_obtained":[{"floor":6,"key":"Torii"},{"floor":8,"key":"Oddly Smooth Stone"},{"floor":9,"key":"Shuriken"},{"floor":11,"key":"Ginger"},{"floor":21,"key":"Orichalcum"},{"floor":24,"key":"Omamori"},{"floor":26,"key":"Bronze Scales"},{"floor":40,"key":"Vajra"},{"floor":43,"key":"Meat on the Bone"},{"floor":46,"key":"Thread and Needle"}],"event_choices":[{"event_name":"Shining Light","player_choice":"Entered Light","floor":2,"damage_taken":0},{"event_name":"Scrap Ooze","player_choice":"success","floor":13,"damage_taken":18},{"event_name":"The Mausoleum","player_choice":"Yes","floor":27,"damage_taken":0},{"event_name":"Purifier","player_choice":"One Purge","floor":41,"damage_taken":0},{"event_name":"Falling","player_choice":"Removed Skill","floor":48,"damage_taken":0}],"is_beta":false,"boss_relics":[{"not_picked":["Runic Dome","FrozenCore"],"picked":"Nuclear Battery"},{"not_picked":["Velvet Choker","Coffee Dripper"],"picked":"Orrery"}],"items_purged_floors":[12,20,37],"is_endless":false,"potions_floor_spawned":[1,3,7,11,16,19,44,46,47],"killed_by":"Awakened One","ascension_level":2}