{"gold_per_floor":[111,124,140,15,15,49,14,31,31,111,128,128,16,31,31,130,130,142,142,161,176,176,176,192,212,212,212,212,222,222,241,241,345,345,355,15,30,30,49,49,67,86,111,111,130,5,5,305,305,305],"floor_reached":51,"playtime":9568,"items_purged":["Strike_G","Strike_G","Pain"],"score":678,"play_id":"f615cfcc-c170-457c-84f7-8109bdc94869","local_time":"20180731225303","is_ascension_mode":false,"campfire_choices":[{"data":"Slice","floor":12,"key":"SMITH"},{"data":"Blade Dance","floor":15,"key":"SMITH"},{"data":"Envenom","floor":23,"key":"SMITH"},{"floor":27,"key":"REST"},{"data":"Cloak And Dagger","floor":32,"key":"SMITH"},{"data":"Accuracy","floor":40,"key":"SMITH"},{"data":"Leg Sweep","floor":47,"key":"SMITH"},{"floor":49,"key":"REST"}],"neow_cost":"NONE","seed_source_timestamp":0,"circlet_count":0,"master_deck":["Defend_G","Defend_G","Defend_G+1","Defend_G","Defend_G","Strike_G","Strike_G","Strike_G","Survivor+1","Neutralize","Cloak And Dagger+1","Blade Dance+1","Backflip","Leg Sweep+1","Dodge and Roll","Prepared","PiercingWail","Slice+1","Blur","Dagger Throw","Envenom+1","Slice","Ghostly","Ghostly","Ghostly","Ghostly","Ghostly","Riddle With Holes+1","Accuracy+1","Quick Slash","Acrobatics","Writhe","Poisoned Stab","Cloak And Dagger+1","Tools of the Trade","Regret","Decay","Slice+1","Cloak And Dagger+1","PiercingWail+1","Cloak And Dagger+1","Calculated Gamble+1","Choke+1","Thinking Ahead","Mind Blast","Apotheosis","Infinite Blades"],"special_seed":0,"relics":["WristBlade","Lantern","Vajra","Question Card","Lizard Tail","Gremlin Horn","Ninja Scroll","Meat on the Bone","Calling Bell","Orichalcum","Ornamental Fan","Mango","Mummified Hand","Tough Bandages","Oddly Smooth Stone","Old Coin"],"potions_floor_usage":[16,16,33,33,33,39,41,45,50,50,50],"damage_taken":[{"damage":0.0,"enemies":"Cultist","floor":1.0,"turns":5.0},{"damage":0.0,"enemies":"Small Slimes","floor":2.0,"turns":5.0},{"damage":0.0,"enemies":"2 Louse","floor":3.0,"turns":2.0},{"damage":7.0,"enemies":"Lagavulin","floor":6.0,"turns":11.0},{"damage":0,"enemies":"Looter","floor":8,"turns":4},{"damage":0,"enemies":"Exordium Wildlife","floor":11,"turns":5},{"damage":0,"enemies":"3 Louse","floor":14,"turns":3},{"damage":7,"enemies":"The Guardian","floor":16,"turns":14},{"damage":1,"enemies":"Chosen","floor":18,"turns":6},{"damage":0,"enemies":"Spheric Guardian","floor":20,"turns":6},{"damage":0,"enemies":"Snake Plant","floor":21,"turns":8},{"damage":19,"enemies":"Sentry and Sphere","floor":24,"turns":8},{"damage":1,"enemies":"Centurion and Healer","floor":25,"turns":11},{"damage":0,"enemies":"Slaver and Parasite","floor":29,"turns":6},{"damage":4,"enemies":"3 Cultists","floor":31,"turns":6},{"damage":22,"enemies":"Collector","floor":33,"turns":14},{"damage":0,"enemies":"Orb Walker","floor":35,"turns":3},{"damage":0,"enemies":"3 Shapes","floor":37,"turns":4},{"damage":1,"floor":38,"turns":7},{"damage":1,"enemies":"Transient","floor":39,"turns":5},{"damage":0,"enemies":"Sphere and 2 Shapes","floor":41,"turns":5},{"damage":0,"enemies":"4 Shapes","floor":42,"turns":3},{"damage":0,"enemies":"Spire Growth","floor":45,"turns":3},{"damage":47,"enemies":"Donu and Deca","floor":50,"turns":10}],"seed_played":"-3414872639996364838","potions_obtained":[{"floor":1.0,"key":"Swift Potion"},{"floor":2.0,"key":"PowerPotion"},{"floor":11,"key":"Fire Potion"},{"floor":14,"key":"EssenceOfSteel"},{"floor":24,"key":"SpeedPotion"},{"floor":25,"key":"PowerPotion"},{"floor":29,"key":"EssenceOfSteel"},{"floor":33,"key":"Swift Potion"},{"floor":37,"key":"Fire Potion"},{"floor":38,"key":"SteroidPotion"},{"floor":39,"key":"GamblersBrew"},{"floor":42,"key":"Fire Potion"},{"floor":45,"key":"Block Potion"}],"is_trial":false,"path_per_floor":["M","M","M","$","?","E","?","M","T","T","M","R","$","M","R","B",null,"M","?","M","M","?","R","M","M","T","R","?","M","T","M","R","B",null,"M","$","M","?","M","R","M","M","T","?","M","$","R","T","R","B"],"character_chosen":"THE_SILENT","items_purchased":["Leg Sweep","Dodge and Roll","Blur","Mummified Hand"],"campfire_rested":2,"item_purchase_floors":[4,4,13,36],"current_hp_per_floor":[70,70,70,70,56,49,66,66,66,66,66,66,66,66,66,59,70,69,35,35,35,31,31,12,11,11,23,23,23,23,31,31,21,54,54,54,54,53,52,52,52,52,52,42,42,42,42,42,54,19],"gold":305,"neow_bonus":"BOSS_RELIC","is_prod":false,"is_daily":false,"chose_seed":false,"campfire_upgraded":6,"win_rate":0.0,"timestamp":1533070383,"path_taken":["M","M","?","$","?","E","?","M","T","?","M","R","$","M","R","BOSS","M","?","?","M","?","R","M","?","T","R","?","?","?","M","R","BOSS","M","$","M","?","M","R","M","M","T","?","M","$","R","?","R","BOSS"],"build_version":"2018-07-26","purchased_purges":3,"victory":true,"max_hp_per_floor":[70,70,70,70,70,70,70,70,70,70,70,70,70,70,70,70,70,70,35,35,35,40,40,40,40,40,40,40,40,40,40,40,40,54,54,54,54,54,54,54,54,54,54,54,54,54,54,54,54,54],"card_choices":[{"not_picked":["Caltrops","Predator"],"picked":"Cloak And Dagger","floor":1.0},{"not_picked":["Dagger Throw","Underhanded Strike"],"picked":"Blade Dance","floor":2.0},{"not_picked":["Dagger Spray","Sucker Punch"],"picked":"Backflip","floor":3.0},{"not_picked":["Night Terror","Dodge and Roll"],"picked":"Prepared","floor":6.0},{"not_picked":["Dodge and Roll","Deadly Poison"],"picked":"PiercingWail","floor":8},{"not_picked":["Dagger Spray","Underhanded Strike","Outmaneuver"],"picked":"Slice","floor":11},{"not_picked":["Flying Knee","Backflip","Escape Plan"],"picked":"Dagger Throw","floor":14},{"not_picked":["Bullet Time","Malaise","Night Terror"],"picked":"Envenom","floor":16},{"not_picked":["Acrobatics","Sucker Punch","Distraction"],"picked":"Slice","floor":18},{"not_picked":["Bane","Caltrops","Outmaneuver"],"picked":"Riddle With Holes+1","floor":20},{"not_picked":["Bane","Predator","Wraith Form v2"],"picked":"Accuracy","floor":21},{"not_picked":["Acrobatics+1","Flying Knee","Leg Sweep"],"picked":"Quick Slash","floor":24},{"not_picked":["Outmaneuver","Sucker Punch","Masterful Stab"],"picked":"Acrobatics","floor":25},{"not_picked":["Bane","Catalyst","Bouncing Flask"],"picked":"Poisoned Stab","floor":29},{"not_picked":["Poisoned Stab","Terror","Die Die Die"],"picked":"Cloak And Dagger+1","floor":31},{"not_picked":["Bullet Time","Wraith Form v2","Burst"],"picked":"Tools of the Trade","floor":33},{"not_picked":["PiercingWail","Deadly Poison","Underhanded Strike"],"picked":"Slice+1","floor":35},{"not_picked":["Bouncing Flask+1","Dagger Spray+1","Glass Knife"],"picked":"Cloak And Dagger+1","floor":37},{"not_picked":["Calculated Gamble","Quick Slash","Acrobatics"],"picked":"PiercingWail+1","floor":38},{"not_picked":["Slice+1","Expertise+1","Bane"],"picked":"Cloak And Dagger+1","floor":39},{"not_picked":["Poisoned Stab","Acrobatics","Well Laid Plans+1"],"picked":"Calculated Gamble+1","floor":41},{"not_picked":["Underhanded Strike","Quick Slash+1","Sucker Punch+1"],"picked":"Choke+1","floor":42},{"not_picked":["Dark Shackles","Panacea","Madness"],"picked":"Thinking Ahead","floor":44},{"not_picked":["Secret Technique","Thinking Ahead","Finesse"],"picked":"Mind Blast","floor":44},{"not_picked":["Purity","Trip","Sadistic Nature"],"picked":"Apotheosis","floor":44},{"not_picked":["Outmaneuver","Dagger Throw+1","Endless Agony+1"],"picked":"Infinite Blades","floor":45}],"player_experience":86233,"relics_obtained":[{"floor":6.0,"key":"Lantern"},{"floor":9,"key":"Vajra"},{"floor":10,"key":"Question Card"},{"floor":26,"key":"Gremlin Horn"},{"floor":30,"key":"Meat on the Bone"},{"floor":34,"key":"Orichalcum"},{"floor":34,"key":"Ornamental Fan"},{"floor":34,"key":"Mango"},{"floor":38,"key":"Tough Bandages"},{"floor":43,"key":"Oddly Smooth Stone"},{"floor":48,"key":"Old Coin"}],"event_choices":[{"event_name":"Shining Light","player_choice":"Entered Light","floor":5.0,"damage_taken":0.0},{"event_name":"The Cleric","player_choice":"Healed","floor":7,"damage_taken":0},{"event_name":"Ghosts","player_choice":"Became a Ghost","floor":19,"damage_taken":0},{"event_name":"Forgotten Altar","player_choice":"Shed Blood","floor":22,"damage_taken":0},{"event_name":"The Mausoleum","player_choice":"Yes","floor":28,"damage_taken":0},{"event_name":"MindBloom","player_choice":"Fight","floor":38,"damage_taken":0},{"event_name":"SensoryStone","player_choice":"Memory 3","floor":44,"damage_taken":0}],"is_beta":false,"boss_relics":[{"not_picked":["Velvet Choker","Cursed Key"],"picked":"Lizard Tail"},{"not_picked":["Sozu","Coffee Dripper"],"picked":"Calling Bell"}],"items_purged_floors":[13,36,46],"is_endless":false,"potions_floor_spawned":[1,2,11,14,24,25,29,33,37,38,39,42,45],"ascension_level":0}