{"gold_per_floor":[109,126,13,30,49,49,49,61,61,78,78,78,78,111,111,190,190,203,180,180],"floor_reached":20,"playtime":1106,"items_purged":[],"score":352,"play_id":"0b95ece2-abbb-4631-8ca2-2456399cd8ac","local_time":"20190805095809","is_ascension_mode":true,"campfire_choices":[{"data":"Storm of Steel","floor":6.0,"key":"SMITH"},{"floor":11.0,"key":"REST"},{"data":"Outmaneuver","floor":13.0,"key":"SMITH"},{"floor":15.0,"key":"REST"}],"neow_cost":"PERCENT_DAMAGE","seed_source_timestamp":1041638765099498,"circlet_count":0,"master_deck":["AscendersBane","Strike_G","Strike_G","Strike_G","Defend_G","Defend_G","Defend_G","Defend_G","Defend_G","Survivor","Neutralize","All Out Attack","Deflect","Bouncing Flask+1","Poisoned Stab","Caltrops","Storm of Steel+1","Outmaneuver+1","Dagger Spray","Outmaneuver","Wraith Form v2","Blur","Noxious Fumes"],"special_seed":0,"relics":["Ring of the Snake","Regal Pillow","Snake Skull","Pantograph","Empty Cage"],"potions_floor_usage":[20],"damage_taken":[{"damage":0.0,"enemies":"2 Louse","floor":1.0,"turns":3.0},{"damage":9.0,"enemies":"Jaw Worm","floor":2.0,"turns":7.0},{"damage":0.0,"enemies":"Cultist","floor":4.0,"turns":4.0},{"damage":11.0,"enemies":"Large Slime","floor":5.0,"turns":6.0},{"damage":5.0,"enemies":"2 Fungi Beasts","floor":8.0,"turns":3.0},{"damage":5.0,"enemies":"Looter","floor":10.0,"turns":3.0},{"damage":37.0,"enemies":"3 Sentries","floor":14.0,"turns":8.0},{"damage":77.0,"enemies":"Slime Boss","floor":16.0,"turns":12.0},{"damage":10.0,"enemies":"Spheric Guardian","floor":18.0,"turns":5.0},{"damage":21.0,"enemies":"2 Thieves","floor":19.0,"turns":4.0},{"damage":41,"enemies":"Shelled Parasite and Fungi","floor":20,"turns":3}],"seed_played":"-7123515054285923373","potions_obtained":[{"floor":2.0,"key":"FearPotion"},{"floor":5.0,"key":"AttackPotion"},{"floor":14.0,"key":"Block Potion"},{"floor":16.0,"key":"PowerPotion"}],"is_trial":false,"path_per_floor":["M","M","$","M","M","R","?","M","T","M","R","?","R","E","R","B",null,"M","M","M"],"character_chosen":"THE_SILENT","items_purchased":["Bouncing Flask","Poisoned Stab"],"campfire_rested":2,"item_purchase_floors":[3,3],"current_hp_per_floor":[56,47,47,47,36,36,36,31,31,26,64,64,64,27,65,1,59,49,28,0],"gold":180,"neow_bonus":"TWENTY_PERCENT_HP_BONUS","is_prod":false,"is_daily":false,"chose_seed":false,"campfire_upgraded":2,"win_rate":0,"timestamp":1565024289,"path_taken":["M","M","$","M","M","R","?","M","T","M","R","?","R","E","R","BOSS","M","M","M"],"build_version":"2019-07-17","purchased_purges":0,"victory":false,"max_hp_per_floor":[78,78,78,78,78,78,78,78,78,78,78,78,78,78,78,78,78,78,78,78],"card_choices":[{"not_picked":["Outmaneuver","Prepared"],"picked":"All Out Attack","floor":1.0},{"not_picked":["Bane","Reflex"],"picked":"Deflect","floor":2.0},{"not_picked":["Terror","Expertise"],"picked":"Caltrops","floor":4.0},{"not_picked":["Flying Knee","Cloak And Dagger"],"picked":"Storm of Steel","floor":5.0},{"not_picked":["Dagger Spray","Flying Knee"],"picked":"Outmaneuver","floor":8.0},{"not_picked":["Riddle With Holes","Reflex"],"picked":"Dagger Spray","floor":10.0},{"not_picked":["Expertise","Grand Finale"],"picked":"Outmaneuver","floor":14.0},{"not_picked":["Glass Knife","Venomology"],"picked":"Wraith Form v2","floor":16.0},{"not_picked":["Dodge and Roll","Cloak And Dagger"],"picked":"Blur","floor":18.0},{"not_picked":["Quick Slash","Blade Dance"],"picked":"Noxious Fumes","floor":19.0}],"player_experience":640070,"relics_obtained":[{"floor":9.0,"key":"Regal Pillow"},{"floor":14.0,"key":"Pantograph"}],"event_choices":[{"damage_healed":0.0,"max_hp_gain":0.0,"max_hp_loss":0.0,"gold_gain":0.0,"event_name":"Living Wall","player_choice":"Grow","floor":7.0,"gold_loss":0.0,"damage_taken":0.0,"cards_upgraded":["Bouncing Flask"]},{"damage_healed":0.0,"max_hp_gain":0.0,"max_hp_loss":0.0,"gold_gain":0.0,"event_name":"WeMeetAgain","player_choice":"Gave Potion","floor":12.0,"gold_loss":0.0,"damage_taken":0.0,"relics_obtained":["Snake Skull"]}],"is_beta":false,"boss_relics":[{"not_picked":["Runic Dome","HoveringKite"],"picked":"Empty Cage"}],"items_purged_floors":[],"is_endless":false,"potions_floor_spawned":[2,5,14,16,18,19],"killed_by":"Shelled Parasite and Fungi","ascension_level":20}