{"gold_per_floor":[213,230,20,20,35,35,54,54,134,192,192,224,244,258,258,331,331,303,315,17,17],"floor_reached":21,"playtime":1175,"items_purged":["Strike_G"],"score":407,"play_id":"01ae228b-79a9-442d-8acb-dde537ae4fd5","local_time":"20190813115046","is_ascension_mode":true,"campfire_choices":[{"data":"Mayhem","floor":6.0,"key":"SMITH"},{"data":"Deadly Poison","floor":8.0,"key":"SMITH"},{"data":"Deadly Poison","floor":11.0,"key":"SMITH"},{"floor":15,"key":"REST"}],"neow_cost":"NONE","seed_source_timestamp":1739761634102070,"circlet_count":0,"master_deck":["AscendersBane","Strike_G","Strike_G","Strike_G","Defend_G","Defend_G","Defend_G","Defend_G","Defend_G","Survivor","Neutralize","Deadly Poison+1","Deadly Poison+1","Mayhem+1","Deadly Poison","Deflect","Bane+1","Burst","Blur","Blur","Venomology","Sucker Punch+1","Dodge and Roll","Noxious Fumes","Skewer+1","Flechettes+1","Deadly Poison+1","Corpse Explosion","Wraith Form v2","Dodge and Roll"],"special_seed":0,"relics":["Ring of the Snake","Molten Egg 2","Tiny Chest","Matryoshka","Orrery"],"potions_floor_usage":[19,21],"damage_taken":[{"damage":1.0,"enemies":"2 Louse","floor":1.0,"turns":4.0},{"damage":0.0,"enemies":"Cultist","floor":2.0,"turns":4.0},{"damage":2.0,"enemies":"Small Slimes","floor":5.0,"turns":4.0},{"damage":14.0,"enemies":"Exordium Wildlife","floor":7.0,"turns":6.0},{"damage":9.0,"enemies":"Lagavulin","floor":10.0,"turns":6.0},{"damage":25.0,"enemies":"3 Sentries","floor":12.0,"turns":10.0},{"damage":6,"enemies":"3 Louse","floor":13,"turns":4},{"damage":0,"enemies":"Exordium Thugs","floor":14,"turns":4},{"damage":19,"enemies":"Slime Boss","floor":16,"turns":13},{"damage":18,"enemies":"2 Thieves","floor":18,"turns":4},{"damage":21,"enemies":"Shell Parasite","floor":19,"turns":6},{"damage":16,"enemies":"Snecko","floor":21,"turns":3}],"seed_played":"6638385542111226321","potions_obtained":[{"floor":7.0,"key":"EssenceOfSteel"},{"floor":10.0,"key":"LiquidBronze"},{"floor":12.0,"key":"Strength Potion"},{"floor":19,"key":"SpeedPotion"}],"is_trial":false,"path_per_floor":["M","M","$","?","M","R","M","R","T","E","R","E","M","M","R","B",null,"M","M","$","M"],"character_chosen":"THE_SILENT","items_purchased":["Mayhem","Wraith Form v2","Dodge and Roll"],"campfire_rested":1,"item_purchase_floors":[3,20,20],"current_hp_per_floor":[58,58,58,58,56,56,42,42,42,33,33,8,2,2,21,2,50,32,11,11,0],"gold":17,"neow_bonus":"HUNDRED_GOLD","is_prod":false,"is_daily":false,"chose_seed":false,"campfire_upgraded":3,"win_rate":0,"timestamp":1565722246,"path_taken":["M","M","$","?","?","R","?","R","T","E","R","E","M","M","R","BOSS","M","M","?","M"],"build_version":"2019-07-17","purchased_purges":1,"victory":false,"max_hp_per_floor":[66,66,66,66,66,66,66,66,66,66,66,66,66,66,66,66,66,66,66,66,66],"card_choices":[{"not_picked":["Deflect","Bane"],"picked":"Deadly Poison","floor":1.0},{"not_picked":["Flying Knee","Backflip"],"picked":"Deadly Poison","floor":2.0},{"not_picked":["Quick Slash","Prepared"],"picked":"Deadly Poison","floor":5.0},{"not_picked":["Accuracy","Cloak And Dagger"],"picked":"Deflect","floor":7.0},{"not_picked":["Underhanded Strike+1","Escape Plan"],"picked":"Bane+1","floor":10.0},{"not_picked":["Acrobatics","Prepared"],"picked":"Burst","floor":12.0},{"not_picked":["Bane+1","Expertise"],"picked":"Blur","floor":13},{"not_picked":["Dodge and Roll","Poisoned Stab+1"],"picked":"Blur","floor":14},{"not_picked":["A Thousand Cuts","Storm of Steel"],"picked":"Venomology","floor":16},{"not_picked":["Acrobatics","Backflip"],"picked":"Sucker Punch+1","floor":17},{"not_picked":["Setup","Endless Agony+1"],"picked":"Dodge and Roll","floor":17},{"not_picked":["Tactician","Crippling Poison"],"picked":"Noxious Fumes","floor":17},{"not_picked":["Flying Knee+1","Quick Slash+1"],"picked":"Skewer+1","floor":17},{"not_picked":["Dagger Throw+1","Dash+1"],"picked":"Flechettes+1","floor":17},{"not_picked":["Tactician","Acrobatics"],"picked":"Deadly Poison+1","floor":18},{"not_picked":["Bane+1","Quick Slash+1"],"picked":"Corpse Explosion","floor":19}],"player_experience":705008,"relics_obtained":[{"floor":9.0,"key":"Molten Egg 2"},{"floor":10.0,"key":"Tiny Chest"},{"floor":12.0,"key":"Matryoshka"}],"event_choices":[{"cards_removed":["Strike_G"],"damage_healed":0.0,"max_hp_gain":0.0,"max_hp_loss":0.0,"gold_gain":0.0,"event_name":"Wheel of Change","player_choice":"Card Removal","floor":4.0,"gold_loss":0.0,"damage_taken":0.0}],"is_beta":false,"boss_relics":[{"not_picked":["HoveringKite","Coffee Dripper"],"picked":"Orrery"}],"items_purged_floors":[20],"is_endless":false,"potions_floor_spawned":[7,10,12,13,19],"killed_by":"Snecko","ascension_level":20}