{"gold_per_floor":[11,11,27,52,2,2,37,56,56,56,81,9,9,47,47,175,175,195,218,251,73,73,73],"floor_reached":23,"playtime":2008,"items_purged":["Strike_G"],"score":308,"play_id":"cabfb200-7dc4-4ccc-af9c-1ea538773e54","local_time":"20190725143813","is_ascension_mode":true,"campfire_choices":[{"data":"Noxious Fumes","floor":6.0,"key":"SMITH"},{"data":"Neutralize","floor":10,"key":"SMITH"},{"data":"Concentrate","floor":13,"key":"SMITH"},{"data":"All Out Attack","floor":15,"key":"SMITH"}],"neow_cost":"NO_GOLD","seed_source_timestamp":0,"circlet_count":0,"master_deck":["AscendersBane","Strike_G","Strike_G","Strike_G","Defend_G","Defend_G","Defend_G","Defend_G","Defend_G","Survivor","Neutralize+1","Dodge and Roll","Noxious Fumes+1","Masterful Stab","Cloak And Dagger","PiercingWail","Flying Knee","Concentrate+1","All Out Attack+1","Adrenaline","Prepared","Blur","Dagger Throw+1","Deflect","PiercingWail"],"special_seed":0,"relics":["Ring of the Snake","Gambling Chip","Golden Idol","Gremlin Horn","Bottled Tornado","Darkstone Periapt","Sozu","Red Mask"],"potions_floor_usage":[20,23],"damage_taken":[{"damage":0.0,"enemies":"Jaw Worm","floor":1.0,"turns":5.0},{"damage":0.0,"enemies":"2 Louse","floor":3.0,"turns":2.0},{"damage":3.0,"enemies":"Small Slimes","floor":4.0,"turns":7.0},{"damage":8.0,"enemies":"3 Sentries","floor":7.0,"turns":7.0},{"damage":0.0,"enemies":"Looter","floor":8.0,"turns":4.0},{"damage":0,"enemies":"Red Slaver","floor":11,"turns":4},{"damage":16,"enemies":"Lagavulin","floor":14,"turns":7},{"damage":21,"enemies":"Slime Boss","floor":16,"turns":10},{"damage":7,"enemies":"2 Thieves","floor":18,"turns":5},{"damage":2,"enemies":"Chosen","floor":19,"turns":5},{"damage":36,"enemies":"Masked Bandits","floor":20,"turns":6},{"damage":13,"enemies":"Slavers","floor":23,"turns":3}],"seed_played":"605794092604867956","potions_obtained":[{"floor":8.0,"key":"Dexterity Potion"},{"floor":11,"key":"Explosive Potion"},{"floor":16,"key":"PowerPotion"}],"is_trial":false,"path_per_floor":["M","?","M","M","?","R","E","M","T","R","M","$","R","E","R","B",null,"M","M","?","$","?","E"],"character_chosen":"THE_SILENT","items_purchased":["Concentrate","Deflect","PiercingWail"],"campfire_rested":0,"item_purchase_floors":[12,21,21],"current_hp_per_floor":[63,63,63,60,60,60,52,52,52,52,52,52,52,36,36,15,53,46,44,8,8,8,0],"gold":73,"neow_bonus":"ONE_RARE_RELIC","is_prod":false,"is_daily":false,"chose_seed":false,"campfire_upgraded":4,"win_rate":0,"timestamp":1564090693,"path_taken":["M","?","M","M","?","R","E","M","T","R","M","?","R","E","R","BOSS","M","M","?","$","?","E"],"build_version":"2019-07-17","purchased_purges":1,"victory":false,"max_hp_per_floor":[70,65,65,65,65,65,65,65,65,65,65,65,65,65,65,65,65,65,65,65,65,65,65],"card_choices":[{"not_picked":["Bane","Poisoned Stab"],"picked":"Dodge and Roll","floor":1.0},{"not_picked":["Dodge and Roll","Crippling Poison"],"picked":"Noxious Fumes","floor":3.0},{"not_picked":["Backstab","Acrobatics"],"picked":"Masterful Stab","floor":4.0},{"not_picked":["Grand Finale","Slice"],"picked":"Cloak And Dagger","floor":7.0},{"not_picked":["Masterful Stab","Bane"],"picked":"PiercingWail","floor":8.0},{"not_picked":["Escape Plan","Predator"],"picked":"Flying Knee","floor":11},{"not_picked":["Dodge and Roll","Dash"],"picked":"All Out Attack","floor":14},{"not_picked":["Burst","Night Terror"],"picked":"Adrenaline","floor":16},{"not_picked":["Heel Hook","Deadly Poison"],"picked":"Prepared","floor":18},{"not_picked":["Riddle With Holes","Flechettes"],"picked":"Blur","floor":19},{"not_picked":["Bane","Dodge and Roll"],"picked":"Dagger Throw+1","floor":20}],"player_experience":485578,"relics_obtained":[{"floor":7.0,"key":"Gremlin Horn"},{"floor":9.0,"key":"Bottled Tornado"},{"floor":14,"key":"Darkstone Periapt"},{"floor":20,"key":"Red Mask"}],"event_choices":[{"damage_healed":0.0,"max_hp_gain":0.0,"max_hp_loss":5.0,"gold_gain":0.0,"event_name":"Golden Idol","player_choice":"Lose Max HP","floor":2.0,"gold_loss":0.0,"damage_taken":0.0,"relics_obtained":["Golden Idol"]},{"cards_removed":["Strike_G"],"damage_healed":0.0,"max_hp_gain":0.0,"max_hp_loss":0.0,"gold_gain":0.0,"event_name":"The Cleric","player_choice":"Card Removal","floor":5.0,"gold_loss":50.0,"damage_taken":0.0},{"damage_healed":0,"gold_gain":0,"player_choice":"Fought Bandits","damage_taken":0,"max_hp_gain":0,"max_hp_loss":0,"event_name":"Masked Bandits","floor":20,"gold_loss":0}],"is_beta":false,"boss_relics":[{"not_picked":["Empty Cage","Astrolabe"],"picked":"Sozu"}],"items_purged_floors":[21],"is_endless":false,"potions_floor_spawned":[8,11,16,20],"killed_by":"Slavers","ascension_level":11}