{"gold_per_floor":[115,130,141,71,88,88,119,119,119,119],"floor_reached":10,"playtime":732,"items_purged":[],"score":78,"play_id":"5087efbf-0e99-456d-80e4-2db3c78abd8e","local_time":"20190709143230","is_ascension_mode":true,"campfire_choices":[{"floor":6,"key":"RECALL"},{"floor":8,"key":"REST"}],"neow_cost":"NONE","seed_source_timestamp":618881808345276,"circlet_count":0,"master_deck":["Strike_G","Strike_G","Strike_G","Strike_G","Strike_G","Defend_G","Defend_G","Defend_G","Defend_G","Defend_G","Survivor","Neutralize","Prepared","Masterful Stab","Backflip","PiercingWail","Noxious Fumes","Acrobatics","Dagger Throw"],"relics":["Ring of the Snake","Regal Pillow","Ancient Tea Set"],"potions_floor_usage":[10],"damage_taken":[{"damage":1,"enemies":"Small Slimes","floor":1,"turns":4},{"damage":4,"enemies":"2 Louse","floor":2,"turns":3},{"damage":0,"enemies":"Cultist","floor":3,"turns":4},{"damage":0,"enemies":"Looter","floor":5,"turns":3},{"damage":50,"enemies":"Lagavulin","floor":7,"turns":11},{"damage":69,"enemies":"Gremlin Nob","floor":10,"turns":6}],"seed_played":"1884414823221732937","potions_obtained":[{"floor":1,"key":"Fire Potion"},{"floor":3,"key":"Block Potion"},{"floor":7,"key":"SteroidPotion"}],"is_trial":false,"path_per_floor":["M","M","M","$","M","R","E","R","T","E"],"character_chosen":"THE_SILENT","items_purchased":["Noxious Fumes"],"campfire_rested":1,"item_purchase_floors":[4],"current_hp_per_floor":[69,65,65,65,65,65,15,51,51,0],"gold":119,"neow_bonus":"THREE_CARDS","is_prod":false,"is_daily":false,"chose_seed":false,"campfire_upgraded":0,"win_rate":0,"timestamp":1562707950,"path_taken":["M","M","M","$","M","R","E","R","T","E"],"build_version":"2019-07-05","purchased_purges":0,"victory":false,"max_hp_per_floor":[70,70,70,70,70,70,70,70,70,70],"card_choices":[{"not_picked":["Deadly Poison","Skewer"],"picked":"Prepared","floor":0},{"not_picked":["Deadly Poison","Dodge and Roll"],"picked":"Masterful Stab","floor":1},{"not_picked":["Dagger Spray","Poisoned Stab"],"picked":"Backflip","floor":2},{"not_picked":["Skewer","Poisoned Stab"],"picked":"PiercingWail","floor":3},{"not_picked":["Deadly Poison","Flechettes"],"picked":"Acrobatics","floor":5},{"not_picked":["Poisoned Stab","Catalyst"],"picked":"Dagger Throw","floor":7}],"player_experience":170296,"relics_obtained":[{"floor":7,"key":"Regal Pillow"},{"floor":9,"key":"Ancient Tea Set"}],"event_choices":[],"is_beta":false,"boss_relics":[],"items_purged_floors":[],"is_endless":false,"potions_floor_spawned":[1,3,7],"killed_by":"Gremlin Nob","ascension_level":3}