{"gold_per_floor":[363,363,513,525,25,25,25,45,45,10,27,62,62,94,94,94],"floor_reached":16,"playtime":531,"items_purged":["Doubt"],"score":216,"play_id":"4f75823a-3013-412e-8f66-6e55029af66e","local_time":"20190815130044","is_ascension_mode":true,"campfire_choices":[{"data":"Mayhem","floor":6,"key":"SMITH"},{"floor":13,"key":"REST"},{"floor":15,"key":"REST"}],"neow_cost":"TEN_PERCENT_HP_LOSS","seed_source_timestamp":1917445306752692,"circlet_count":0,"master_deck":["AscendersBane","Strike_G","Strike_G","Strike_G","Strike_G","Defend_G","Defend_G","Defend_G","Defend_G","Defend_G","Survivor","Neutralize","Outmaneuver","Dagger Spray","Mayhem+1","Predator","Deflect","Outmaneuver","Blur"],"relics":["Ring of the Snake","Oddly Smooth Stone","Mercury Hourglass","Frozen Egg 2","The Courier"],"potions_floor_usage":[14,14,16],"damage_taken":[{"damage":8,"enemies":"Jaw Worm","floor":1,"turns":8},{"damage":2,"enemies":"Small Slimes","floor":4,"turns":6},{"damage":0,"enemies":"Cultist","floor":8,"turns":4},{"damage":8,"enemies":"3 Louse","floor":11,"turns":2},{"damage":22,"enemies":"Lagavulin","floor":12,"turns":11},{"damage":32,"enemies":"Gremlin Nob","floor":14,"turns":4},{"damage":38,"enemies":"Slime Boss","floor":16,"turns":3}],"seed_played":"2465225946428789964","potions_obtained":[{"floor":4,"key":"Dexterity Potion"},{"floor":12,"key":"Poison Potion"},{"floor":14,"key":"Fire Potion"}],"is_trial":false,"path_per_floor":["M","?","?","M","$","R","$","M","T","?","M","E","R","E","R","B"],"character_chosen":"THE_SILENT","items_purchased":["Mayhem","Oddly Smooth Stone","Predator"],"campfire_rested":2,"item_purchase_floors":[5,5,5],"current_hp_per_floor":[51,44,44,42,42,42,42,42,42,57,49,27,45,13,31,0],"gold":94,"neow_bonus":"TWO_FIFTY_GOLD","is_prod":false,"is_daily":false,"chose_seed":false,"campfire_upgraded":1,"win_rate":0,"timestamp":1565899244,"path_taken":["M","?","?","M","$","R","$","M","T","?","M","E","R","E","R","BOSS"],"build_version":"2019-07-17","purchased_purges":1,"victory":false,"max_hp_per_floor":[60,60,60,60,60,60,60,60,60,60,60,60,60,60,60,60],"card_choices":[{"not_picked":["Acrobatics","Underhanded Strike"],"picked":"Outmaneuver","floor":1},{"not_picked":["Concentrate","Backstab"],"picked":"Dagger Spray","floor":4},{"not_picked":["Backflip","Bane"],"picked":"Deflect","floor":8},{"not_picked":["Quick Slash","Flying Knee","Dagger Throw"],"picked":"SKIP","floor":11},{"not_picked":["Skewer","Burst"],"picked":"Outmaneuver","floor":12},{"not_picked":["Skewer","Dodge and Roll"],"picked":"Blur","floor":14}],"player_experience":748684,"relics_obtained":[{"floor":9,"key":"Mercury Hourglass"},{"floor":12,"key":"Frozen Egg 2"},{"floor":14,"key":"The Courier"}],"event_choices":[{"cards_removed":["Strike_G"],"damage_healed":0,"gold_gain":0,"player_choice":"Card Removal","damage_taken":7,"max_hp_gain":0,"max_hp_loss":0,"event_name":"Golden Wing","floor":2,"gold_loss":0},{"damage_healed":0,"gold_gain":150,"player_choice":"AGREE","damage_taken":0,"max_hp_gain":0,"max_hp_loss":0,"event_name":"Liars Game","floor":3,"gold_loss":0,"cards_obtained":["Doubt"]},{"damage_healed":15,"gold_gain":0,"player_choice":"Healed","damage_taken":0,"max_hp_gain":0,"max_hp_loss":0,"event_name":"The Cleric","floor":10,"gold_loss":35}],"is_beta":false,"boss_relics":[],"items_purged_floors":[5],"is_endless":false,"potions_floor_spawned":[4,12,14],"killed_by":"Slime Boss","ascension_level":20}