{"gold_per_floor":[112,131,131,150,162,162,191,208,276,306,33,44,57,57,57,158,158,171,171,46,46,46,75,75,105,132,83,94,94,94,106,106,106],"floor_reached":33,"playtime":2425,"items_purged":["Strike_R","Defend_R"],"score":406,"play_id":"042ddd54-29fc-425a-91c1-31a4638fbf30","local_time":"20180910213023","is_ascension_mode":true,"campfire_choices":[{"data":"Armaments","floor":6,"key":"SMITH"},{"floor":15,"key":"REST"},{"data":"Juggernaut","floor":29,"key":"SMITH"},{"data":"True Grit","floor":32,"key":"SMITH"}],"neow_cost":"NONE","seed_source_timestamp":2092016337462865,"circlet_count":0,"master_deck":["Defend_R","Defend_R+1","Defend_R","Bash","Sentinel","Burning Pact+1","Shrug It Off","Armaments+1","Dropkick","Blood for Blood","Second Wind+1","Flex","Flame Barrier","Iron Wave","Juggernaut+1","Shrug It Off+1","Bite","Bite","Bite","Bite","Bite","Havoc","Ghostly","Ghostly","Ghostly","Ghostly","Ghostly","Twin Strike+1","Clash","True Grit+1","Body Slam","Body Slam+1"],"relics":["Runic Dome","Regal Pillow","Ornamental Fan","Gambling Chip","Oddly Smooth Stone","Sozu","Bag of Marbles","Bottled Lightning","Vajra","Singing Bowl"],"potions_floor_usage":[5,5,16,16],"damage_taken":[{"damage":6,"enemies":"Cultist","floor":1,"turns":3},{"damage":5,"enemies":"2 Louse","floor":2,"turns":2},{"damage":0,"enemies":"Small Slimes","floor":4,"turns":3},{"damage":0,"enemies":"Gremlin Gang","floor":5,"turns":1},{"damage":32,"enemies":"Gremlin Nob","floor":7,"turns":4},{"damage":13,"enemies":"Blue Slaver","floor":8,"turns":3},{"damage":0,"enemies":"Exordium Thugs","floor":12,"turns":3},{"damage":5,"enemies":"Gremlin Gang","floor":13,"turns":5},{"damage":52,"enemies":"Slime Boss","floor":16,"turns":19},{"damage":8,"enemies":"Spheric Guardian","floor":18,"turns":4},{"damage":11,"enemies":"Slavers","floor":23,"turns":8},{"damage":31,"enemies":"Gremlin Leader","floor":25,"turns":10},{"damage":0,"enemies":"3 Byrds","floor":28,"turns":4},{"damage":1,"enemies":"Snecko","floor":31,"turns":4},{"damage":34,"enemies":"Collector","floor":33,"turns":8}],"seed_played":"-62304891133893746","potions_obtained":[{"floor":1,"key":"Poison Potion"},{"floor":2,"key":"AttackPotion"},{"floor":4,"key":"Explosive Potion"},{"floor":7,"key":"Weak Potion"}],"is_trial":false,"path_per_floor":["M","M","?","M","M","R","E","M","T","?","$","M","M","?","R","B",null,"M","?","$","?","?","E","?","E","T","$","M","R","T","M","R"],"character_chosen":"IRONCLAD","items_purchased":["Oddly Smooth Stone","Flex","Havoc","True Grit"],"campfire_rested":1,"item_purchase_floors":[11,11,20,27],"current_hp_per_floor":[74,69,69,69,80,80,48,35,35,35,35,35,30,14,53,1,60,52,52,52,28,28,28,26,10,10,10,16,16,16,21,21,0],"gold":106,"neow_bonus":"BOSS_RELIC","is_prod":false,"is_daily":false,"chose_seed":false,"campfire_upgraded":3,"win_rate":0,"timestamp":1536607823,"path_taken":["M","?","?","M","?","R","E","M","T","?","$","?","M","?","R","BOSS","M","?","$","?","?","E","?","E","T","?","M","R","?","?","R","BOSS"],"build_version":"2018-09-06","purchased_purges":2,"victory":false,"max_hp_per_floor":[80,80,80,80,80,80,80,80,80,80,80,80,80,80,80,80,80,80,56,56,28,28,28,33,33,33,33,33,33,33,33,33,33],"card_choices":[{"not_picked":["Hemokinesis","Power Through"],"picked":"Sentinel","floor":1},{"not_picked":["Fire Breathing","Sword Boomerang"],"picked":"Burning Pact","floor":2},{"not_picked":["Clothesline","Sword Boomerang"],"picked":"Armaments","floor":4},{"not_picked":["Rage","Clash"],"picked":"Dropkick","floor":5},{"not_picked":["Spot Weakness","Clash"],"picked":"Blood for Blood","floor":7},{"not_picked":["Dual Wield","Pummel"],"picked":"Second Wind","floor":8},{"not_picked":["Warcry","Seeing Red"],"picked":"Flame Barrier","floor":12},{"not_picked":["Wild Strike","Heavy Blade"],"picked":"Iron Wave","floor":13},{"not_picked":["Immolate","Fiend Fire"],"picked":"Juggernaut","floor":16},{"not_picked":["Warcry","Cleave"],"picked":"Shrug It Off+1","floor":18},{"not_picked":["Flex","Searing Blow"],"picked":"Twin Strike+1","floor":23},{"not_picked":["Reckless Charge","Hemokinesis"],"picked":"Clash","floor":25},{"not_picked":["Twin Strike","Cleave+1"],"picked":"Body Slam","floor":28},{"not_picked":["True Grit","Warcry"],"picked":"Body Slam+1","floor":31}],"player_experience":441996,"relics_obtained":[{"floor":7,"key":"Regal Pillow"},{"floor":9,"key":"Ornamental Fan"},{"floor":23,"key":"Bag of Marbles"},{"floor":25,"key":"Bottled Lightning"},{"floor":26,"key":"Vajra"},{"floor":30,"key":"Singing Bowl"}],"event_choices":[{"event_name":"Match and Keep!","player_choice":"1 cards matched","floor":3,"damage_taken":0},{"event_name":"Dead Adventurer","player_choice":"Searched \u00272\u0027 times","floor":10,"damage_taken":0},{"event_name":"Shining Light","player_choice":"Entered Light","floor":14,"damage_taken":0},{"event_name":"Vampires","player_choice":"Became a vampire","floor":19,"damage_taken":0},{"event_name":"Ghosts","player_choice":"Became a Ghost","floor":21,"damage_taken":0},{"event_name":"Upgrade Shrine","player_choice":"Upgraded","floor":22,"damage_taken":0},{"event_name":"Forgotten Altar","player_choice":"Shed Blood","floor":24,"damage_taken":0}],"is_beta":false,"boss_relics":[{"not_picked":["Astrolabe","Coffee Dripper"],"picked":"Sozu"}],"items_purged_floors":[11,20],"is_endless":false,"potions_floor_spawned":[1,2,4,7,25,31],"killed_by":"Collector","ascension_level":5}