{"gold_per_floor":[112,112,8,19,38,38,68,81,81,98,98,111,128,128,128,128],"floor_reached":16,"playtime":707,"items_purged":["Defend_G"],"score":208,"play_id":"cf253226-4321-428b-adc9-43c76a67cada","local_time":"20190819230325","is_ascension_mode":true,"campfire_choices":[{"data":"Neutralize","floor":6,"key":"SMITH"},{"floor":11,"key":"REST"},{"data":"Backflip","floor":15,"key":"SMITH"}],"neow_cost":"NONE","seed_source_timestamp":104994855627000,"circlet_count":0,"master_deck":["AscendersBane","Strike_G","Strike_G","Strike_G","Defend_G","Defend_G","Defend_G","Defend_G","Survivor","Neutralize+1","Dagger Spray+1","Dagger Throw","Terror","Masterful Stab","Backstab","Backflip+1","Sucker Punch","Adrenaline","Injury"],"relics":["Empty Cage","Turnip","Darkstone Periapt","Golden Idol"],"potions_floor_usage":[7,10],"damage_taken":[{"damage":0,"enemies":"2 Louse","floor":1,"turns":6},{"damage":0,"enemies":"Cultist","floor":4,"turns":3},{"damage":0,"enemies":"Jaw Worm","floor":5,"turns":4},{"damage":46,"enemies":"Gremlin Nob","floor":7,"turns":5},{"damage":0,"enemies":"Exordium Wildlife","floor":8,"turns":2},{"damage":0,"enemies":"Looter","floor":10,"turns":1},{"damage":8,"enemies":"Large Slime","floor":12,"turns":4},{"damage":17,"enemies":"Lots of Slimes","floor":13,"turns":3},{"damage":15,"enemies":"Hexaghost","floor":16,"turns":9}],"seed_played":"2994539365947699563","potions_obtained":[{"floor":5,"key":"EssenceOfSteel"},{"floor":7,"key":"Fire Potion"},{"floor":8,"key":"Ancient Potion"},{"floor":13,"key":"Ancient Potion"}],"is_trial":false,"path_per_floor":["M","?","$","M","M","R","E","M","T","M","R","M","M","?","R","B"],"character_chosen":"THE_SILENT","items_purchased":["Dagger Throw"],"campfire_rested":1,"item_purchase_floors":[3],"current_hp_per_floor":[59,59,59,59,59,59,13,13,13,13,32,24,7,13,13,0],"gold":128,"neow_bonus":"BOSS_RELIC","is_prod":false,"is_daily":false,"chose_seed":false,"campfire_upgraded":2,"win_rate":0,"timestamp":1566248605,"path_taken":["M","?","$","?","M","R","E","M","T","M","R","M","M","?","R","BOSS"],"build_version":"2019-07-17","purchased_purges":1,"victory":false,"max_hp_per_floor":[66,66,66,66,66,66,66,66,66,66,66,66,66,72,72,72],"card_choices":[{"not_picked":["Choke","Deadly Poison"],"picked":"Dagger Spray","floor":1},{"not_picked":["Blade Dance","Reflex"],"picked":"Terror","floor":4},{"not_picked":["Bane","Backflip"],"picked":"Masterful Stab","floor":5},{"not_picked":["Finisher","Choke"],"picked":"Backstab","floor":7},{"not_picked":["Poisoned Stab","Outmaneuver","Expertise"],"picked":"SKIP","floor":8},{"not_picked":["Flying Knee","Dagger Throw"],"picked":"Backflip","floor":10},{"not_picked":["Blade Dance","Underhanded Strike"],"picked":"Sucker Punch","floor":12},{"not_picked":["Sucker Punch","Acrobatics"],"picked":"Adrenaline","floor":13}],"player_experience":1538001,"relics_obtained":[{"floor":7,"key":"Turnip"},{"floor":9,"key":"Darkstone Periapt"}],"event_choices":[{"damage_healed":0,"gold_gain":0,"player_choice":"Upgraded","damage_taken":0,"max_hp_gain":0,"max_hp_loss":0,"event_name":"Upgrade Shrine","floor":2,"gold_loss":0,"cards_upgraded":["Dagger Spray"]},{"damage_healed":0,"gold_gain":0,"player_choice":"Take Wound","damage_taken":0,"relics_obtained":["Golden Idol"],"max_hp_gain":0,"max_hp_loss":0,"event_name":"Golden Idol","floor":14,"gold_loss":0,"cards_obtained":["Injury"]}],"is_beta":false,"boss_relics":[],"items_purged_floors":[3],"is_endless":false,"potions_floor_spawned":[5,7,8,13],"killed_by":"Hexaghost","ascension_level":20}