{"gold_per_floor":[219,233,20,20,32,32,62,62,62,79,93,107,107],"floor_reached":13,"playtime":801,"items_purged":[],"score":161,"play_id":"3b8b8c96-b9ce-4279-8a33-c5deaf4da4c1","local_time":"20190731082444","is_ascension_mode":true,"campfire_choices":[{"data":"Chrysalis","floor":6.0,"key":"SMITH"},{"floor":8.0,"key":"REST"}],"neow_cost":"NONE","seed_source_timestamp":604587358054976,"circlet_count":0,"master_deck":["AscendersBane","Strike_G","Strike_G","Strike_G","Strike_G","Defend_G","Defend_G","Defend_G","Defend_G","Defend_G","Survivor","Neutralize","Sucker Punch","Dagger Spray","Chrysalis+1","Deflect","Cloak And Dagger","Infinite Blades","Footwork","Flechettes"],"special_seed":0,"relics":["Ring of the Snake","Pear","Bottled Lightning"],"potions_floor_usage":[],"damage_taken":[{"damage":1.0,"enemies":"Cultist","floor":1.0,"turns":4.0},{"damage":4.0,"enemies":"Small Slimes","floor":2.0,"turns":4.0},{"damage":3.0,"enemies":"Jaw Worm","floor":5.0,"turns":4.0},{"damage":39.0,"enemies":"Lagavulin","floor":7.0,"turns":10.0},{"damage":2.0,"enemies":"Looter","floor":10.0,"turns":4.0},{"damage":13.0,"enemies":"2 Fungi Beasts","floor":11.0,"turns":5.0},{"damage":17.0,"enemies":"Exordium Wildlife","floor":12.0,"turns":6.0},{"damage":6,"enemies":"3 Sentries","floor":13,"turns":3}],"seed_played":"8381604537288377235","potions_obtained":[{"floor":2.0,"key":"Strength Potion"},{"floor":7.0,"key":"Poison Potion"}],"is_trial":false,"path_per_floor":["M","M","$","?","M","R","E","R","T","M","M","M","E"],"character_chosen":"THE_SILENT","items_purchased":["Chrysalis"],"campfire_rested":1,"item_purchase_floors":[3],"current_hp_per_floor":[58,54,54,47,44,44,15,37,37,35,22,5,0],"gold":107,"neow_bonus":"HUNDRED_GOLD","is_prod":false,"is_daily":false,"chose_seed":false,"campfire_upgraded":1,"win_rate":0,"timestamp":1564586684,"path_taken":["M","?","$","?","M","R","E","R","T","M","M","M","E"],"build_version":"2019-07-17","purchased_purges":0,"victory":false,"max_hp_per_floor":[66,66,66,66,66,66,76,76,76,76,76,76,76],"card_choices":[{"not_picked":["Poisoned Stab","Masterful Stab"],"picked":"Sucker Punch","floor":1.0},{"not_picked":["Flying Knee","Predator"],"picked":"Dagger Spray","floor":2.0},{"not_picked":["All Out Attack","Poisoned Stab"],"picked":"Deflect","floor":5.0},{"not_picked":["Unload","Escape Plan"],"picked":"Cloak And Dagger","floor":7.0},{"not_picked":["Deflect","Prepared"],"picked":"Infinite Blades","floor":10.0},{"not_picked":["Underhanded Strike","PiercingWail"],"picked":"Footwork","floor":11.0},{"not_picked":["Bouncing Flask","Acrobatics"],"picked":"Flechettes","floor":12.0}],"player_experience":570263,"relics_obtained":[{"floor":7.0,"key":"Pear"},{"floor":9.0,"key":"Bottled Lightning"}],"event_choices":[{"cards_removed":["Strike_G"],"damage_healed":0.0,"max_hp_gain":0.0,"max_hp_loss":0.0,"gold_gain":0.0,"event_name":"Golden Wing","player_choice":"Card Removal","floor":4.0,"gold_loss":0.0,"damage_taken":7.0}],"is_beta":false,"boss_relics":[],"items_purged_floors":[],"is_endless":false,"potions_floor_spawned":[2,7],"killed_by":"3 Sentries","ascension_level":17}