{"gold_per_floor":[114,131,21,37,57,57,92,92,139,6,24,57,70,82,82,181,181,200,200,217,228,228,228,254,266,266,281,206,206,152,177,177,279,279,298,298,311,34,34,34,61,61,84,111,35,62,74,74,74,74],"floor_reached":51,"playtime":5302,"items_purged":["Strike_G"],"score":1172,"play_id":"8242b31b-0c52-4b68-a02b-93d868cba5ba","local_time":"20190726091136","is_ascension_mode":true,"campfire_choices":[{"data":"Tactician","floor":6.0,"key":"SMITH"},{"data":"Footwork","floor":8.0,"key":"SMITH"},{"data":"After Image","floor":15.0,"key":"SMITH"},{"data":"Reflex","floor":23,"key":"SMITH"},{"floor":29,"key":"REST"},{"floor":32,"key":"REST"},{"data":"A Thousand Cuts","floor":40,"key":"SMITH"},{"data":"A Thousand Cuts","floor":42,"key":"SMITH"},{"floor":49,"key":"REST"}],"neow_cost":"NONE","seed_source_timestamp":0,"circlet_count":0,"master_deck":["AscendersBane","Strike_G+1","Defend_G","Defend_G","Defend_G","Defend_G","Survivor","Neutralize","Sucker Punch","Tactician+1","Footwork+1","Choke+1","Quick Slash","Eviscerate","Underhanded Strike","Flash of Steel","Corpse Explosion","Reflex+1","Blur","After Image+1","Bullet Time","Backflip+1","Leg Sweep","Unload","Escape Plan+1","Doppelganger","Predator","Underhanded Strike","Adrenaline","Dodge and Roll","Adrenaline","Acrobatics+1","Blur+1","A Thousand Cuts+1","Reflex","Underhanded Strike","Quick Slash","Reflex","A Thousand Cuts+1","Deflect+1","Well Laid Plans","Backflip+1","Burst","Finesse"],"special_seed":0,"relics":["Ring of the Snake","Paper Crane","Happy Flower","Whetstone","HoveringKite","Nloth\u0027s Gift","Ancient Tea Set","Torii","Anchor","Sozu","Gremlin Horn","Bag of Marbles","Oddly Smooth Stone","PreservedInsect"],"potions_floor_usage":[44],"damage_taken":[{"damage":0.0,"enemies":"Small Slimes","floor":1.0,"turns":1.0},{"damage":0.0,"enemies":"2 Louse","floor":2.0,"turns":1.0},{"damage":0.0,"enemies":"Cultist","floor":4.0,"turns":1.0},{"damage":4.0,"enemies":"Looter","floor":5.0,"turns":4.0},{"damage":14.0,"enemies":"Lagavulin","floor":7.0,"turns":8.0},{"damage":4.0,"enemies":"Exordium Thugs","floor":11.0,"turns":5.0},{"damage":20.0,"enemies":"3 Sentries","floor":12.0,"turns":3.0},{"damage":2.0,"enemies":"Exordium Wildlife","floor":13.0,"turns":3.0},{"damage":4.0,"enemies":"Large Slime","floor":14.0,"turns":5.0},{"damage":9.0,"enemies":"The Guardian","floor":16.0,"turns":21.0},{"damage":6,"enemies":"Chosen","floor":18,"turns":6},{"damage":8,"enemies":"2 Thieves","floor":20,"turns":3},{"damage":4,"enemies":"Centurion and Healer","floor":21,"turns":7},{"damage":15,"enemies":"Book of Stabbing","floor":24,"turns":8},{"damage":6,"enemies":"Snake Plant","floor":25,"turns":9},{"damage":18,"enemies":"Shelled Parasite and Fungi","floor":27,"turns":6},{"damage":10,"enemies":"Automaton","floor":33,"turns":15},{"damage":0,"enemies":"3 Shapes","floor":35,"turns":2},{"damage":11,"enemies":"3 Darklings","floor":37,"turns":3},{"damage":13,"enemies":"Nemesis","floor":41,"turns":6},{"damage":18,"enemies":"Giant Head","floor":44,"turns":11},{"damage":1,"enemies":"Nemesis","floor":46,"turns":6},{"damage":0,"enemies":"4 Shapes","floor":47,"turns":4},{"damage":48,"enemies":"Donu and Deca","floor":50,"turns":8}],"seed_played":"9101619988099550290","potions_obtained":[{"floor":2.0,"key":"Regen Potion"},{"floor":5.0,"key":"AttackPotion"},{"floor":11.0,"key":"Dexterity Potion"},{"floor":24,"key":"Regen Potion"},{"floor":27,"key":"Poison Potion"}],"is_trial":false,"path_per_floor":["M","M","$","M","M","R","E","R","T","$","M","E","M","M","R","B",null,"M","?","M","M","?","R","E","M","T","M","?","R","$","T","R","B",null,"M","$","M","$","?","R","E","R","T","E","$","E","M","?","R","B",null],"character_chosen":"THE_SILENT","items_purchased":["Footwork","Underhanded Strike","Flash of Steel","Dodge and Roll","A Thousand Cuts","Reflex","Underhanded Strike","Quick Slash","Well Laid Plans"],"campfire_rested":3,"item_purchase_floors":[3,10,10,30,38,38,38,38,45],"current_hp_per_floor":[63,63,63,63,59,59,45,45,45,45,41,21,19,29,29,20,58,52,52,44,40,40,40,25,19,19,1,1,22,22,22,43,33,61,61,61,50,50,50,50,37,37,37,34,34,33,33,33,54,6],"gold":74,"neow_bonus":"THREE_ENEMY_KILL","is_prod":false,"is_daily":false,"chose_seed":false,"campfire_upgraded":6,"win_rate":0,"timestamp":1564157496,"path_taken":["M","M","$","M","M","R","E","R","T","$","M","E","M","M","R","BOSS","M","?","M","M","?","R","E","M","T","?","?","R","?","?","R","BOSS","M","$","M","$","?","R","E","R","T","E","?","E","M","?","R","BOSS"],"build_version":"2019-07-17","purchased_purges":1,"victory":true,"max_hp_per_floor":[70,70,70,70,70,70,70,70,70,70,70,70,70,70,70,70,70,70,70,70,70,70,70,70,70,70,70,70,70,70,70,70,70,70,70,70,70,70,70,70,70,70,70,70,70,70,70,70,70,70],"card_choices":[{"not_picked":["Bane","Slice"],"picked":"Sucker Punch","floor":1.0},{"not_picked":["Bane","Acrobatics"],"picked":"Tactician","floor":2.0},{"not_picked":["Poisoned Stab","Catalyst"],"picked":"Choke","floor":4.0},{"not_picked":["Backstab","Bane"],"picked":"Quick Slash","floor":5.0},{"not_picked":["Infinite Blades","Escape Plan"],"picked":"Eviscerate","floor":7.0},{"not_picked":["Deflect","Outmaneuver"],"picked":"Corpse Explosion","floor":11.0},{"not_picked":["Noxious Fumes","Accuracy"],"picked":"Reflex","floor":12.0},{"not_picked":["Outmaneuver","Blade Dance"],"picked":"Blur","floor":13.0},{"not_picked":["Eviscerate","Terror"],"picked":"After Image","floor":14.0},{"not_picked":["Venomology","Storm of Steel"],"picked":"Bullet Time","floor":16.0},{"not_picked":["Slice+1","Skewer"],"picked":"Backflip+1","floor":18},{"not_picked":["Flechettes","Backflip"],"picked":"Escape Plan+1","floor":20},{"not_picked":["Deadly Poison","Backflip+1"],"picked":"Doppelganger","floor":21},{"not_picked":["Caltrops","Corpse Explosion"],"picked":"Predator","floor":24},{"not_picked":["Flying Knee","Quick Slash"],"picked":"Underhanded Strike","floor":25},{"not_picked":["Poisoned Stab","Blur"],"picked":"Adrenaline","floor":27},{"not_picked":["Malaise","Glass Knife"],"picked":"Adrenaline","floor":33},{"not_picked":["Storm of Steel","Blade Dance"],"picked":"Acrobatics+1","floor":35},{"not_picked":["Eviscerate","Poisoned Stab+1"],"picked":"Blur+1","floor":37},{"not_picked":["Storm of Steel","Accuracy"],"picked":"A Thousand Cuts","floor":41},{"not_picked":["Deadly Poison","Choke+1"],"picked":"Deflect+1","floor":44},{"not_picked":["Skewer","Deflect"],"picked":"Backflip+1","floor":46},{"not_picked":["Choke+1","Leg Sweep"],"picked":"Burst","floor":47},{"not_picked":["Purity","Mind Blast"],"picked":"Finesse","floor":48}],"player_experience":491049,"relics_obtained":[{"floor":7.0,"key":"Paper Crane"},{"floor":9.0,"key":"Happy Flower"},{"floor":12.0,"key":"Whetstone"},{"floor":24,"key":"Ancient Tea Set"},{"floor":26,"key":"Torii"},{"floor":31,"key":"Anchor"},{"floor":41,"key":"Gremlin Horn"},{"floor":43,"key":"Bag of Marbles"},{"floor":44,"key":"Oddly Smooth Stone"},{"floor":46,"key":"PreservedInsect"}],"event_choices":[{"damage_healed":0,"gold_gain":0,"cards_transformed":["Strike_G","Strike_G"],"player_choice":"Became Test Subject","damage_taken":0,"max_hp_gain":0,"max_hp_loss":0,"event_name":"Drug Dealer","floor":19,"gold_loss":0,"cards_obtained":["Leg Sweep","Unload"]},{"damage_healed":0,"gold_gain":0,"player_choice":"Traded Relic","damage_taken":0,"relics_obtained":["Nloth\u0027s Gift"],"max_hp_gain":0,"max_hp_loss":0,"event_name":"N\u0027loth","floor":22,"relics_lost":["NeowsBlessing"],"gold_loss":0},{"cards_removed":["Strike_G"],"damage_healed":0,"gold_gain":0,"player_choice":"Gave Gold","damage_taken":0,"max_hp_gain":0,"max_hp_loss":0,"event_name":"Beggar","floor":28,"gold_loss":75},{"damage_healed":0,"gold_gain":0,"cards_transformed":["Defend_G"],"player_choice":"Transformed","damage_taken":0,"max_hp_gain":0,"max_hp_loss":0,"event_name":"Transmorgrifier","floor":39,"gold_loss":0,"cards_obtained":["Reflex"]},{"damage_healed":0,"gold_gain":0,"player_choice":"Memory 1","damage_taken":0,"max_hp_gain":0,"max_hp_loss":0,"event_name":"SensoryStone","floor":48,"gold_loss":0}],"is_beta":false,"boss_relics":[{"not_picked":["Ring of the Serpent","Philosopher\u0027s Stone"],"picked":"HoveringKite"},{"not_picked":["Eternal Feather","Busted Crown"],"picked":"Sozu"}],"items_purged_floors":[3],"is_endless":false,"potions_floor_spawned":[2,5,11,12,24,27,33,41,44],"ascension_level":11}