{"gold_per_floor":[111,131,12,23,43,72,72,83,83,83,94,94,7,24,24,96,96,36,36,36,36,36,36,36,36,36,36,0,0,0,0,0,0,0,0,0,0,0,0,0],"floor_reached":40,"playtime":3225,"items_purged":[],"score":849,"play_id":"e1d3b220-8d29-49fa-9f1c-64241ba3ba4a","local_time":"20190814091356","is_ascension_mode":true,"campfire_choices":[{"data":"Tools of the Trade","floor":7.0,"key":"SMITH"},{"data":"Terror","floor":12.0,"key":"SMITH"},{"floor":15.0,"key":"REST"},{"floor":23.0,"key":"REST"},{"data":"Tactician","floor":25.0,"key":"SMITH"},{"floor":30.0,"key":"REST"},{"floor":32.0,"key":"REST"}],"neow_cost":"NONE","seed_source_timestamp":1814087600624681,"circlet_count":0,"master_deck":["AscendersBane","Strike_G+1","Strike_G+1","Strike_G+1","Strike_G+1","Strike_G+1","Defend_G+1","Defend_G+1","Defend_G+1","Defend_G+1","Defend_G+1","Survivor","Neutralize","Tools of the Trade+1","Deflect","Underhanded Strike","Terror+1","Leg Sweep","Skewer","All Out Attack","Crippling Poison","Prepared","Glass Knife","Deflect+1","Reflex+1","Well Laid Plans","Glass Knife","Backflip","Tactician+1","After Image","Footwork","Footwork","Writhe","Slice+1","Adrenaline","Sucker Punch+1","Panache","Backflip+1","Dodge and Roll+1"],"special_seed":0,"relics":["Ring of the Snake","Strawberry","Bottled Tornado","Ectoplasm","War Paint","Ninja Scroll","Bag of Preparation","White Beast Statue"],"potions_floor_usage":[40],"damage_taken":[{"damage":6.0,"enemies":"Cultist","floor":1.0,"turns":6.0},{"damage":0.0,"enemies":"Jaw Worm","floor":2.0,"turns":5.0},{"damage":1.0,"enemies":"Small Slimes","floor":4.0,"turns":5.0},{"damage":6.0,"enemies":"3 Louse","floor":5.0,"turns":6.0},{"damage":13.0,"enemies":"3 Sentries","floor":6.0,"turns":9.0},{"damage":12.0,"enemies":"Exordium Wildlife","floor":8.0,"turns":5.0},{"damage":0.0,"enemies":"Looter","floor":11.0,"turns":3.0},{"damage":0.0,"enemies":"Large Slime","floor":14.0,"turns":4.0},{"damage":39.0,"enemies":"Slime Boss","floor":16.0,"turns":12.0},{"damage":24.0,"enemies":"2 Thieves","floor":18.0,"turns":4.0},{"damage":0.0,"enemies":"Chosen","floor":20.0,"turns":4.0},{"damage":5.0,"enemies":"Snecko","floor":21.0,"turns":5.0},{"damage":10.0,"enemies":"Snake Plant","floor":22.0,"turns":3.0},{"damage":10.0,"enemies":"3 Cultists","floor":24.0,"turns":6.0},{"damage":22.0,"enemies":"Gremlin Leader","floor":27.0,"turns":7.0},{"damage":2.0,"enemies":"Centurion and Healer","floor":31.0,"turns":6.0},{"damage":46.0,"enemies":"Automaton","floor":33.0,"turns":15.0},{"damage":23.0,"enemies":"Orb Walker","floor":35.0,"turns":5.0},{"damage":6.0,"enemies":"3 Shapes","floor":37.0,"turns":2.0},{"damage":18.0,"enemies":"Writhing Mass","floor":39.0,"turns":11.0},{"damage":11,"enemies":"Reptomancer","floor":40,"turns":2}],"seed_played":"-6193318162468799294","potions_obtained":[{"floor":2.0,"key":"Dexterity Potion"},{"floor":4.0,"key":"Swift Potion"},{"floor":5.0,"key":"SteroidPotion"},{"floor":6.0,"key":"SpeedPotion"},{"floor":18.0,"key":"Energy Potion"},{"floor":35.0,"key":"PowerPotion"}],"is_trial":false,"path_per_floor":["M","M","$","M","M","E","R","M","T","?","M","R","$","M","R","B",null,"M","?","M","M","M","R","M","R","T","E","?","?","R","M","R","B",null,"M","?","M","?","M","E"],"character_chosen":"THE_SILENT","items_purchased":["Terror","Leg Sweep","Reflex"],"campfire_rested":4,"item_purchase_floors":[3,3,13],"current_hp_per_floor":[53,53,53,52,46,40,40,28,28,28,28,28,28,28,49,10,57,33,33,33,28,18,39,29,29,29,7,7,7,28,26,47,1,55,32,32,26,26,8,0],"gold":0,"neow_bonus":"ONE_RANDOM_RARE_CARD","is_prod":false,"is_daily":false,"chose_seed":false,"campfire_upgraded":3,"win_rate":0,"timestamp":1565799236,"path_taken":["M","M","$","M","?","E","R","M","T","?","M","R","$","?","R","BOSS","M","?","M","M","M","R","M","R","T","E","?","?","R","?","R","BOSS","M","?","M","?","M","E"],"build_version":"2019-07-17","purchased_purges":0,"victory":false,"max_hp_per_floor":[66,66,66,66,66,73,73,73,73,73,73,73,73,73,73,73,73,73,73,73,73,73,73,73,73,73,73,73,73,73,73,73,73,73,73,73,73,69,69,69],"card_choices":[{"not_picked":["Poisoned Stab","Calculated Gamble"],"picked":"Deflect","floor":1.0},{"not_picked":["Flying Knee","Poisoned Stab"],"picked":"Underhanded Strike","floor":2.0},{"not_picked":["Poisoned Stab","Infinite Blades"],"picked":"Skewer","floor":4.0},{"not_picked":["Poisoned Stab","Bane"],"picked":"All Out Attack","floor":5.0},{"not_picked":["Slice","Expertise"],"picked":"Crippling Poison","floor":6.0},{"not_picked":["Flying Knee","Backflip"],"picked":"Prepared","floor":8.0},{"not_picked":["Dash","Poisoned Stab"],"picked":"Deflect","floor":11.0},{"not_picked":["Backflip","Quick Slash"],"picked":"Well Laid Plans","floor":14.0},{"not_picked":["After Image","Tools of the Trade"],"picked":"Glass Knife","floor":16.0},{"not_picked":["Heel Hook","Poisoned Stab","Setup"],"picked":"SKIP","floor":18.0},{"not_picked":["Escape Plan","Quick Slash"],"picked":"Backflip","floor":20.0},{"not_picked":["Backflip","Sucker Punch"],"picked":"Tactician","floor":21.0},{"not_picked":["Setup","Outmaneuver"],"picked":"After Image","floor":22.0},{"not_picked":["Deadly Poison","Heel Hook"],"picked":"Footwork","floor":24.0},{"not_picked":["Quick Slash","Deadly Poison"],"picked":"Footwork","floor":27.0},{"not_picked":["Bane+1","Choke"],"picked":"Slice+1","floor":31.0},{"not_picked":["Tools of the Trade","Die Die Die"],"picked":"Adrenaline","floor":33.0},{"not_picked":["Blade Dance","Slice+1"],"picked":"Sucker Punch+1","floor":35.0},{"not_picked":["Dark Shackles","Apotheosis"],"picked":"Panache","floor":36.0},{"not_picked":["Prepared","Masterful Stab"],"picked":"Backflip+1","floor":37.0},{"not_picked":["Infinite Blades","Blade Dance"],"picked":"Dodge and Roll+1","floor":39.0}],"player_experience":714398,"relics_obtained":[{"floor":6.0,"key":"Strawberry"},{"floor":9.0,"key":"Bottled Tornado"},{"floor":26.0,"key":"War Paint"},{"floor":27.0,"key":"Ninja Scroll"}],"event_choices":[{"damage_healed":0.0,"max_hp_gain":0.0,"max_hp_loss":0.0,"gold_gain":0.0,"event_name":"Match and Keep!","player_choice":"1 cards matched","floor":10.0,"gold_loss":0.0,"damage_taken":0.0,"cards_obtained":["Glass Knife"]},{"damage_healed":0.0,"max_hp_gain":0.0,"max_hp_loss":0.0,"gold_gain":0.0,"event_name":"Back to Basics","player_choice":"Simplicity","floor":19.0,"gold_loss":0.0,"damage_taken":0.0,"cards_upgraded":["Strike_G","Strike_G","Strike_G","Strike_G","Strike_G","Defend_G","Defend_G","Defend_G","Defend_G","Defend_G"]},{"damage_healed":0.0,"max_hp_gain":0.0,"max_hp_loss":0.0,"gold_gain":0.0,"event_name":"Masked Bandits","player_choice":"Paid Fearfully","floor":28.0,"gold_loss":36.0,"damage_taken":0.0},{"damage_healed":0.0,"max_hp_gain":0.0,"max_hp_loss":0.0,"gold_gain":0.0,"event_name":"The Mausoleum","player_choice":"Opened","floor":29.0,"gold_loss":0.0,"damage_taken":0.0,"relics_obtained":["Bag of Preparation"],"cards_obtained":["Writhe"]},{"damage_healed":0.0,"max_hp_gain":0.0,"max_hp_loss":0.0,"gold_gain":0.0,"event_name":"SensoryStone","player_choice":"Memory 1","floor":36.0,"gold_loss":0.0,"damage_taken":0.0},{"damage_healed":0.0,"max_hp_gain":0.0,"max_hp_loss":4.0,"gold_gain":0.0,"event_name":"Winding Halls","player_choice":"Max HP","floor":38.0,"gold_loss":0.0,"damage_taken":0.0}],"is_beta":false,"boss_relics":[{"not_picked":["Empty Cage","Eternal Feather"],"picked":"Ectoplasm"},{"not_picked":["Runic Dome","Orrery"],"picked":"White Beast Statue"}],"items_purged_floors":[],"is_endless":false,"potions_floor_spawned":[2,4,5,6,14,18,20,21,31,35,37,39],"killed_by":"Reptomancer","ascension_level":20}