{"gold_per_floor":[117,136,9,26,37,37,56,76,76,76,90,90,125,38,38,114,414,427,59,59,9,9,9,19,19,19,19,47,47,57,57],"floor_reached":31,"playtime":1052,"items_purged":["Shame","Shame"],"score":510,"play_id":"be9d343b-3887-4c9b-93d5-3808a5ef8c85","local_time":"20190815144003","is_ascension_mode":true,"campfire_choices":[{"data":"Noxious Fumes","floor":6,"key":"SMITH"},{"data":"Bane","floor":10,"key":"SMITH"},{"floor":12,"key":"REST"},{"data":"Riddle With Holes","floor":15,"key":"SMITH"},{"data":"Bullet Time","floor":23,"key":"SMITH"},{"floor":25,"key":"REST"},{"data":"Terror","floor":27,"key":"SMITH"},{"floor":29,"key":"REST"}],"neow_cost":"NONE","seed_source_timestamp":1922880072597571,"circlet_count":0,"master_deck":["AscendersBane","Strike_G+1","Strike_G+1","Strike_G+1","Strike_G+1","Strike_G+1","Defend_G+1","Defend_G+1","Defend_G+1","Defend_G+1","Defend_G+1","Survivor","Neutralize+1","Riddle With Holes+1","Dagger Spray","Noxious Fumes+1","PiercingWail","Sucker Punch+1","Bane+1","Crippling Poison","Footwork","PiercingWail","Malaise","Footwork","Bullet Time+1","Injury","Terror+1","Bane+1","PiercingWail","Crippling Poison"],"relics":["Ring of the Snake","NeowsBlessing","Ornamental Fan","Anchor","Calling Bell","Smiling Mask","Molten Egg 2","Old Coin","Ice Cream","Thread and Needle","Whetstone"],"potions_floor_usage":[7,13,13,28,28],"damage_taken":[{"damage":0,"enemies":"Cultist","floor":1,"turns":1},{"damage":0,"enemies":"Jaw Worm","floor":2,"turns":1},{"damage":0,"enemies":"Small Slimes","floor":4,"turns":1},{"damage":5,"enemies":"Red Slaver","floor":5,"turns":5},{"damage":0,"enemies":"2 Fungi Beasts","floor":7,"turns":2},{"damage":22,"enemies":"Lots of Slimes","floor":8,"turns":4},{"damage":3,"enemies":"Looter","floor":11,"turns":3},{"damage":19,"enemies":"Lagavulin","floor":13,"turns":6},{"damage":29,"enemies":"Hexaghost","floor":16,"turns":11},{"damage":27,"enemies":"2 Thieves","floor":18,"turns":5},{"damage":10,"enemies":"3 Byrds","floor":24,"turns":5},{"damage":16,"enemies":"Slavers","floor":28,"turns":8},{"damage":28,"enemies":"Sentry and Sphere","floor":30,"turns":7},{"damage":16,"enemies":"Snecko","floor":31,"turns":3}],"seed_played":"-7449343432032541838","potions_obtained":[{"floor":1,"key":"Poison Potion"},{"floor":5,"key":"Fire Potion"},{"floor":8,"key":"Regen Potion"},{"floor":13,"key":"Poison Potion"},{"floor":18,"key":"Weak Potion"},{"floor":24,"key":"Fire Potion"}],"is_trial":false,"path_per_floor":["M","M","$","M","M","R","M","M","T","R","M","R","E","$","R","B",null,"M","$","?","$","$","R","M","R","T","R","E","R","M","M"],"character_chosen":"THE_SILENT","items_purchased":["Noxious Fumes","PiercingWail","Footwork","Ice Cream"],"campfire_rested":3,"item_purchase_floors":[3,3,14,19],"current_hp_per_floor":[59,59,59,59,54,54,54,32,32,32,29,48,44,44,44,15,53,26,26,26,26,26,26,16,35,35,35,19,38,10,0],"gold":57,"neow_bonus":"THREE_ENEMY_KILL","is_prod":false,"is_daily":false,"chose_seed":false,"campfire_upgraded":5,"win_rate":0,"timestamp":1565905203,"path_taken":["M","?","$","M","M","R","M","M","T","R","M","R","E","$","R","BOSS","M","$","?","?","$","R","?","R","T","R","E","R","M","M"],"build_version":"2019-07-17","purchased_purges":2,"victory":false,"max_hp_per_floor":[66,66,66,66,66,66,66,66,66,66,66,66,66,66,66,66,66,66,66,66,66,66,66,66,66,66,66,66,66,66,66],"card_choices":[{"not_picked":["Reflex","Calculated Gamble"],"picked":"Riddle With Holes","floor":1},{"not_picked":["Concentrate","Outmaneuver"],"picked":"Dagger Spray","floor":2},{"not_picked":["PiercingWail","Tactician"],"picked":"Sucker Punch","floor":4},{"not_picked":["Cloak And Dagger","Heel Hook"],"picked":"Bane","floor":5},{"not_picked":["Underhanded Strike","PiercingWail"],"picked":"Crippling Poison","floor":7},{"not_picked":["Deflect","Bane"],"picked":"Footwork","floor":8},{"not_picked":["Slice","Accuracy"],"picked":"PiercingWail","floor":11},{"not_picked":["Prepared","Underhanded Strike"],"picked":"Malaise","floor":13},{"not_picked":["Tools of the Trade","Adrenaline"],"picked":"Bullet Time","floor":16},{"not_picked":["Prepared","Poisoned Stab+1"],"picked":"Terror","floor":18},{"not_picked":["PiercingWail","Unload+1"],"picked":"Bane+1","floor":24},{"not_picked":["Dagger Throw+1","Choke+1"],"picked":"PiercingWail","floor":28},{"not_picked":["Poisoned Stab+1","Acrobatics"],"picked":"Crippling Poison","floor":30}],"player_experience":752051,"relics_obtained":[{"floor":9,"key":"Ornamental Fan"},{"floor":13,"key":"Anchor"},{"floor":17,"key":"Smiling Mask"},{"floor":17,"key":"Molten Egg 2"},{"floor":17,"key":"Old Coin"},{"floor":26,"key":"Thread and Needle"},{"floor":28,"key":"Whetstone"}],"event_choices":[{"damage_healed":0,"gold_gain":0,"player_choice":"Simplicity","damage_taken":0,"max_hp_gain":0,"max_hp_loss":0,"event_name":"Back to Basics","floor":20,"gold_loss":0,"cards_upgraded":["Strike_G","Strike_G","Strike_G","Strike_G","Strike_G","Defend_G","Defend_G","Defend_G","Defend_G","Defend_G"]}],"is_beta":false,"boss_relics":[{"not_picked":["WristBlade","HoveringKite"],"picked":"Calling Bell"}],"items_purged_floors":[19,21],"is_endless":false,"potions_floor_spawned":[1,5,8,13,18,24],"killed_by":"Snecko","ascension_level":20}