{"gold_per_floor":[113,113,113,133,133,160,160,187,212,241,253,272,272,304,304,304],"floor_reached":16,"playtime":1640,"items_purged":[],"score":186,"play_id":"1e3b6a09-ef38-4805-8136-91f134ec274c","local_time":"20190718150652","is_ascension_mode":true,"campfire_choices":[{"data":"Acrobatics","floor":7,"key":"SMITH"},{"floor":13,"key":"REST"},{"data":"Footwork","floor":15,"key":"SMITH"}],"neow_cost":"NONE","seed_source_timestamp":522107917220990,"circlet_count":0,"master_deck":["Strike_G","Strike_G","Strike_G","Strike_G","Strike_G","Defend_G","Defend_G","Defend_G","Defend_G","Defend_G","Survivor","Neutralize","Acrobatics+1","Blade Dance","Predator","Dodge and Roll","Flying Knee","Footwork+1","Sucker Punch"],"relics":["Ring of the Snake","Boot","Thread and Needle","Ornamental Fan","Oddly Smooth Stone","Omamori","Strawberry"],"potions_floor_usage":[6,8,12,14,16],"damage_taken":[{"damage":0,"enemies":"Cultist","floor":1,"turns":5},{"damage":0,"enemies":"2 Louse","floor":4,"turns":3},{"damage":23,"enemies":"3 Sentries","floor":6,"turns":14},{"damage":34,"enemies":"Gremlin Nob","floor":8,"turns":6},{"damage":13,"enemies":"3 Sentries","floor":10,"turns":12},{"damage":0,"enemies":"Jaw Worm","floor":11,"turns":3},{"damage":2,"enemies":"Exordium Thugs","floor":12,"turns":6},{"damage":10,"enemies":"Gremlin Nob","floor":14,"turns":4},{"damage":33,"enemies":"Slime Boss","floor":16,"turns":9}],"seed_played":"-6929058801546607914","potions_obtained":[{"floor":4,"key":"Poison Potion"},{"floor":6,"key":"SpeedPotion"},{"floor":10,"key":"Strength Potion"},{"floor":12,"key":"LiquidBronze"},{"floor":14,"key":"Strength Potion"}],"is_trial":false,"path_per_floor":["M","?","?","M","?","E","R","E","T","E","M","M","R","E","R","B"],"character_chosen":"THE_SILENT","items_purchased":[],"campfire_rested":1,"item_purchase_floors":[],"current_hp_per_floor":[70,70,63,63,77,54,54,20,20,7,7,5,28,25,25,0],"gold":304,"neow_bonus":"TEN_PERCENT_HP_BONUS","is_prod":false,"is_daily":false,"chose_seed":false,"campfire_upgraded":2,"win_rate":0,"timestamp":1563487612,"path_taken":["M","?","?","M","?","E","R","E","T","E","?","M","R","E","R","BOSS"],"build_version":"2019-07-17","purchased_purges":0,"victory":false,"max_hp_per_floor":[77,77,77,77,77,77,77,77,77,77,77,77,77,84,84,84],"card_choices":[{"not_picked":["PiercingWail","Bouncing Flask"],"picked":"Acrobatics","floor":1},{"not_picked":["Dagger Throw","Accuracy"],"picked":"Noxious Fumes","floor":4},{"not_picked":["Backstab","Bouncing Flask"],"picked":"Blade Dance","floor":6},{"not_picked":["Crippling Poison","Dagger Spray"],"picked":"Predator","floor":8},{"not_picked":["Grand Finale","Calculated Gamble"],"picked":"Dodge and Roll","floor":10},{"not_picked":["Predator","Eviscerate"],"picked":"Flying Knee","floor":11},{"not_picked":["Calculated Gamble","Sucker Punch"],"picked":"Footwork","floor":12},{"not_picked":["Bane","Dagger Spray"],"picked":"Sucker Punch","floor":14}],"player_experience":364951,"relics_obtained":[{"floor":6,"key":"Thread and Needle"},{"floor":8,"key":"Ornamental Fan"},{"floor":9,"key":"Oddly Smooth Stone"},{"floor":10,"key":"Omamori"},{"floor":14,"key":"Strawberry"}],"event_choices":[{"damage_healed":0,"gold_gain":0,"player_choice":"Ignored","damage_taken":0,"max_hp_gain":0,"max_hp_loss":0,"event_name":"Liars Game","floor":2,"gold_loss":0},{"damage_healed":0,"gold_gain":0,"player_choice":"Success","damage_taken":7,"relics_obtained":["Boot"],"max_hp_gain":0,"max_hp_loss":0,"event_name":"Scrap Ooze","floor":3,"gold_loss":0},{"cards_removed":["Noxious Fumes"],"damage_healed":14,"gold_gain":0,"player_choice":"Offered Uncommon","damage_taken":0,"max_hp_gain":0,"max_hp_loss":0,"event_name":"Bonfire Elementals","floor":5,"gold_loss":0}],"is_beta":false,"boss_relics":[],"items_purged_floors":[],"is_endless":false,"potions_floor_spawned":[4,6,10,12,14],"killed_by":"Slime Boss","ascension_level":9}