{"gold_per_floor":[14,14,14,14,14,14,52,72,120,120,120,135,135,158,158,249,249,264,257,277,277,202,202,42,75,100,100,144,144,37,57,57,57],"floor_reached":33,"playtime":2446,"items_purged":["Strike_G"],"score":464,"play_id":"fec548c2-78d8-4f2e-999b-c488cb83c166","local_time":"20190729110059","is_ascension_mode":true,"campfire_choices":[{"data":"Accuracy","floor":6.0,"key":"SMITH"},{"floor":11.0,"key":"REST"},{"floor":13.0,"key":"REST"},{"data":"Blade Dance","floor":15.0,"key":"SMITH"},{"floor":23.0,"key":"REST"},{"floor":27.0,"key":"REST"},{"data":"Well Laid Plans","floor":32.0,"key":"SMITH"}],"neow_cost":"NO_GOLD","seed_source_timestamp":438381668622992,"circlet_count":0,"master_deck":["AscendersBane","Strike_G","Defend_G","Defend_G","Defend_G","Defend_G","Defend_G","Survivor","Neutralize","After Image+1","Accuracy+1","Slice","Blade Dance+1","Tactician","Caltrops","Tools of the Trade","Underhanded Strike","Caltrops","Backflip+1","Accuracy","Outmaneuver","Predator+1","Well Laid Plans+1","Acrobatics","Flying Knee","PiercingWail"],"special_seed":0,"relics":["Ring of the Snake","Golden Idol","Ninja Scroll","Centennial Puzzle","The Specimen","Empty Cage","Enchiridion","Regal Pillow","Bag of Preparation","Mercury Hourglass"],"potions_floor_usage":[33],"damage_taken":[{"damage":0.0,"enemies":"Jaw Worm","floor":1.0,"turns":6.0},{"damage":42.0,"enemies":"3 Sentries","floor":7.0,"turns":18.0},{"damage":0.0,"enemies":"2 Louse","floor":8.0,"turns":2.0},{"damage":0.0,"enemies":"Small Slimes","floor":12.0,"turns":3.0},{"damage":0.0,"enemies":"3 Louse","floor":14.0,"turns":4.0},{"damage":9.0,"enemies":"Slime Boss","floor":16.0,"turns":7.0},{"damage":18.0,"enemies":"Spheric Guardian","floor":18.0,"turns":3.0},{"damage":3.0,"enemies":"2 Thieves","floor":19.0,"turns":4.0},{"damage":17.0,"enemies":"Centurion and Healer","floor":20.0,"turns":6.0},{"damage":12.0,"enemies":"Gremlin Leader","floor":25.0,"turns":5.0},{"damage":27.0,"enemies":"Book of Stabbing","floor":28.0,"turns":4.0},{"damage":14.0,"enemies":"Cultist and Chosen","floor":31.0,"turns":6.0},{"damage":41,"enemies":"Collector","floor":33,"turns":8}],"seed_played":"1660178552508621991","potions_obtained":[{"floor":7.0,"key":"Poison Potion"},{"floor":8.0,"key":"Weak Potion"},{"floor":14.0,"key":"Strength Potion"},{"floor":25.0,"key":"Strength Potion"},{"floor":28.0,"key":"Swift Potion"},{"floor":31.0,"key":"Poison Potion"}],"is_trial":false,"path_per_floor":["M","?","?","?","$","R","E","M","T","?","R","M","R","M","R","B",null,"M","M","M","?","?","R","$","E","T","R","E","?","$","M","R","B"],"character_chosen":"THE_SILENT","items_purchased":["Accuracy","Outmaneuver","Acrobatics","Flying Knee"],"campfire_rested":4,"item_purchase_floors":[24,24,30,30],"current_hp_per_floor":[63,63,68,68,68,68,26,26,26,8,28,28,48,48,48,39,62,44,41,24,8,8,28,28,16,16,51,24,47,47,33,33,0],"gold":57,"neow_bonus":"THREE_RARE_CARDS","is_prod":false,"is_daily":false,"chose_seed":false,"campfire_upgraded":3,"win_rate":0,"timestamp":1564423259,"path_taken":["M","?","?","?","$","R","E","M","T","?","R","?","R","M","R","BOSS","M","M","M","?","?","R","$","E","T","R","E","?","$","M","R","BOSS"],"build_version":"2019-07-17","purchased_purges":1,"victory":false,"max_hp_per_floor":[70,70,75,69,69,69,69,69,69,69,69,69,69,69,69,69,69,69,69,69,69,69,69,69,69,69,69,69,69,69,69,69,69],"card_choices":[{"not_picked":["Grand Finale","Storm of Steel"],"picked":"After Image","floor":0.0},{"not_picked":["Cloak And Dagger","Deadly Poison"],"picked":"Accuracy","floor":1.0},{"not_picked":["Choke","Doppelganger"],"picked":"Slice","floor":7.0},{"not_picked":["Poisoned Stab","Quick Slash"],"picked":"Blade Dance","floor":8.0},{"not_picked":["Prepared","Poisoned Stab"],"picked":"Tactician","floor":12.0},{"not_picked":["Concentrate","Slice"],"picked":"Caltrops","floor":14.0},{"not_picked":["Night Terror","Doppelganger"],"picked":"Tools of the Trade","floor":16.0},{"not_picked":["Poisoned Stab","Caltrops+1"],"picked":"Underhanded Strike","floor":18.0},{"not_picked":["Dagger Spray","Poisoned Stab"],"picked":"Caltrops","floor":19.0},{"not_picked":["Escape Plan","Predator"],"picked":"Backflip+1","floor":20.0},{"not_picked":["Poisoned Stab","Quick Slash"],"picked":"Predator+1","floor":25.0},{"not_picked":["Accuracy+1","Burst"],"picked":"Well Laid Plans","floor":28.0},{"not_picked":["Well Laid Plans","Dodge and Roll"],"picked":"PiercingWail","floor":31.0}],"player_experience":530547,"relics_obtained":[{"floor":7.0,"key":"Ninja Scroll"},{"floor":9.0,"key":"Centennial Puzzle"},{"floor":21.0,"key":"Enchiridion"},{"floor":25.0,"key":"Regal Pillow"},{"floor":26.0,"key":"Bag of Preparation"},{"floor":28.0,"key":"Mercury Hourglass"}],"event_choices":[{"damage_healed":0.0,"max_hp_gain":0.0,"max_hp_loss":0.0,"gold_gain":0.0,"event_name":"Living Wall","player_choice":"Grow","floor":2.0,"gold_loss":0.0,"damage_taken":0.0,"cards_upgraded":["After Image"]},{"damage_healed":0.0,"max_hp_gain":5.0,"max_hp_loss":0.0,"gold_gain":0.0,"event_name":"Big Fish","player_choice":"Donut","floor":3.0,"gold_loss":0.0,"damage_taken":0.0},{"damage_healed":0.0,"max_hp_gain":0.0,"max_hp_loss":6.0,"gold_gain":0.0,"event_name":"Golden Idol","player_choice":"Lose Max HP","floor":4.0,"gold_loss":0.0,"damage_taken":0.0,"relics_obtained":["Golden Idol"]},{"damage_healed":0.0,"max_hp_gain":0.0,"max_hp_loss":0.0,"gold_gain":0.0,"event_name":"Scrap Ooze","player_choice":"Success","floor":10.0,"gold_loss":0.0,"damage_taken":18.0,"relics_obtained":["The Specimen"]},{"damage_healed":0.0,"max_hp_gain":0.0,"max_hp_loss":0.0,"gold_gain":0.0,"event_name":"Cursed Tome","player_choice":"Obtained Book","floor":21.0,"gold_loss":0.0,"damage_taken":16.0},{"cards_removed":["Strike_G"],"damage_healed":0.0,"max_hp_gain":0.0,"max_hp_loss":0.0,"gold_gain":0.0,"event_name":"Beggar","player_choice":"Gave Gold","floor":22.0,"gold_loss":75.0,"damage_taken":0.0},{"damage_healed":23.0,"max_hp_gain":0.0,"max_hp_loss":0.0,"gold_gain":0.0,"event_name":"The Library","player_choice":"Heal","floor":29.0,"gold_loss":0.0,"damage_taken":0.0}],"is_beta":false,"boss_relics":[{"not_picked":["White Beast Statue","Tiny House"],"picked":"Empty Cage"}],"items_purged_floors":[24],"is_endless":false,"potions_floor_spawned":[7,8,14,25,28,31],"killed_by":"Collector","ascension_level":13}