{"gold_per_floor":[114,189,201,201,201,43,68,83,161,161,172,172,172,172],"floor_reached":14,"playtime":527,"items_purged":[],"score":176,"play_id":"87c1d20e-ee83-420d-a167-97092dbf178f","local_time":"20190820151925","is_ascension_mode":true,"campfire_choices":[{"data":"Pommel Strike","floor":10,"key":"SMITH"}],"neow_cost":"NONE","seed_source_timestamp":163732896675800,"circlet_count":0,"master_deck":["AscendersBane","Strike_R","Strike_R","Strike_R","Strike_R","Strike_R","Defend_R","Defend_R","Defend_R","Defend_R","Bash","Anger+1","Sword Boomerang","Pommel Strike+1"],"relics":["Philosopher\u0027s Stone","Pen Nib","Anchor","Blue Candle","Girya"],"potions_floor_usage":[14,14],"damage_taken":[{"damage":2,"enemies":"Small Slimes","floor":1,"turns":4},{"damage":9,"enemies":"2 Louse","floor":3,"turns":3},{"damage":16,"enemies":"Lagavulin","floor":7,"turns":4},{"damage":0,"enemies":"Cultist","floor":8,"turns":2},{"damage":0,"enemies":"3 Louse","floor":11,"turns":2},{"damage":18,"enemies":"3 Sentries","floor":14,"turns":3}],"seed_played":"388148069514826767","potions_obtained":[{"floor":1,"key":"Fruit Juice"},{"floor":3,"key":"SmokeBomb"},{"floor":8,"key":"SpeedPotion"}],"is_trial":false,"path_per_floor":["M","?","M","?","?","$","E","M","T","R","M","?","?","E"],"character_chosen":"IRONCLAD","items_purchased":["Pen Nib"],"campfire_rested":0,"item_purchase_floors":[6],"current_hp_per_floor":[66,55,46,46,46,46,30,30,30,30,30,30,12,0],"gold":172,"neow_bonus":"BOSS_RELIC","is_prod":false,"is_daily":false,"chose_seed":false,"campfire_upgraded":1,"win_rate":0,"timestamp":1566307165,"path_taken":["M","?","M","?","?","$","E","M","T","R","?","?","?","E"],"build_version":"2019-07-17","purchased_purges":0,"victory":false,"max_hp_per_floor":[75,75,75,75,75,75,75,75,75,75,75,75,75,80],"card_choices":[{"not_picked":["Blood for Blood","Armaments"],"picked":"Anger","floor":1},{"not_picked":["Wild Strike","Havoc"],"picked":"Sword Boomerang","floor":3},{"not_picked":["Rampage","Fiend Fire"],"picked":"Pommel Strike","floor":7},{"not_picked":["Perfected Strike","Flex","Corruption"],"picked":"SKIP","floor":8},{"not_picked":["Searing Blow","Thunderclap","Sentinel"],"picked":"SKIP","floor":11}],"player_experience":1552825,"relics_obtained":[{"floor":7,"key":"Anchor"},{"floor":9,"key":"Blue Candle"}],"event_choices":[{"damage_healed":0,"gold_gain":75,"player_choice":"Gather Gold","damage_taken":11,"max_hp_gain":0,"max_hp_loss":0,"event_name":"World of Goop","floor":2,"gold_loss":0},{"damage_healed":0,"gold_gain":0,"player_choice":"Grow","damage_taken":0,"max_hp_gain":0,"max_hp_loss":0,"event_name":"Living Wall","floor":4,"gold_loss":0,"cards_upgraded":["Anger"]},{"damage_healed":0,"gold_gain":0,"player_choice":"0 cards matched","damage_taken":0,"max_hp_gain":0,"max_hp_loss":0,"event_name":"Match and Keep!","floor":5,"gold_loss":0,"cards_obtained":[]},{"damage_healed":0,"gold_gain":0,"player_choice":"Ignored","damage_taken":0,"max_hp_gain":0,"max_hp_loss":0,"event_name":"Shining Light","floor":12,"gold_loss":0},{"damage_healed":0,"gold_gain":0,"player_choice":"Success","damage_taken":18,"relics_obtained":["Girya"],"max_hp_gain":0,"max_hp_loss":0,"event_name":"Scrap Ooze","floor":13,"gold_loss":0}],"is_beta":false,"boss_relics":[],"items_purged_floors":[],"is_endless":false,"potions_floor_spawned":[1,3,8],"killed_by":"3 Sentries","ascension_level":20}