{"gold_per_floor":[115,115,135,211,50,78,3,23,77,97,114,114,132,163,163,163],"floor_reached":16,"playtime":791,"items_purged":["Strike_G"],"score":224,"play_id":"aed36690-d20d-45e6-b797-f2cff94e4dca","local_time":"20190814115559","is_ascension_mode":true,"campfire_choices":[{"floor":12.0,"key":"REST"},{"floor":15,"key":"REST"}],"neow_cost":"NONE","seed_source_timestamp":1826838279059462,"circlet_count":0,"master_deck":["AscendersBane","Strike_G","Strike_G","Strike_G","Strike_G","Defend_G","Defend_G","Defend_G","Defend_G","Defend_G","Survivor","Neutralize+1","Predator+1","Sucker Punch","Prepared","Cloak And Dagger","Escape Plan","Dagger Spray","Masterful Stab"],"special_seed":0,"relics":["Ring of the Snake","Oddly Smooth Stone","Juzu Bracelet","Tiny Chest","Regal Pillow"],"potions_floor_usage":[14],"damage_taken":[{"damage":10.0,"enemies":"Jaw Worm","floor":1.0,"turns":7.0},{"damage":0.0,"enemies":"Cultist","floor":3.0,"turns":3.0},{"damage":26.0,"enemies":"3 Sentries","floor":6.0,"turns":8.0},{"damage":0.0,"enemies":"2 Louse","floor":8.0,"turns":2.0},{"damage":0.0,"enemies":"2 Fungi Beasts","floor":10.0,"turns":4.0},{"damage":9.0,"enemies":"Gremlin Gang","floor":11.0,"turns":5.0},{"damage":2.0,"enemies":"Large Slime","floor":13.0,"turns":6.0},{"damage":9,"enemies":"Lagavulin","floor":14,"turns":8},{"damage":56,"enemies":"Hexaghost","floor":16,"turns":12}],"seed_played":"-7066759331213516540","potions_obtained":[{"floor":1.0,"key":"Dexterity Potion"},{"floor":3.0,"key":"Dexterity Potion"}],"is_trial":false,"path_per_floor":["M","?","M","?","$","E","$","M","T","M","M","R","M","E","R","B"],"character_chosen":"THE_SILENT","items_purchased":["Oddly Smooth Stone"],"campfire_rested":2,"item_purchase_floors":[5],"current_hp_per_floor":[49,49,49,49,49,23,23,23,23,23,14,33,31,22,56,0],"gold":163,"neow_bonus":"UPGRADE_CARD","is_prod":false,"is_daily":false,"chose_seed":false,"campfire_upgraded":0,"win_rate":0,"timestamp":1565808959,"path_taken":["M","?","?","?","$","E","$","M","T","M","M","R","M","E","R","BOSS"],"build_version":"2019-07-17","purchased_purges":1,"victory":false,"max_hp_per_floor":[66,66,66,66,66,66,66,66,66,66,66,66,66,66,66,66],"card_choices":[{"not_picked":["Eviscerate","Infinite Blades"],"picked":"Predator","floor":1.0},{"not_picked":["Deadly Poison","Predator"],"picked":"Sucker Punch","floor":3.0},{"not_picked":["Blade Dance","Acrobatics"],"picked":"Prepared","floor":6.0},{"not_picked":["Prepared","Sucker Punch"],"picked":"Cloak And Dagger","floor":8.0},{"not_picked":["Quick Slash","Grand Finale"],"picked":"Escape Plan","floor":10.0},{"not_picked":["Masterful Stab","Blade Dance","Backstab"],"picked":"SKIP","floor":11.0},{"not_picked":["Cloak And Dagger","Distraction"],"picked":"Dagger Spray","floor":13.0},{"not_picked":["Dagger Throw","Backstab"],"picked":"Masterful Stab","floor":14}],"player_experience":724185,"relics_obtained":[{"floor":6.0,"key":"Juzu Bracelet"},{"floor":9.0,"key":"Tiny Chest"},{"floor":14,"key":"Regal Pillow"}],"event_choices":[{"damage_healed":0.0,"max_hp_gain":0.0,"max_hp_loss":0.0,"gold_gain":0.0,"event_name":"Upgrade Shrine","player_choice":"Upgraded","floor":2.0,"gold_loss":0.0,"damage_taken":0.0,"cards_upgraded":["Predator"]},{"damage_healed":0.0,"max_hp_gain":0.0,"max_hp_loss":0.0,"gold_gain":76.0,"event_name":"Golden Wing","player_choice":"Gained Gold","floor":4.0,"gold_loss":0.0,"damage_taken":0.0}],"is_beta":false,"boss_relics":[],"items_purged_floors":[7],"is_endless":false,"potions_floor_spawned":[1,3,10],"killed_by":"Hexaghost","ascension_level":20}