{"gold_per_floor":[111,111,111,111,124,157,0,17,91,111,111,130,130,148,148,243,243,228,588,588,687,701,714,714,727,727,754,754,769,769,17,17,120,120,134,134,59,59,69,101,101,101,101,126,142,142,153,7,7,7],"floor_reached":51,"playtime":5436,"items_purged":["Strike_G","Decay"],"score":863,"play_id":"14a0b4db-58ff-4fac-9dac-296dc71845bf","local_time":"20180813192257","is_ascension_mode":true,"campfire_choices":[{"data":"Crippling Poison","floor":11,"key":"SMITH"},{"data":"Footwork","floor":13,"key":"SMITH"},{"floor":15,"key":"REST"},{"data":"Catalyst","floor":28,"key":"SMITH"},{"data":"Adrenaline","floor":30,"key":"SMITH"},{"floor":32,"key":"REST"},{"floor":49,"key":"REST"}],"neow_cost":"CURSE","seed_source_timestamp":233247225116377,"circlet_count":0,"master_deck":["Defend_G","Defend_G+1","Defend_G","Defend_G","Survivor+1","Neutralize","Tools of the Trade","Poisoned Stab","Underhanded Strike","PiercingWail","Crippling Poison+1","Backflip","Backflip","Footwork+1","Catalyst+1","Adrenaline+1","Bandage Up","Decay","Backflip+1","Bane+1","Decay","Dash","Catalyst+1","PiercingWail+1","Underhanded Strike+1","Injury","Night Terror","Apotheosis","Magnetism","Panache","Bane+1","Deadly Poison"],"relics":["Ring of the Snake","Darkstone Periapt","Ninja Scroll","War Paint","Kunai","Cursed Key","Art of War","Girya","DollysMirror","Mango","Gremlin Horn","Velvet Choker","Happy Flower","Molten Egg 2","Dodecahedron","Regal Pillow"],"potions_floor_usage":[6,16,22,22,27,33,33,40,45,50],"damage_taken":[{"damage":0,"enemies":"2 Louse","floor":1,"turns":5},{"damage":0,"enemies":"Cultist","floor":5,"turns":3},{"damage":33,"enemies":"Gremlin Nob","floor":6,"turns":6},{"damage":0,"enemies":"Jaw Worm","floor":8,"turns":2},{"damage":1,"enemies":"Looter","floor":10,"turns":3},{"damage":0,"enemies":"Lots of Slimes","floor":12,"turns":2},{"damage":0,"enemies":"Blue Slaver","floor":14,"turns":4},{"damage":0,"enemies":"The Guardian","floor":16,"turns":11},{"damage":0,"enemies":"2 Thieves","floor":18,"turns":4},{"damage":4,"enemies":"Shell Parasite","floor":22,"turns":5},{"damage":0,"enemies":"Chosen and Byrds","floor":23,"turns":5},{"damage":14,"enemies":"Sentry and Sphere","floor":25,"turns":6},{"damage":5,"enemies":"Slavers","floor":27,"turns":7},{"damage":24,"enemies":"Centurion and Healer","floor":29,"turns":5},{"damage":20,"enemies":"Automaton","floor":33,"turns":9},{"damage":4,"enemies":"3 Darklings","floor":35,"turns":4},{"damage":2,"enemies":"Orb Walker","floor":39,"turns":3},{"damage":75,"enemies":"2 Orb Walkers","floor":40,"turns":7},{"damage":13,"enemies":"Giant Head","floor":44,"turns":8},{"damage":22,"enemies":"Sphere and 2 Shapes","floor":45,"turns":5},{"damage":15,"enemies":"4 Shapes","floor":47,"turns":4},{"damage":52,"enemies":"Awakened One","floor":50,"turns":11}],"seed_played":"-1514054361787962611","potions_obtained":[{"floor":5,"key":"EssenceOfSteel"},{"floor":10,"key":"SteroidPotion"},{"floor":12,"key":"Ancient Potion"},{"floor":14,"key":"Regen Potion"},{"floor":23,"key":"LiquidBronze"},{"floor":25,"key":"GamblersBrew"},{"floor":33,"key":"SteroidPotion"},{"floor":35,"key":"AttackPotion"},{"floor":40,"key":"Ancient Potion"},{"floor":44,"key":"Weak Potion"}],"is_trial":false,"path_per_floor":["M","?","?","T","M","E","$","M","T","M","R","M","R","M","R","B",null,"M","?","?","?","M","M","?","M","T","E","R","M","R","$","R","B",null,"M","?","$","?","M","E","T","?","T","E","M","?","M","$","R","B"],"character_chosen":"THE_SILENT","items_purchased":["War Paint","DollysMirror","Mango","Gremlin Horn","Deadly Poison"],"campfire_rested":3,"item_purchase_floors":[7,31,31,31,48],"current_hp_per_floor":[70,70,63,63,63,30,30,30,30,29,29,29,29,29,50,50,70,70,21,27,27,42,46,46,36,42,41,41,21,21,35,63,47,96,92,96,96,96,96,25,31,89,95,86,68,58,43,43,86,40],"gold":7,"neow_bonus":"TRANSFORM_TWO_CARDS","is_prod":false,"is_daily":false,"chose_seed":false,"campfire_upgraded":4,"win_rate":0,"timestamp":1534180977,"path_taken":["M","?","?","?","M","E","$","M","T","M","R","?","R","M","R","BOSS","M","?","?","?","M","?","?","M","T","E","R","?","R","$","R","BOSS","M","?","$","?","?","E","?","?","T","E","M","?","M","?","R","BOSS"],"build_version":"2018-08-09","purchased_purges":2,"victory":true,"max_hp_per_floor":[70,70,70,70,70,70,70,70,70,70,70,70,70,70,70,70,70,70,70,76,76,76,76,76,76,82,82,82,82,82,96,96,96,96,96,96,96,96,96,96,102,89,95,95,95,95,95,95,95,95],"card_choices":[{"not_picked":["Cloak And Dagger","Acrobatics"],"picked":"Underhanded Strike","floor":1},{"not_picked":["Cloak And Dagger","Slice"],"picked":"PiercingWail","floor":5},{"not_picked":["Tactician","Cloak And Dagger"],"picked":"Crippling Poison","floor":6},{"not_picked":["Sucker Punch","Skewer"],"picked":"Backflip","floor":8},{"not_picked":["Skewer","Dagger Spray"],"picked":"Backflip","floor":10},{"not_picked":["Dagger Spray","Riddle With Holes"],"picked":"Footwork","floor":12},{"not_picked":["Deadly Poison","Blade Dance"],"picked":"Catalyst","floor":14},{"not_picked":["Storm of Steel","Doppelganger"],"picked":"Adrenaline","floor":16},{"not_picked":["Blur","Endless Agony","Masterful Stab"],"picked":"SKIP","floor":18},{"not_picked":["Outmaneuver+1","Blade Dance+1"],"picked":"Backflip+1","floor":22},{"not_picked":["Skewer","Dodge and Roll","Choke+1"],"picked":"SKIP","floor":23},{"not_picked":["Dodge and Roll+1","Reflex+1"],"picked":"Bane+1","floor":25},{"not_picked":["Blade Dance","Distraction"],"picked":"Dash","floor":27},{"not_picked":["All Out Attack","Choke","Finisher"],"picked":"SKIP","floor":29},{"not_picked":["Leg Sweep","Calculated Gamble+1","Endless Agony+1"],"picked":"SKIP","floor":35},{"not_picked":["Tactician+1","Outmaneuver"],"picked":"PiercingWail+1","floor":39},{"not_picked":["Bane","Infinite Blades+1"],"picked":"Underhanded Strike+1","floor":40},{"not_picked":["Accuracy","Dagger Spray+1"],"picked":"Night Terror","floor":44},{"not_picked":["Riddle With Holes+1","Blade Dance","Dodge and Roll+1"],"picked":"SKIP","floor":45},{"not_picked":["Finesse","Master of Strategy"],"picked":"Apotheosis","floor":46},{"not_picked":["Secret Technique","Jack Of All Trades"],"picked":"Magnetism","floor":46},{"not_picked":["Thinking Ahead","Trip"],"picked":"Panache","floor":46},{"not_picked":["Setup+1","Acrobatics"],"picked":"Bane+1","floor":47}],"player_experience":298055,"relics_obtained":[{"floor":4,"key":"Darkstone Periapt"},{"floor":6,"key":"Ninja Scroll"},{"floor":9,"key":"Kunai"},{"floor":26,"key":"Art of War"},{"floor":27,"key":"Girya"},{"floor":40,"key":"Happy Flower"},{"floor":41,"key":"Molten Egg 2"},{"floor":43,"key":"Dodecahedron"},{"floor":44,"key":"Regal Pillow"}],"event_choices":[{"event_name":"Purifier","player_choice":"One Purge","floor":2,"damage_taken":0},{"event_name":"Golden Wing","player_choice":"Card Removal","floor":3,"damage_taken":0},{"event_name":"Knowing Skull","player_choice":"CARD POTION GOLD GOLD GOLD GOLD ","floor":19,"damage_taken":0},{"event_name":"Forgotten Altar","player_choice":"Smashed Altar","floor":20,"damage_taken":0},{"event_name":"Nest","player_choice":"Stole From Cult","floor":21,"damage_taken":0},{"event_name":"Back to Basics","player_choice":"Elegance","floor":24,"damage_taken":0},{"event_name":"Wheel of Change","player_choice":"Full Heal","floor":36,"damage_taken":0},{"event_name":"Falling","player_choice":"Removed Skill","floor":38,"damage_taken":0},{"event_name":"The Moai Head","player_choice":"Heal","floor":42,"damage_taken":0},{"event_name":"SensoryStone","player_choice":"Memory 3","floor":46,"damage_taken":0}],"is_beta":false,"boss_relics":[{"not_picked":["Eternal Feather","Pandora\u0027s Box"],"picked":"Cursed Key"},{"not_picked":["Sozu","Runic Pyramid"],"picked":"Velvet Choker"}],"items_purged_floors":[37,48],"is_endless":false,"potions_floor_spawned":[5,10,12,14,23,25,33,35,40,44],"ascension_level":1}