{"gold_per_floor":[123,154,181,212,237,274,1,1,28,47,80,80,155,174,174,278,278,293,306,306],"floor_reached":20,"playtime":2787,"items_purged":[],"score":309,"play_id":"903b30f8-c55f-4bc1-8be2-6d2a4ecfe896","local_time":"20190717140449","is_ascension_mode":true,"campfire_choices":[{"data":"After Image","floor":8,"key":"SMITH"},{"floor":12,"key":"REST"},{"floor":15,"key":"REST"}],"neow_cost":"NONE","seed_source_timestamp":430835994640962,"circlet_count":0,"master_deck":["Survivor","Neutralize","Outmaneuver","Backflip","Terror","Crippling Poison","Underhanded Strike","After Image+1","Footwork","Outmaneuver","Backflip","Expertise","Acrobatics","After Image","Doppelganger","Grand Finale","A Thousand Cuts","Doppelganger","Malaise","Terror","Bane","Terror","Phantasmal Killer","Corpse Explosion","Acrobatics","Underhanded Strike"],"relics":["Ring of the Snake","MawBank","Matryoshka","Bag of Preparation","Snake Skull","PreservedInsect","Ancient Tea Set","Pandora\u0027s Box"],"potions_floor_usage":[11,11,11,16,20],"damage_taken":[{"damage":2,"enemies":"Jaw Worm","floor":1,"turns":6},{"damage":2,"enemies":"2 Louse","floor":2,"turns":4},{"damage":2,"enemies":"Small Slimes","floor":3,"turns":5},{"damage":4,"enemies":"2 Fungi Beasts","floor":4,"turns":5},{"damage":4,"enemies":"Exordium Wildlife","floor":5,"turns":5},{"damage":28,"enemies":"Lagavulin","floor":6,"turns":8},{"damage":14,"enemies":"Exordium Thugs","floor":10,"turns":8},{"damage":0,"enemies":"Gremlin Nob","floor":11,"turns":5},{"damage":0,"enemies":"2 Fungi Beasts","floor":14,"turns":3},{"damage":33,"enemies":"The Guardian","floor":16,"turns":22},{"damage":24,"enemies":"3 Byrds","floor":18,"turns":4},{"damage":13,"enemies":"Shell Parasite","floor":19,"turns":6},{"damage":18,"enemies":"Chosen and Byrds","floor":20,"turns":4}],"seed_played":"3277021397946787165","potions_obtained":[{"floor":1,"key":"EssenceOfSteel"},{"floor":2,"key":"Poison Potion"},{"floor":4,"key":"GamblersBrew"},{"floor":11,"key":"Weak Potion"},{"floor":19,"key":"AttackPotion"}],"is_trial":false,"path_per_floor":["M","M","M","M","M","E","$","R","T","M","E","R","?","M","R","B",null,"M","M","M"],"character_chosen":"THE_SILENT","items_purchased":["Footwork","Bag of Preparation","Outmaneuver"],"campfire_rested":2,"item_purchase_floors":[7,7,7],"current_hp_per_floor":[61,59,57,53,49,21,21,21,21,7,7,28,17,17,38,5,54,30,17,0],"gold":306,"neow_bonus":"RANDOM_COMMON_RELIC","is_prod":false,"is_daily":false,"chose_seed":false,"campfire_upgraded":1,"win_rate":0,"timestamp":1563397489,"path_taken":["M","M","M","M","M","E","$","R","T","M","E","R","?","M","R","BOSS","M","M","M"],"build_version":"2019-07-05","purchased_purges":0,"victory":false,"max_hp_per_floor":[70,70,70,70,70,70,70,70,70,70,70,70,70,70,70,70,70,70,70,70],"card_choices":[{"not_picked":["Endless Agony","Quick Slash"],"picked":"Outmaneuver","floor":1},{"not_picked":["Outmaneuver","Blade Dance"],"picked":"Backflip","floor":2},{"not_picked":["Finisher","Blur"],"picked":"Terror","floor":3},{"not_picked":["Well Laid Plans","Riddle With Holes"],"picked":"Crippling Poison","floor":4},{"not_picked":["Prepared","Dodge and Roll"],"picked":"Underhanded Strike","floor":5},{"not_picked":["Outmaneuver","Caltrops"],"picked":"After Image","floor":6},{"not_picked":["Slice","Quick Slash"],"picked":"Backflip","floor":10},{"not_picked":["Glass Knife","Blade Dance"],"picked":"Expertise","floor":11},{"not_picked":["All Out Attack","Dodge and Roll"],"picked":"Acrobatics","floor":14},{"not_picked":["Corpse Explosion","Wraith Form v2"],"picked":"After Image","floor":16},{"not_picked":["Underhanded Strike","Deadly Poison"],"picked":"Acrobatics","floor":18},{"not_picked":["Masterful Stab","Catalyst"],"picked":"Underhanded Strike","floor":19}],"player_experience":338359,"relics_obtained":[{"floor":6,"key":"Matryoshka"},{"floor":9,"key":"Snake Skull"},{"floor":9,"key":"PreservedInsect"},{"floor":11,"key":"Ancient Tea Set"}],"event_choices":[{"damage_healed":0,"gold_gain":75,"player_choice":"Gather Gold","damage_taken":11,"max_hp_gain":0,"max_hp_loss":0,"event_name":"World of Goop","floor":13,"gold_loss":0}],"is_beta":false,"boss_relics":[{"not_picked":["Busted Crown","Lizard Tail"],"picked":"Pandora\u0027s Box"}],"items_purged_floors":[],"is_endless":false,"potions_floor_spawned":[1,2,4,10,11,19],"killed_by":"Chosen and Byrds","ascension_level":9}