{"gold_per_floor":[110,23,123,13,25,51,61,90,141,141,172,172,225,256,256,356,356,328,341,256,31,49,49,79,79,79,97,112,37,66,0,0,0],"floor_reached":33,"playtime":2727,"items_purged":[],"score":386,"play_id":"6601fc83-8639-4a62-90b9-79cd2e323c98","local_time":"20190710153443","is_ascension_mode":true,"campfire_choices":[{"floor":10,"key":"REST"},{"floor":12,"key":"REST"},{"data":"Terror","floor":15,"key":"SMITH"},{"floor":23,"key":"RECALL"},{"floor":25,"key":"REST"},{"floor":32,"key":"REST"}],"neow_cost":"NONE","seed_source_timestamp":707016022834850,"circlet_count":0,"master_deck":["Strike_G","Strike_G","Strike_G+1","Strike_G","Defend_G","Defend_G","Defend_G","Defend_G","Defend_G","Survivor","Neutralize","Escape Plan","Masterful Stab","PiercingWail","Masterful Stab+1","Noxious Fumes","Blade Dance","Terror+1","Finisher","Grand Finale","Caltrops","Acrobatics","After Image","Noxious Fumes","Dagger Spray","Metamorphosis","Prepared","Dagger Throw+1","PiercingWail","Outmaneuver+1","Sucker Punch","Dash+1"],"relics":["Ring of the Snake","Matryoshka","Bag of Marbles","Ancient Tea Set","Orichalcum","Anchor","Pantograph","Lizard Tail","Ornamental Fan","Bag of Preparation","Whetstone","Art of War"],"potions_floor_usage":[16,22,24,24,24,27,33],"damage_taken":[{"damage":0,"enemies":"Small Slimes","floor":1,"turns":3},{"damage":0,"enemies":"Cultist","floor":5,"turns":2},{"damage":41,"enemies":"Lagavulin","floor":6,"turns":7},{"damage":0,"enemies":"2 Louse","floor":7,"turns":1},{"damage":25,"enemies":"3 Sentries","floor":8,"turns":7},{"damage":0,"enemies":"Gremlin Nob","floor":11,"turns":1},{"damage":29,"enemies":"3 Sentries","floor":14,"turns":7},{"damage":37,"enemies":"The Guardian","floor":16,"turns":13},{"damage":3,"enemies":"2 Thieves","floor":18,"turns":5},{"damage":6,"enemies":"Spheric Guardian","floor":19,"turns":5},{"damage":27,"enemies":"Shelled Parasite and Fungi","floor":22,"turns":7},{"damage":27,"enemies":"Gremlin Leader","floor":24,"turns":5},{"damage":14,"enemies":"Centurion and Healer","floor":27,"turns":7},{"damage":39,"enemies":"Chosen and Byrds","floor":28,"turns":9},{"damage":9,"enemies":"Book of Stabbing","floor":30,"turns":4},{"damage":79,"enemies":"Champ","floor":33,"turns":9}],"seed_played":"1919767564071917966","potions_obtained":[{"floor":1,"key":"GamblersBrew"},{"floor":8,"key":"SteroidPotion"},{"floor":16,"key":"Explosive Potion"},{"floor":19,"key":"Dexterity Potion"},{"floor":22,"key":"Strength Potion"},{"floor":24,"key":"Weak Potion"},{"floor":30,"key":"EssenceOfSteel"}],"is_trial":false,"path_per_floor":["M","$","?","$","M","E","M","E","T","R","E","R","?","E","R","B",null,"M","M","?","$","M","R","E","R","T","M","M","?","E","?","R","B"],"character_chosen":"THE_SILENT","items_purchased":["Masterful Stab","PiercingWail","Masterful Stab","Noxious Fumes","Metamorphosis","Prepared"],"campfire_rested":4,"item_purchase_floors":[2,2,4,4,21,21],"current_hp_per_floor":[77,77,77,77,77,36,36,11,11,34,34,57,57,28,28,16,77,74,68,68,68,41,41,14,37,37,23,23,23,14,14,37,0],"gold":0,"neow_bonus":"TEN_PERCENT_HP_BONUS","is_prod":false,"is_daily":false,"chose_seed":false,"campfire_upgraded":1,"win_rate":0,"timestamp":1562798083,"path_taken":["M","$","?","?","M","E","M","E","T","R","E","R","?","E","R","BOSS","M","M","?","$","M","R","E","R","T","M","M","?","E","?","R","BOSS"],"build_version":"2019-07-05","purchased_purges":0,"victory":false,"max_hp_per_floor":[77,77,77,77,77,77,77,77,77,77,77,77,77,77,77,77,77,77,77,77,77,77,77,77,77,77,77,77,77,77,77,77,77],"card_choices":[{"not_picked":["Quick Slash","Deadly Poison"],"picked":"Escape Plan","floor":1},{"not_picked":["Bane","All Out Attack"],"picked":"Blade Dance","floor":5},{"not_picked":["Blur","Bouncing Flask"],"picked":"Terror","floor":6},{"not_picked":["Escape Plan","Heel Hook"],"picked":"Finisher","floor":7},{"not_picked":["Setup","All Out Attack"],"picked":"Grand Finale","floor":8},{"not_picked":["Skewer","Calculated Gamble"],"picked":"Caltrops","floor":11},{"not_picked":["Infinite Blades","Predator"],"picked":"Acrobatics","floor":14},{"not_picked":["Night Terror","Grand Finale"],"picked":"After Image","floor":16},{"not_picked":["Outmaneuver","Slice+1"],"picked":"Noxious Fumes","floor":18},{"not_picked":["Poisoned Stab","Expertise"],"picked":"Dagger Spray","floor":19},{"not_picked":["Expertise+1","Bouncing Flask"],"picked":"Dagger Throw+1","floor":22},{"not_picked":["Bane","Dodge and Roll"],"picked":"PiercingWail","floor":24},{"not_picked":["Leg Sweep","Eviscerate"],"picked":"Outmaneuver+1","floor":27},{"not_picked":["Outmaneuver","Dagger Throw"],"picked":"Sucker Punch","floor":28},{"not_picked":["Acrobatics+1","Infinite Blades"],"picked":"Dash+1","floor":30}],"player_experience":193648,"relics_obtained":[{"floor":6,"key":"Matryoshka"},{"floor":8,"key":"Bag of Marbles"},{"floor":9,"key":"Ancient Tea Set"},{"floor":9,"key":"Orichalcum"},{"floor":11,"key":"Anchor"},{"floor":14,"key":"Pantograph"},{"floor":24,"key":"Bag of Preparation"},{"floor":26,"key":"Whetstone"},{"floor":30,"key":"Art of War"}],"event_choices":[{"damage_healed":0,"gold_gain":100,"player_choice":"Pray","damage_taken":0,"max_hp_gain":0,"max_hp_loss":0,"event_name":"Golden Shrine","floor":3,"gold_loss":0},{"damage_healed":0,"gold_gain":53,"player_choice":"Gained Gold","damage_taken":0,"max_hp_gain":0,"max_hp_loss":0,"event_name":"Golden Wing","floor":13,"gold_loss":0},{"damage_healed":0,"gold_gain":0,"player_choice":"Obtained Relic","damage_taken":0,"relics_obtained":["Ornamental Fan"],"max_hp_gain":0,"max_hp_loss":0,"event_name":"Addict","floor":20,"gold_loss":85},{"cards_removed":["Strike_G"],"damage_healed":0,"gold_gain":0,"player_choice":"Gave Gold","damage_taken":0,"max_hp_gain":0,"max_hp_loss":0,"event_name":"Beggar","floor":29,"gold_loss":75},{"damage_healed":0,"gold_gain":0,"player_choice":"Paid Fearfully","damage_taken":0,"max_hp_gain":0,"max_hp_loss":0,"event_name":"Masked Bandits","floor":31,"gold_loss":66}],"is_beta":false,"boss_relics":[{"not_picked":["Runic Pyramid","Calling Bell"],"picked":"Lizard Tail"}],"items_purged_floors":[],"is_endless":false,"potions_floor_spawned":[1,8,16,19,22,24,30],"killed_by":"Champ","ascension_level":3}