{"gold_per_floor":[210,228,243,253,271,301,316,316],"floor_reached":8,"playtime":881,"items_purged":[],"score":90,"play_id":"06666f7e-e873-4330-bce7-808cf1f77e73","local_time":"20190718155244","is_ascension_mode":true,"campfire_choices":[],"neow_cost":"NONE","seed_source_timestamp":525619333744921,"circlet_count":0,"master_deck":["Strike_G","Strike_G","Strike_G","Strike_G","Strike_G","Defend_G","Defend_G","Defend_G","Defend_G","Defend_G","Survivor","Neutralize","Infinite Blades","Dagger Throw","Dash","Underhanded Strike","Deflect","Acrobatics","Flying Knee"],"relics":["Ring of the Snake","Oddly Smooth Stone"],"potions_floor_usage":[7,8,8],"damage_taken":[{"damage":3,"enemies":"Cultist","floor":1,"turns":6},{"damage":11,"enemies":"Small Slimes","floor":2,"turns":5},{"damage":1,"enemies":"2 Louse","floor":3,"turns":4},{"damage":21,"enemies":"Lots of Slimes","floor":4,"turns":7},{"damage":2,"enemies":"Exordium Wildlife","floor":5,"turns":4},{"damage":11,"enemies":"3 Sentries","floor":6,"turns":9},{"damage":0,"enemies":"3 Louse","floor":7,"turns":4},{"damage":15,"enemies":"Lagavulin","floor":8,"turns":5}],"seed_played":"-3585978631649660334","potions_obtained":[{"floor":1,"key":"Block Potion"},{"floor":3,"key":"Strength Potion"},{"floor":5,"key":"Weak Potion"},{"floor":6,"key":"PowerPotion"}],"is_trial":false,"path_per_floor":["M","M","M","M","M","E","M","E"],"character_chosen":"THE_SILENT","items_purchased":[],"campfire_rested":0,"item_purchase_floors":[],"current_hp_per_floor":[60,49,48,27,25,14,14,0],"gold":316,"neow_bonus":"HUNDRED_GOLD","is_prod":false,"is_daily":false,"chose_seed":false,"campfire_upgraded":0,"win_rate":0,"timestamp":1563490364,"path_taken":["M","M","M","?","M","E","M","E"],"build_version":"2019-07-17","purchased_purges":0,"victory":false,"max_hp_per_floor":[70,70,70,70,70,70,70,70],"card_choices":[{"not_picked":["Dash","Prepared"],"picked":"Infinite Blades","floor":1},{"not_picked":["Backstab","Expertise"],"picked":"Dagger Throw","floor":2},{"not_picked":["Dagger Spray","Endless Agony"],"picked":"Dash","floor":3},{"not_picked":["Quick Slash","Prepared"],"picked":"Underhanded Strike","floor":4},{"not_picked":["Slice","Catalyst"],"picked":"Deflect","floor":5},{"not_picked":["Backstab","PiercingWail"],"picked":"Acrobatics","floor":6},{"not_picked":["Quick Slash","Crippling Poison"],"picked":"Flying Knee","floor":7}],"player_experience":368059,"relics_obtained":[{"floor":6,"key":"Oddly Smooth Stone"}],"event_choices":[],"is_beta":false,"boss_relics":[],"items_purged_floors":[],"is_endless":false,"potions_floor_spawned":[1,3,5,6],"killed_by":"Lagavulin","ascension_level":9}