{"gold_per_floor":[115,128,203,2,22,22,57,57,57,57,57,89,100,118,118,217,267,280,291,291,11,29,56,56,82,82,82],"floor_reached":27,"playtime":2024,"items_purged":[],"score":392,"play_id":"e69a375a-9af0-4efb-8de2-37e328e63dc5","local_time":"20190722094153","is_ascension_mode":true,"campfire_choices":[{"data":"Bouncing Flask","floor":6.0,"key":"SMITH"},{"data":"Calculated Gamble","floor":8.0,"key":"SMITH"},{"floor":10.0,"key":"REST"},{"floor":15.0,"key":"REST"},{"floor":24.0,"key":"REST"}],"neow_cost":"NONE","seed_source_timestamp":3015523819511,"circlet_count":0,"master_deck":["AscendersBane","Strike_G+1","Strike_G","Strike_G","Strike_G+1","Defend_G","Defend_G","Defend_G","Defend_G","Defend_G","Survivor","Neutralize","Bouncing Flask+1","Tactician","Prepared","Dagger Spray","Bane+1","Calculated Gamble+1","Blade Dance+1","Leg Sweep+1","Distraction+1","Envenom","Cloak And Dagger+1","Well Laid Plans","Prepared+1","Bouncing Flask+1","Caltrops+1","Reflex+1"],"special_seed":0,"relics":["Ring of the Snake","Lantern","Dodecahedron","Toxic Egg 2","Letter Opener","Whetstone","Tiny House","Shuriken","Oddly Smooth Stone","Pantograph","Happy Flower"],"potions_floor_usage":[],"damage_taken":[{"damage":0.0,"enemies":"2 Louse","floor":1.0,"turns":6.0},{"damage":0.0,"enemies":"Cultist","floor":2.0,"turns":3.0},{"damage":7.0,"enemies":"Jaw Worm","floor":5.0,"turns":3.0},{"damage":20.0,"enemies":"Lagavulin","floor":7.0,"turns":6.0},{"damage":24.0,"enemies":"3 Sentries","floor":12.0,"turns":7.0},{"damage":10.0,"enemies":"Exordium Thugs","floor":13.0,"turns":4.0},{"damage":0.0,"enemies":"Exordium Wildlife","floor":14.0,"turns":4.0},{"damage":10.0,"enemies":"The Guardian","floor":16.0,"turns":11.0},{"damage":5.0,"enemies":"2 Thieves","floor":18.0,"turns":3.0},{"damage":23.0,"enemies":"Spheric Guardian","floor":19.0,"turns":4.0},{"damage":11.0,"enemies":"Chosen and Byrds","floor":22.0,"turns":6.0},{"damage":40.0,"enemies":"Gremlin Leader","floor":23.0,"turns":5.0},{"damage":21.0,"enemies":"Slavers","floor":25.0,"turns":5.0},{"damage":13,"enemies":"Book of Stabbing","floor":27,"turns":4}],"seed_played":"-2350545258555965484","potions_obtained":[{"floor":1.0,"key":"EssenceOfSteel"},{"floor":7.0,"key":"FearPotion"},{"floor":14.0,"key":"SpeedPotion"},{"floor":17.0,"key":"Fire Potion"},{"floor":19.0,"key":"Regen Potion"},{"floor":20.0,"key":"EntropicBrew"},{"floor":22.0,"key":"Regen Potion"},{"floor":25.0,"key":"Explosive Potion"}],"is_trial":false,"path_per_floor":["M","M","?","$","M","R","E","R","T","R","?","E","M","M","R","B",null,"M","M","?","$","M","E","R","E","T","E"],"character_chosen":"THE_SILENT","items_purchased":["Lantern","Dagger Spray","Shuriken","Prepared+1"],"campfire_rested":3,"item_purchase_floors":[4,4,21,21],"current_hp_per_floor":[63,63,56,56,49,49,29,29,29,50,47,23,13,13,34,24,64,59,36,36,36,40,12,34,13,13,0],"gold":82,"neow_bonus":"TRANSFORM_CARD","is_prod":false,"is_daily":false,"chose_seed":false,"campfire_upgraded":2,"win_rate":0,"timestamp":1563813713,"path_taken":["M","M","?","$","?","R","E","R","T","R","?","E","M","M","R","BOSS","M","M","?","$","M","E","R","E","T","E"],"build_version":"2019-07-17","purchased_purges":0,"victory":false,"max_hp_per_floor":[70,70,70,70,70,70,70,70,70,70,70,70,70,70,70,70,75,75,75,75,75,75,75,75,75,75,75],"card_choices":[{"not_picked":["Deadly Poison","Prepared"],"picked":"Tactician","floor":1.0},{"not_picked":["Bouncing Flask","Crippling Poison"],"picked":"Prepared","floor":2.0},{"not_picked":["Poisoned Stab","Prepared"],"picked":"Bane","floor":5.0},{"not_picked":["Terror","Quick Slash"],"picked":"Calculated Gamble","floor":7.0},{"not_picked":["Grand Finale","Phantasmal Killer+1"],"picked":"Blade Dance+1","floor":12.0},{"not_picked":["Underhanded Strike","Eviscerate"],"picked":"Leg Sweep+1","floor":13.0},{"not_picked":["Poisoned Stab","Flying Knee"],"picked":"Distraction+1","floor":14.0},{"not_picked":["Glass Knife","Grand Finale"],"picked":"Envenom","floor":16.0},{"not_picked":["Dagger Spray","Skewer"],"picked":"Cloak And Dagger+1","floor":17.0},{"not_picked":["Skewer","Dagger Spray","Choke"],"picked":"SKIP","floor":18.0},{"not_picked":["Flying Knee","Poisoned Stab+1"],"picked":"Well Laid Plans","floor":19.0},{"not_picked":["Blade Dance+1","Dagger Spray"],"picked":"Bouncing Flask+1","floor":22.0},{"not_picked":["Outmaneuver+1","Unload"],"picked":"Caltrops+1","floor":23.0},{"not_picked":["Setup+1","Quick Slash"],"picked":"Reflex+1","floor":25.0}],"player_experience":406659,"relics_obtained":[{"floor":7.0,"key":"Dodecahedron"},{"floor":9.0,"key":"Toxic Egg 2"},{"floor":12.0,"key":"Whetstone"},{"floor":23.0,"key":"Oddly Smooth Stone"},{"floor":25.0,"key":"Pantograph"},{"floor":26.0,"key":"Happy Flower"}],"event_choices":[{"damage_healed":0.0,"max_hp_gain":0.0,"max_hp_loss":0.0,"gold_gain":75.0,"event_name":"FaceTrader","player_choice":"Touch","floor":3.0,"gold_loss":0.0,"damage_taken":7.0},{"damage_healed":0.0,"max_hp_gain":0.0,"max_hp_loss":0.0,"gold_gain":0.0,"event_name":"Scrap Ooze","player_choice":"Success","floor":11.0,"gold_loss":0.0,"damage_taken":3.0,"relics_obtained":["Letter Opener"]},{"damage_healed":0.0,"max_hp_gain":0.0,"max_hp_loss":0.0,"gold_gain":0.0,"event_name":"Lab","player_choice":"Got Potions","floor":20.0,"gold_loss":0.0,"damage_taken":0.0}],"is_beta":false,"boss_relics":[{"not_picked":["Orrery","Lizard Tail"],"picked":"Tiny House"}],"items_purged_floors":[],"is_endless":false,"potions_floor_spawned":[1,7,14,19,22,25],"killed_by":"Book of Stabbing","ascension_level":10}