{"gold_per_floor":[113,113,127,141,141,141,168,168,168,182,211,230,249,40,40,117,167,183,183,196,86,98,98,112,112,137,212,231,231,259,259,259,259],"floor_reached":33,"playtime":1852,"items_purged":["Strike_B"],"score":559,"play_id":"05d79b11-7966-4557-9602-104d8de06c16","local_time":"20190818211245","is_ascension_mode":true,"campfire_choices":[{"data":"Static Discharge","floor":6,"key":"SMITH"},{"data":"Glacier","floor":8,"key":"SMITH"},{"data":"Static Discharge","floor":15,"key":"SMITH"},{"floor":23,"key":"REST"},{"floor":25,"key":"REST"},{"floor":32,"key":"REST"}],"neow_cost":"NONE","seed_source_timestamp":10800954900900,"circlet_count":0,"master_deck":["AscendersBane","Strike_B+1","Defend_B","Defend_B+1","Defend_B","Defend_B","Zap","Dualcast","Glacier+1","Streamline+1","Static Discharge+1","Sweeping Beam","Cold Snap","Static Discharge+1","Go for the Eyes","Compile Driver","Panacea","Reinforced Body","Thunder Strike","BootSequence","Cold Snap","RitualDagger","Electrodynamics","Leap","Conserve Battery+1","Chill+1","Glacier+1"],"relics":["Cracked Core","Kunai","Question Card","Odd Mushroom","Tiny House","Orichalcum","Singing Bowl","Toxic Egg 2"],"potions_floor_usage":[13,18,22,30,30,33],"damage_taken":[{"damage":7,"enemies":"Jaw Worm","floor":1,"turns":4},{"damage":3,"enemies":"2 Louse","floor":3,"turns":2},{"damage":0,"enemies":"Small Slimes","floor":4,"turns":5},{"damage":25,"enemies":"Lagavulin","floor":7,"turns":5},{"damage":4,"enemies":"Blue Slaver","floor":10,"turns":4},{"damage":10,"enemies":"The Mushroom Lair","floor":11,"turns":4},{"damage":6,"enemies":"Looter","floor":12,"turns":2},{"damage":4,"enemies":"Lots of Slimes","floor":13,"turns":3},{"damage":14,"enemies":"Hexaghost","floor":16,"turns":8},{"damage":15,"enemies":"Shell Parasite","floor":18,"turns":6},{"damage":30,"enemies":"Spheric Guardian","floor":20,"turns":5},{"damage":10,"enemies":"Shelled Parasite and Fungi","floor":22,"turns":4},{"damage":25,"enemies":"Centurion and Healer","floor":24,"turns":5},{"damage":13,"enemies":"Snecko","floor":28,"turns":7},{"damage":14,"enemies":"Book of Stabbing","floor":30,"turns":4},{"damage":46,"enemies":"Collector","floor":33,"turns":8}],"seed_played":"-2550825585527086432","potions_obtained":[{"floor":1,"key":"FairyPotion"},{"floor":10,"key":"Explosive Potion"},{"floor":13,"key":"Dexterity Potion"},{"floor":17,"key":"SneckoOil"},{"floor":18,"key":"FearPotion"},{"floor":28,"key":"Poison Potion"},{"floor":30,"key":"Swift Potion"}],"is_trial":false,"path_per_floor":["M","?","M","M","?","R","E","R","T","M","?","M","M","$","R","B",null,"M","?","M","?","M","R","M","R","T","T","M","?","E","?","R","B"],"character_chosen":"DEFECT","items_purchased":["Panacea","Reinforced Body"],"campfire_rested":3,"item_purchase_floors":[14,14],"current_hp_per_floor":[64,69,66,66,66,66,41,41,41,37,27,21,17,17,17,3,68,53,47,17,17,7,33,8,34,34,34,23,23,9,9,36,0],"gold":259,"neow_bonus":"TEN_PERCENT_HP_BONUS","is_prod":false,"is_daily":false,"chose_seed":false,"campfire_upgraded":3,"win_rate":0,"timestamp":1566155565,"path_taken":["M","?","M","M","?","R","E","R","T","M","?","M","M","$","R","BOSS","M","?","M","?","?","R","M","R","T","?","M","?","E","?","R","BOSS"],"build_version":"2019-07-17","purchased_purges":1,"victory":false,"max_hp_per_floor":[78,83,83,83,83,83,83,83,83,83,83,83,83,83,83,83,88,88,88,88,88,88,88,88,88,88,88,90,90,90,90,90,90],"card_choices":[{"not_picked":["Leap","Beam Cell"],"picked":"Glacier","floor":1},{"not_picked":["Reprogram","Hello World"],"picked":"Streamline","floor":3},{"not_picked":["Conserve Battery","Rip and Tear"],"picked":"Static Discharge","floor":4},{"not_picked":["Recycle","Streamline"],"picked":"Sweeping Beam","floor":7},{"not_picked":["Steam","Rebound","Darkness"],"picked":"Cold Snap","floor":10},{"not_picked":["Coolheaded","Undo","Chill"],"picked":"Static Discharge","floor":11},{"not_picked":["Streamline","Force Field","Turbo"],"picked":"Go for the Eyes","floor":12},{"not_picked":["Doom and Gloom","Undo","Beam Cell"],"picked":"Compile Driver","floor":13},{"not_picked":["All For One","Multi-Cast","Rainbow"],"picked":"Thunder Strike","floor":16},{"not_picked":["Compile Driver","Ball Lightning","Beam Cell"],"picked":"BootSequence","floor":17},{"not_picked":["Compile Driver","Capacitor","Streamline+1"],"picked":"Cold Snap","floor":18},{"not_picked":["Aggregate","Streamline","Melter"],"picked":"Electrodynamics","floor":20},{"not_picked":["Compile Driver","Ball Lightning+1","Cold Snap"],"picked":"Leap","floor":22},{"not_picked":["Compile Driver","Blizzard","Redo"],"picked":"Conserve Battery+1","floor":24},{"not_picked":["Beam Cell+1","Streamline","Machine Learning","Stack"],"picked":"Singing Bowl","floor":28},{"not_picked":["Lockon","Hello World","Reinforced Body+1"],"picked":"Chill","floor":30}],"player_experience":1517797,"relics_obtained":[{"floor":7,"key":"Kunai"},{"floor":9,"key":"Question Card"},{"floor":11,"key":"Odd Mushroom"},{"floor":26,"key":"Orichalcum"},{"floor":27,"key":"Singing Bowl"},{"floor":30,"key":"Toxic Egg 2"}],"event_choices":[{"damage_healed":0,"gold_gain":0,"player_choice":"Donut","damage_taken":0,"max_hp_gain":5,"max_hp_loss":0,"event_name":"Big Fish","floor":2,"gold_loss":0},{"damage_healed":0,"gold_gain":0,"player_choice":"Grow","damage_taken":0,"max_hp_gain":0,"max_hp_loss":0,"event_name":"Living Wall","floor":5,"gold_loss":0,"cards_upgraded":["Streamline"]},{"damage_healed":0,"gold_gain":0,"player_choice":"Fought Mushrooms","damage_taken":0,"max_hp_gain":0,"max_hp_loss":0,"event_name":"Mushrooms","floor":11,"gold_loss":0},{"damage_healed":0,"gold_gain":0,"player_choice":"Joined the Cult","damage_taken":6,"max_hp_gain":0,"max_hp_loss":0,"event_name":"Nest","floor":19,"gold_loss":0,"cards_obtained":["RitualDagger"]},{"cards_removed":["Strike_B"],"damage_healed":0,"gold_gain":0,"player_choice":"Upgrade and Remove","damage_taken":0,"max_hp_gain":0,"max_hp_loss":0,"event_name":"Designer","floor":21,"gold_loss":110,"cards_upgraded":["Defend_B"]},{"damage_healed":0,"gold_gain":0,"player_choice":"Ignored","damage_taken":0,"max_hp_gain":0,"max_hp_loss":0,"event_name":"Cursed Tome","floor":29,"gold_loss":0},{"damage_healed":0,"gold_gain":0,"cards_transformed":["Strike_B"],"player_choice":"Transformed","damage_taken":0,"max_hp_gain":0,"max_hp_loss":0,"event_name":"Transmorgrifier","floor":31,"gold_loss":0,"cards_obtained":["Glacier"]}],"is_beta":false,"boss_relics":[{"not_picked":["Cursed Key","Inserter"],"picked":"Tiny House"}],"items_purged_floors":[14],"is_endless":false,"potions_floor_spawned":[1,10,12,13,18,28,30],"killed_by":"Collector","ascension_level":20}