{"gold_per_floor":[116,41,57,116,128,128,142,142,189,189,222,222,234,15,15,90,90,108,108,16,16,16,51,51,51],"floor_reached":25,"playtime":1131,"items_purged":["Strike_G"],"score":534,"play_id":"4dbc8922-6e04-422f-a93a-dfa65c29f6b3","local_time":"20190815122942","is_ascension_mode":true,"campfire_choices":[{"data":"Die Die Die","floor":6.0,"key":"SMITH"},{"data":"Cloak And Dagger","floor":10.0,"key":"SMITH"},{"floor":12.0,"key":"REST"},{"data":"Bouncing Flask","floor":15.0,"key":"SMITH"},{"floor":24.0,"key":"REST"}],"neow_cost":"NONE","seed_source_timestamp":1914746374817831,"circlet_count":0,"master_deck":["AscendersBane","Strike_G","Strike_G","Strike_G","Defend_G","Defend_G","Defend_G","Defend_G","Defend_G","Survivor","Neutralize","Die Die Die+1","Cloak And Dagger+1","Predator+1","Escape Plan","PiercingWail","Blur","Bouncing Flask+1","Well Laid Plans","Dodge and Roll","Corpse Explosion","Riddle With Holes","Leg Sweep","Terror","Bandage Up","RitualDagger","Phantasmal Killer"],"special_seed":0,"relics":["Ring of the Snake","Centennial Puzzle","Happy Flower","Orrery","Tingsha"],"potions_floor_usage":[],"damage_taken":[{"damage":0.0,"enemies":"2 Louse","floor":1.0,"turns":2.0},{"damage":2.0,"enemies":"Jaw Worm","floor":3.0,"turns":3.0},{"damage":4.0,"enemies":"Small Slimes","floor":5.0,"turns":3.0},{"damage":0.0,"enemies":"2 Fungi Beasts","floor":7.0,"turns":2.0},{"damage":28.0,"enemies":"Lagavulin","floor":11.0,"turns":6.0},{"damage":6.0,"enemies":"3 Louse","floor":13.0,"turns":2.0},{"damage":0.0,"enemies":"The Guardian","floor":16.0,"turns":10.0},{"damage":27.0,"enemies":"Chosen","floor":18.0,"turns":6.0},{"damage":34.0,"enemies":"Gremlin Leader","floor":23.0,"turns":7.0},{"damage":38,"enemies":"Slavers","floor":25,"turns":2}],"seed_played":"8036961609308746361","potions_obtained":[{"floor":5.0,"key":"Poison Potion"},{"floor":11.0,"key":"SkillPotion"},{"floor":13.0,"key":"SkillPotion"},{"floor":16.0,"key":"Fire Potion"},{"floor":18.0,"key":"Regen Potion"}],"is_trial":false,"path_per_floor":["M","?","M","?","M","R","M","?","T","R","E","R","M","$","R","B",null,"M","?","$","?","?","E","R","E"],"character_chosen":"THE_SILENT","items_purchased":["Well Laid Plans","Dodge and Roll","Bandage Up"],"campfire_rested":2,"item_purchase_floors":[14,14,20],"current_hp_per_floor":[59,59,57,57,53,53,53,53,53,53,25,44,38,38,38,38,59,32,32,32,26,26,11,30,0],"gold":51,"neow_bonus":"ONE_RANDOM_RARE_CARD","is_prod":false,"is_daily":false,"chose_seed":false,"campfire_upgraded":3,"win_rate":0,"timestamp":1565897382,"path_taken":["M","?","M","?","M","R","M","?","T","R","E","R","M","$","R","BOSS","M","?","$","?","?","E","R","E"],"build_version":"2019-07-17","purchased_purges":1,"victory":false,"max_hp_per_floor":[66,66,66,66,66,66,66,66,66,66,66,66,66,66,66,66,66,66,66,66,66,66,66,66,66],"card_choices":[{"not_picked":["Dagger Throw","Prepared"],"picked":"Cloak And Dagger","floor":1.0},{"not_picked":["Endless Agony","Outmaneuver"],"picked":"Predator","floor":3.0},{"not_picked":["Underhanded Strike","Quick Slash"],"picked":"Escape Plan","floor":5.0},{"not_picked":["Escape Plan","Infinite Blades"],"picked":"PiercingWail","floor":7.0},{"not_picked":["Sucker Punch","Wraith Form v2"],"picked":"Blur","floor":11.0},{"not_picked":["Outmaneuver","Deadly Poison"],"picked":"Bouncing Flask","floor":13.0},{"not_picked":["Glass Knife","Phantasmal Killer"],"picked":"Corpse Explosion","floor":16.0},{"not_picked":["Slice","Cloak And Dagger"],"picked":"Riddle With Holes","floor":17.0},{"not_picked":["Escape Plan","Setup"],"picked":"Leg Sweep","floor":17.0},{"not_picked":["Backflip","Slice"],"picked":"Terror","floor":17.0},{"not_picked":["Concentrate","Prepared","Poisoned Stab"],"picked":"SKIP","floor":18.0},{"not_picked":["Terror+1","Heel Hook"],"picked":"Phantasmal Killer","floor":23.0}],"player_experience":746446,"relics_obtained":[{"floor":9.0,"key":"Centennial Puzzle"},{"floor":11.0,"key":"Happy Flower"},{"floor":23.0,"key":"Tingsha"}],"event_choices":[{"cards_removed":["Strike_G"],"damage_healed":0.0,"max_hp_gain":0.0,"max_hp_loss":0.0,"gold_gain":0.0,"event_name":"The Cleric","player_choice":"Card Removal","floor":2.0,"gold_loss":75.0,"damage_taken":0.0},{"damage_healed":0.0,"max_hp_gain":0.0,"max_hp_loss":0.0,"gold_gain":59.0,"event_name":"Golden Wing","player_choice":"Gained Gold","floor":4.0,"gold_loss":0.0,"damage_taken":0.0},{"damage_healed":0.0,"max_hp_gain":0.0,"max_hp_loss":0.0,"gold_gain":0.0,"event_name":"Living Wall","player_choice":"Grow","floor":8.0,"gold_loss":0.0,"damage_taken":0.0,"cards_upgraded":["Predator"]},{"damage_healed":0.0,"max_hp_gain":0.0,"max_hp_loss":0.0,"gold_gain":0.0,"event_name":"Ghosts","player_choice":"Ignored","floor":19.0,"gold_loss":0.0,"damage_taken":0.0},{"damage_healed":0.0,"max_hp_gain":0.0,"max_hp_loss":0.0,"gold_gain":0.0,"event_name":"Nest","player_choice":"Joined the Cult","floor":21.0,"gold_loss":0.0,"damage_taken":6.0,"cards_obtained":["RitualDagger"]},{"damage_healed":0.0,"max_hp_gain":0.0,"max_hp_loss":0.0,"gold_gain":0.0,"event_name":"Match and Keep!","player_choice":"0 cards matched","floor":22.0,"gold_loss":0.0,"damage_taken":0.0,"cards_obtained":[]}],"is_beta":false,"boss_relics":[{"not_picked":["Calling Bell","Fusion Hammer"],"picked":"Orrery"}],"items_purged_floors":[14],"is_endless":false,"potions_floor_spawned":[5,11,13,16,18],"killed_by":"Slavers","ascension_level":20}