{"gold_per_floor":[360,12,12,24,44,77,77,93,93,93,113,124,124,134,134,208,208,218,65,96,56,71,71,71,71,71,82,82,100,100,120,120,120],"floor_reached":33,"playtime":1471,"items_purged":["Strike_G"],"score":498,"play_id":"365b0541-25b2-460b-ace7-aa80f4c2d6bc","local_time":"20190815091311","is_ascension_mode":true,"campfire_choices":[{"data":"Backflip","floor":7.0,"key":"SMITH"},{"floor":10.0,"key":"REST"},{"data":"Bouncing Flask","floor":13.0,"key":"SMITH"},{"data":"Footwork","floor":15.0,"key":"SMITH"},{"floor":23.0,"key":"REST"},{"floor":25.0,"key":"REST"},{"floor":30.0,"key":"REST"},{"floor":32.0,"key":"REST"}],"neow_cost":"PERCENT_DAMAGE","seed_source_timestamp":1901886863258509,"circlet_count":0,"master_deck":["AscendersBane","Strike_G","Strike_G","Strike_G","Strike_G","Defend_G","Defend_G","Defend_G","Defend_G","Defend_G","Survivor","Neutralize","Bouncing Flask+1","Bouncing Flask","Bane","Backflip+1","Dagger Spray+1","Dodge and Roll","Flechettes+1","Outmaneuver","Poisoned Stab+1","Footwork+1","Corpse Explosion","Noxious Fumes","Well Laid Plans","PiercingWail","Caltrops","Deadly Poison+1","Bane+1","Dodge and Roll+1"],"special_seed":0,"relics":["Ring of the Snake","Snake Skull","Molten Egg 2","Bottled Lightning","Dodecahedron","Sozu","Red Mask","Toxic Egg 2"],"potions_floor_usage":[33],"damage_taken":[{"damage":7.0,"enemies":"Jaw Worm","floor":1.0,"turns":9.0},{"damage":0.0,"enemies":"Cultist","floor":4.0,"turns":3.0},{"damage":4.0,"enemies":"2 Louse","floor":5.0,"turns":5.0},{"damage":8.0,"enemies":"Gremlin Nob","floor":6.0,"turns":3.0},{"damage":1.0,"enemies":"Blue Slaver","floor":8.0,"turns":3.0},{"damage":1.0,"enemies":"Large Slime","floor":11.0,"turns":6.0},{"damage":1.0,"enemies":"Exordium Wildlife","floor":12.0,"turns":3.0},{"damage":0.0,"enemies":"Blue Slaver","floor":14.0,"turns":4.0},{"damage":19.0,"enemies":"Hexaghost","floor":16.0,"turns":7.0},{"damage":3.0,"enemies":"Chosen","floor":18.0,"turns":3.0},{"damage":25.0,"enemies":"Masked Bandits","floor":20.0,"turns":4.0},{"damage":17.0,"enemies":"Shell Parasite","floor":22.0,"turns":5.0},{"damage":17.0,"enemies":"Snecko","floor":27.0,"turns":6.0},{"damage":12.0,"enemies":"Sentry and Sphere","floor":29.0,"turns":4.0},{"damage":16.0,"enemies":"Centurion and Healer","floor":31.0,"turns":5.0},{"damage":37,"enemies":"Champ","floor":33,"turns":10}],"seed_played":"6897435730800691283","potions_obtained":[{"floor":1.0,"key":"SkillPotion"},{"floor":5.0,"key":"GamblersBrew"},{"floor":6.0,"key":"Strength Potion"},{"floor":16.0,"key":"Dexterity Potion"}],"is_trial":false,"path_per_floor":["M","$","?","M","M","E","R","M","T","R","M","M","R","M","R","B",null,"M","$","?","$","M","R","?","R","T","M","?","M","R","M","R","B"],"character_chosen":"THE_SILENT","items_purchased":["Snake Skull","Bouncing Flask","Bane","Backflip","Well Laid Plans","Caltrops"],"campfire_rested":5,"item_purchase_floors":[2,2,2,2,19,21],"current_hp_per_floor":[37,37,37,37,33,25,25,24,24,43,42,41,41,41,41,22,55,52,52,27,27,10,29,11,32,32,15,15,3,24,8,29,0],"gold":120,"neow_bonus":"TWO_FIFTY_GOLD","is_prod":false,"is_daily":false,"chose_seed":false,"campfire_upgraded":3,"win_rate":0,"timestamp":1565885591,"path_taken":["M","$","?","M","M","E","R","M","T","R","?","M","R","M","R","BOSS","M","$","?","$","M","R","?","R","T","M","?","M","R","?","R","BOSS"],"build_version":"2019-07-17","purchased_purges":1,"victory":false,"max_hp_per_floor":[66,66,66,66,66,66,66,66,66,66,66,66,66,66,66,66,66,66,66,66,66,66,66,71,71,71,71,71,71,71,71,71,71],"card_choices":[{"not_picked":["Quick Slash","Concentrate"],"picked":"Bouncing Flask","floor":1.0},{"not_picked":["Flying Knee+1","Choke+1"],"picked":"Dagger Spray+1","floor":4.0},{"not_picked":["Slice+1","Dagger Throw+1"],"picked":"Dodge and Roll","floor":5.0},{"not_picked":["Choke+1","Noxious Fumes"],"picked":"Flechettes+1","floor":6.0},{"not_picked":["Dagger Throw+1","Blade Dance","Finisher+1"],"picked":"SKIP","floor":8.0},{"not_picked":["Expertise","Tactician"],"picked":"Outmaneuver","floor":11.0},{"not_picked":["Backstab+1","All Out Attack+1"],"picked":"Poisoned Stab+1","floor":12.0},{"not_picked":["Dagger Throw+1","Sucker Punch+1"],"picked":"Footwork","floor":14.0},{"not_picked":["After Image","Night Terror"],"picked":"Corpse Explosion","floor":16.0},{"not_picked":["Outmaneuver","Blade Dance"],"picked":"Noxious Fumes","floor":18.0},{"not_picked":["Blade Dance","Corpse Explosion"],"picked":"PiercingWail","floor":20.0},{"not_picked":["Endless Agony+1","Quick Slash+1","All Out Attack+1"],"picked":"SKIP","floor":22.0},{"not_picked":["Blade Dance+1","Slice+1"],"picked":"Deadly Poison+1","floor":27.0},{"not_picked":["Poisoned Stab+1","Heel Hook+1"],"picked":"Bane+1","floor":29.0},{"not_picked":["Choke+1","Poisoned Stab+1"],"picked":"Dodge and Roll+1","floor":31.0}],"player_experience":735998,"relics_obtained":[{"floor":6.0,"key":"Bottled Lightning"},{"floor":9.0,"key":"Dodecahedron"},{"floor":20.0,"key":"Red Mask"},{"floor":26.0,"key":"Toxic Egg 2"}],"event_choices":[{"damage_healed":0.0,"max_hp_gain":0.0,"max_hp_loss":0.0,"gold_gain":0.0,"event_name":"WeMeetAgain","player_choice":"Gave Potion","floor":3.0,"gold_loss":0.0,"damage_taken":0.0,"relics_obtained":["Molten Egg 2"]},{"damage_healed":0.0,"max_hp_gain":0.0,"max_hp_loss":0.0,"gold_gain":0.0,"event_name":"Masked Bandits","player_choice":"Fought Bandits","floor":20.0,"gold_loss":0.0,"damage_taken":0.0},{"damage_healed":0.0,"max_hp_gain":5.0,"max_hp_loss":0.0,"gold_gain":0.0,"event_name":"Forgotten Altar","player_choice":"Shed Blood","floor":24.0,"gold_loss":0.0,"damage_taken":23.0},{"damage_healed":0.0,"max_hp_gain":0.0,"max_hp_loss":0.0,"gold_gain":0.0,"event_name":"The Mausoleum","player_choice":"Ignored","floor":28.0,"gold_loss":0.0,"damage_taken":0.0}],"is_beta":false,"boss_relics":[{"not_picked":["Astrolabe","Coffee Dripper"],"picked":"Sozu"}],"items_purged_floors":[19],"is_endless":false,"potions_floor_spawned":[1,5,6,16,20,29,31],"killed_by":"Champ","ascension_level":20}