{"gold_per_floor":[112,132,232,248,10,10,35,35,35,35,69,82,82,94,94,195,195,214,1,1,15,34,62,62,62],"floor_reached":25,"playtime":1738,"items_purged":[],"score":335,"play_id":"51d6455d-291a-4ca4-9718-b6cf48548ed6","local_time":"20190718112548","is_ascension_mode":true,"campfire_choices":[{"data":"Apotheosis","floor":6,"key":"SMITH"},{"data":"Infinite Blades","floor":10,"key":"SMITH"},{"floor":15,"key":"REST"},{"floor":24,"key":"REST"}],"neow_cost":"NONE","seed_source_timestamp":508744882425544,"circlet_count":0,"master_deck":["Survivor","Neutralize","Expertise","Underhanded Strike","Concentrate","Infinite Blades+1","Apotheosis+1","Accuracy","Predator","Infinite Blades","Blade Dance","Neutralize","Leg Sweep","Wraith Form v2","Outmaneuver","A Thousand Cuts","A Thousand Cuts","Accuracy","Calculated Gamble","Bullet Time","Caltrops","After Image","Backstab","Well Laid Plans","Tactician","Deflect","Deflect+1","Well Laid Plans"],"relics":["Ring of the Snake","Peace Pipe","Mango","Du-Vu Doll","Pandora\u0027s Box","PreservedInsect","Prayer Wheel"],"potions_floor_usage":[12,14,16,16,23],"damage_taken":[{"damage":8,"enemies":"Jaw Worm","floor":1,"turns":8},{"damage":1,"enemies":"Cultist","floor":2,"turns":4},{"damage":7,"enemies":"2 Louse","floor":4,"turns":3},{"damage":1,"enemies":"Lagavulin","floor":7,"turns":7},{"damage":31,"enemies":"Gremlin Nob","floor":11,"turns":5},{"damage":14,"enemies":"Exordium Thugs","floor":12,"turns":6},{"damage":1,"enemies":"Exordium Wildlife","floor":14,"turns":4},{"damage":15,"enemies":"Slime Boss","floor":16,"turns":9},{"damage":18,"enemies":"Shell Parasite","floor":18,"turns":5},{"damage":1,"enemies":"Spheric Guardian","floor":21,"turns":4},{"damage":25,"enemies":"Centurion and Healer","floor":22,"turns":4},{"damage":10,"enemies":"Gremlin Leader","floor":23,"turns":5},{"damage":42,"enemies":"Shelled Parasite and Fungi","floor":25,"turns":3}],"seed_played":"-1159802349935954840","potions_obtained":[{"floor":7,"key":"SpeedPotion"},{"floor":11,"key":"FearPotion"},{"floor":12,"key":"SpeedPotion"},{"floor":14,"key":"SkillPotion"},{"floor":22,"key":"Weak Potion"},{"floor":23,"key":"Dexterity Potion"}],"is_trial":false,"path_per_floor":["M","M","?","M","$","R","E","$","T","R","E","M","?","M","R","B",null,"M","$","?","M","M","E","R","M"],"character_chosen":"THE_SILENT","items_purchased":["Apotheosis","Accuracy","Tactician","PreservedInsect"],"campfire_rested":2,"item_purchase_floors":[5,5,19,19],"current_hp_per_floor":[55,54,54,47,47,47,46,46,60,60,29,15,15,14,39,24,69,51,51,51,50,25,15,40,0],"gold":62,"neow_bonus":"TRANSFORM_CARD","is_prod":false,"is_daily":false,"chose_seed":false,"campfire_upgraded":2,"win_rate":0,"timestamp":1563474348,"path_taken":["M","M","?","M","$","R","E","?","T","R","E","M","?","M","R","BOSS","M","$","?","M","M","E","R","M"],"build_version":"2019-07-17","purchased_purges":0,"victory":false,"max_hp_per_floor":[70,70,70,70,70,70,70,70,84,84,84,84,84,84,84,84,84,84,84,84,84,84,84,84,84],"card_choices":[{"not_picked":["Cloak And Dagger","Dodge and Roll"],"picked":"Underhanded Strike","floor":1},{"not_picked":["Slice","Cloak And Dagger"],"picked":"Concentrate","floor":2},{"not_picked":["Dagger Throw","Poisoned Stab"],"picked":"Infinite Blades","floor":4},{"not_picked":["Riddle With Holes","Night Terror"],"picked":"Predator","floor":7},{"not_picked":["Backstab","Quick Slash"],"picked":"Infinite Blades","floor":11},{"not_picked":["Heel Hook","Quick Slash"],"picked":"Blade Dance","floor":12},{"not_picked":["Flying Knee","Slice"],"picked":"Leg Sweep","floor":14},{"not_picked":["A Thousand Cuts","Malaise"],"picked":"Wraith Form v2","floor":16},{"not_picked":["PiercingWail+1","Dagger Throw"],"picked":"Well Laid Plans","floor":18},{"not_picked":["Dagger Spray","Sucker Punch+1"],"picked":"Deflect","floor":21},{"not_picked":["Caltrops","Outmaneuver"],"picked":"Deflect+1","floor":22},{"not_picked":["Finisher","Unload"],"picked":"Well Laid Plans","floor":23}],"player_experience":352355,"relics_obtained":[{"floor":7,"key":"Peace Pipe"},{"floor":9,"key":"Mango"},{"floor":11,"key":"Du-Vu Doll"},{"floor":23,"key":"Prayer Wheel"}],"event_choices":[{"damage_healed":0,"gold_gain":100,"player_choice":"Gold","damage_taken":0,"max_hp_gain":0,"max_hp_loss":0,"event_name":"Wheel of Change","floor":3,"gold_loss":0},{"damage_healed":0,"gold_gain":0,"player_choice":"1 cards matched","damage_taken":0,"max_hp_gain":0,"max_hp_loss":0,"event_name":"Match and Keep!","floor":13,"gold_loss":0,"cards_obtained":["Neutralize"]}],"is_beta":false,"boss_relics":[{"not_picked":["Ectoplasm","Coffee Dripper"],"picked":"Pandora\u0027s Box"}],"items_purged_floors":[],"is_endless":false,"potions_floor_spawned":[7,11,12,14,22,23],"killed_by":"Shelled Parasite and Fungi","ascension_level":9}