{"gold_per_floor":[16,29,41,41,16,46,46,46],"floor_reached":8,"playtime":554,"items_purged":[],"score":78,"play_id":"4ee33c0c-6016-4c40-a90b-7bb0c97bfcf2","local_time":"20190717095311","is_ascension_mode":true,"campfire_choices":[{"data":"Terror","floor":7,"key":"SMITH"}],"neow_cost":"NO_GOLD","seed_source_timestamp":417974400115251,"circlet_count":0,"master_deck":["Strike_G","Strike_G","Strike_G","Strike_G","Strike_G","Defend_G","Defend_G","Defend_G","Defend_G","Defend_G","Survivor","Neutralize","Flying Knee","Sucker Punch","Outmaneuver","Footwork+1","Backflip","PiercingWail","Prepared","Terror+1"],"relics":["Ring of the Snake","Prayer Wheel","Paper Crane"],"potions_floor_usage":[],"damage_taken":[{"damage":8,"enemies":"Jaw Worm","floor":1,"turns":6},{"damage":0,"enemies":"2 Louse","floor":2,"turns":3},{"damage":0,"enemies":"Cultist","floor":3,"turns":4},{"damage":30,"enemies":"3 Sentries","floor":6,"turns":11},{"damage":32,"enemies":"The Mushroom Lair","floor":8,"turns":3}],"seed_played":"-7281159283680465884","potions_obtained":[{"floor":2,"key":"Energy Potion"}],"is_trial":false,"path_per_floor":["M","M","M","?","$","E","R","?"],"character_chosen":"THE_SILENT","items_purchased":["Prepared"],"campfire_rested":0,"item_purchase_floors":[5],"current_hp_per_floor":[55,55,55,55,55,25,25,0],"gold":46,"neow_bonus":"ONE_RARE_RELIC","is_prod":false,"is_daily":false,"chose_seed":false,"campfire_upgraded":1,"win_rate":0,"timestamp":1563382391,"path_taken":["M","M","M","?","$","E","R","?"],"build_version":"2019-07-05","purchased_purges":0,"victory":false,"max_hp_per_floor":[70,70,70,70,70,70,70,70],"card_choices":[{"not_picked":["Slice","Blade Dance"],"picked":"Flying Knee","floor":1},{"not_picked":["Quick Slash","Dodge and Roll"],"picked":"Sucker Punch","floor":1},{"not_picked":["Masterful Stab","Slice"],"picked":"Outmaneuver","floor":2},{"not_picked":["Calculated Gamble","Prepared"],"picked":"Footwork","floor":2},{"not_picked":["Dodge and Roll","Acrobatics"],"picked":"Backflip","floor":3},{"not_picked":["Riddle With Holes","Backflip"],"picked":"PiercingWail","floor":3},{"not_picked":["Backstab","Underhanded Strike"],"picked":"Terror","floor":6}],"player_experience":325591,"relics_obtained":[{"floor":6,"key":"Paper Crane"}],"event_choices":[{"damage_healed":0,"gold_gain":0,"player_choice":"Grow","damage_taken":0,"max_hp_gain":0,"max_hp_loss":0,"event_name":"Living Wall","floor":4,"gold_loss":0,"cards_upgraded":["Footwork"]},{"damage_healed":0,"gold_gain":0,"player_choice":"Fought Mushrooms","damage_taken":0,"max_hp_gain":0,"max_hp_loss":0,"event_name":"Mushrooms","floor":8,"gold_loss":0}],"is_beta":false,"boss_relics":[],"items_purged_floors":[],"is_endless":false,"potions_floor_spawned":[2],"killed_by":"The Mushroom Lair","ascension_level":8}