{"gold_per_floor":[109,124,199,199,219,219,251,251,251,4,24,24,24,39,39,39],"floor_reached":16,"playtime":704,"items_purged":[],"score":200,"play_id":"15af787b-ab72-444b-8baa-6a3c0f8dec51","local_time":"20190818190541","is_ascension_mode":true,"campfire_choices":[{"data":"Perfected Strike","floor":6,"key":"SMITH"},{"data":"Disarm","floor":15,"key":"SMITH"}],"neow_cost":"NONE","seed_source_timestamp":4326067879299,"circlet_count":0,"master_deck":["AscendersBane","Strike_R","Strike_R","Strike_R","Strike_R","Defend_R","Defend_R","Defend_R","Defend_R","Bash","Perfected Strike+1","Cleave","Intimidate","Shrug It Off","Flame Barrier+1","Shame","Disarm+1","Second Wind","Pommel Strike","Parasite","Heavy Blade","Spot Weakness"],"relics":["Cursed Key","Du-Vu Doll","Prayer Wheel","Oddly Smooth Stone"],"potions_floor_usage":[16,16],"damage_taken":[{"damage":2,"enemies":"Small Slimes","floor":1,"turns":4},{"damage":7,"enemies":"Jaw Worm","floor":2,"turns":2},{"damage":0,"enemies":"Cultist","floor":5,"turns":3},{"damage":35,"enemies":"3 Sentries","floor":7,"turns":7},{"damage":6,"enemies":"Looter","floor":11,"turns":3},{"damage":8,"enemies":"3 Louse","floor":14,"turns":4},{"damage":17,"enemies":"Hexaghost","floor":16,"turns":7}],"seed_played":"6164664536754730268","potions_obtained":[{"floor":7,"key":"LiquidBronze"},{"floor":11,"key":"Fire Potion"}],"is_trial":false,"path_per_floor":["M","M","?","?","M","R","E","?","T","$","M","?","$","M","R","B"],"character_chosen":"IRONCLAD","items_purchased":["Oddly Smooth Stone","Disarm"],"campfire_rested":0,"item_purchase_floors":[10,10],"current_hp_per_floor":[66,59,48,48,48,48,13,13,13,13,7,25,25,17,17,0],"gold":39,"neow_bonus":"BOSS_RELIC","is_prod":false,"is_daily":false,"chose_seed":false,"campfire_upgraded":2,"win_rate":0,"timestamp":1566147941,"path_taken":["M","M","?","?","?","R","E","?","T","$","M","?","?","M","R","BOSS"],"build_version":"2019-07-17","purchased_purges":0,"victory":false,"max_hp_per_floor":[75,75,75,75,75,75,75,75,75,75,75,75,75,75,75,75],"card_choices":[{"not_picked":["Heavy Blade","True Grit"],"picked":"Perfected Strike","floor":1},{"not_picked":["Pommel Strike","Entrench"],"picked":"Cleave","floor":2},{"not_picked":["Heavy Blade","Body Slam"],"picked":"Shrug It Off","floor":5},{"not_picked":["Shrug It Off","Metallicize"],"picked":"Flame Barrier","floor":7},{"not_picked":["Flame Barrier","Dual Wield"],"picked":"Second Wind","floor":11},{"not_picked":["Warcry","True Grit"],"picked":"Pommel Strike","floor":11},{"not_picked":["Clothesline","Bloodletting"],"picked":"Heavy Blade","floor":14},{"not_picked":["Headbutt","Corruption"],"picked":"Spot Weakness","floor":14}],"player_experience":1511419,"relics_obtained":[{"floor":7,"key":"Du-Vu Doll"},{"floor":9,"key":"Prayer Wheel"}],"event_choices":[{"damage_healed":0,"gold_gain":75,"player_choice":"Gather Gold","damage_taken":11,"max_hp_gain":0,"max_hp_loss":0,"event_name":"World of Goop","floor":3,"gold_loss":0},{"damage_healed":0,"gold_gain":0,"cards_transformed":["Strike_R"],"player_choice":"Transformed","damage_taken":0,"max_hp_gain":0,"max_hp_loss":0,"event_name":"Transmorgrifier","floor":4,"gold_loss":0,"cards_obtained":["Intimidate"]},{"damage_healed":0,"gold_gain":0,"player_choice":"Grow","damage_taken":0,"max_hp_gain":0,"max_hp_loss":0,"event_name":"Living Wall","floor":8,"gold_loss":0,"cards_upgraded":["Flame Barrier"]},{"damage_healed":18,"gold_gain":0,"player_choice":"Healed and dodged fight","damage_taken":0,"max_hp_gain":0,"max_hp_loss":0,"event_name":"Mushrooms","floor":12,"gold_loss":0,"cards_obtained":["Parasite"]}],"is_beta":false,"boss_relics":[],"items_purged_floors":[],"is_endless":false,"potions_floor_spawned":[7,11],"killed_by":"Hexaghost","ascension_level":20}