{"gold_per_floor":[109,184,200,200,214,241,258,258,258,65,65,77,2,12,12,87,87,102,114,164,89,101,101,101,43,43,43,63,75,75],"floor_reached":30,"playtime":1831,"items_purged":[],"score":464,"play_id":"3ec786ca-4795-49dd-9de0-d7cebee37302","local_time":"20190612203117","is_ascension_mode":true,"campfire_choices":[{"floor":8,"key":"REST"},{"data":"Mayhem","floor":11,"key":"SMITH"},{"data":"Backflip","floor":15,"key":"SMITH"},{"floor":23,"key":"REST"},{"data":"Survivor","floor":27,"key":"SMITH"}],"neow_cost":"NONE","seed_source_timestamp":1454848718814468,"circlet_count":0,"master_deck":["AscendersBane","Defend_G","Defend_G","Defend_G","Defend_G","Defend_G","Survivor+1","Neutralize+1","Heel Hook","Deadly Poison","Dagger Throw","Poisoned Stab","Dagger Throw","Mayhem+1","Venomology","Backflip+1","Die Die Die","Envenom+1","Catalyst+1","Deflect+1","Sucker Punch","Acrobatics","Catalyst+1","Decay","Outmaneuver","Heel Hook+1","PiercingWail"],"relics":["Ring of the Snake","Potion Belt","Blue Candle","Astrolabe","Letter Opener"],"potions_floor_usage":[6,14,16,16,19,22,28,28,28,29,30],"damage_taken":[{"damage":0,"enemies":"Jaw Worm","floor":1,"turns":6},{"damage":1,"enemies":"Cultist","floor":3,"turns":5},{"damage":0,"enemies":"2 Louse","floor":5,"turns":3},{"damage":37,"enemies":"3 Sentries","floor":6,"turns":11},{"damage":8,"enemies":"Looter","floor":7,"turns":3},{"damage":4,"enemies":"Blue Slaver","floor":12,"turns":4},{"damage":14,"enemies":"3 Louse","floor":14,"turns":3},{"damage":1,"enemies":"Hexaghost","floor":16,"turns":8},{"damage":22,"enemies":"2 Thieves","floor":18,"turns":4},{"damage":16,"enemies":"Shell Parasite","floor":19,"turns":6},{"damage":8,"enemies":"Snecko","floor":22,"turns":5},{"damage":2,"enemies":"Shelled Parasite and Fungi","floor":28,"turns":3},{"damage":9,"enemies":"Cultist and Chosen","floor":29,"turns":7},{"damage":31,"enemies":"Chosen and Byrds","floor":30,"turns":5}],"seed_played":"-2701282245353326600","potions_obtained":[{"floor":1,"key":"Energy Potion"},{"floor":3,"key":"Ancient Potion"},{"floor":7,"key":"LiquidBronze"},{"floor":19,"key":"Block Potion"},{"floor":22,"key":"Poison Potion"}],"is_trial":false,"path_per_floor":["M","?","M","?","M","E","M","R","T","$","R","M","?","M","R","B",null,"M","M","?","?","M","R","?","$","T","R","M","M","M"],"character_chosen":"THE_SILENT","items_purchased":["Mayhem","Outmaneuver"],"campfire_rested":2,"item_purchase_floors":[10,25],"current_hp_per_floor":[59,48,47,52,52,15,7,28,28,28,28,24,24,10,10,9,56,34,18,18,18,10,31,31,31,31,31,29,20,0],"gold":75,"neow_bonus":"UPGRADE_CARD","is_prod":false,"is_daily":false,"chose_seed":false,"campfire_upgraded":3,"win_rate":0,"timestamp":1560364277,"path_taken":["M","?","M","?","M","E","?","R","T","?","R","M","?","M","R","BOSS","M","M","?","?","M","R","?","$","T","R","M","M","?"],"build_version":"2019-01-23","purchased_purges":0,"victory":false,"max_hp_per_floor":[66,66,66,71,71,71,71,71,71,71,71,71,71,71,71,71,71,71,71,71,71,71,71,71,71,71,71,71,71,71],"card_choices":[{"not_picked":["Blade Dance","Acrobatics"],"picked":"Heel Hook","floor":1},{"not_picked":["Bouncing Flask","Dodge and Roll"],"picked":"Deadly Poison","floor":3},{"not_picked":["Acrobatics","Escape Plan"],"picked":"Dagger Throw","floor":5},{"not_picked":["Acrobatics","Bane"],"picked":"Poisoned Stab","floor":6},{"not_picked":["Dodge and Roll","Predator"],"picked":"Dagger Throw","floor":7},{"not_picked":["Poisoned Stab","Outmaneuver"],"picked":"Venomology","floor":12},{"not_picked":["Masterful Stab","Underhanded Strike"],"picked":"Backflip","floor":14},{"not_picked":["Glass Knife","Unload"],"picked":"Die Die Die","floor":16},{"not_picked":["Prepared","Finisher"],"picked":"Sucker Punch","floor":18},{"not_picked":["Concentrate","Backflip"],"picked":"Acrobatics","floor":19},{"not_picked":["Slice","Acrobatics"],"picked":"Catalyst+1","floor":22},{"not_picked":["Accuracy","Prepared"],"picked":"Heel Hook+1","floor":28},{"not_picked":["Underhanded Strike","Skewer+1"],"picked":"PiercingWail","floor":29}],"player_experience":1350740,"relics_obtained":[{"floor":6,"key":"Potion Belt"},{"floor":9,"key":"Blue Candle"},{"floor":26,"key":"Letter Opener"}],"event_choices":[{"damage_healed":0,"gold_gain":75,"player_choice":"Gather Gold","damage_taken":11,"max_hp_gain":0,"max_hp_loss":0,"event_name":"World of Goop","floor":2,"gold_loss":0},{"damage_healed":0,"gold_gain":0,"player_choice":"Donut","damage_taken":0,"max_hp_gain":5,"max_hp_loss":0,"event_name":"Big Fish","floor":4,"gold_loss":0},{"cards_removed":["Strike_G"],"damage_healed":0,"gold_gain":0,"player_choice":"Card Removal","damage_taken":0,"max_hp_gain":0,"max_hp_loss":0,"event_name":"The Cleric","floor":13,"gold_loss":75},{"damage_healed":0,"gold_gain":50,"player_choice":"Stole From Cult","damage_taken":0,"max_hp_gain":0,"max_hp_loss":0,"event_name":"Nest","floor":20,"gold_loss":0},{"cards_removed":["Strike_G"],"damage_healed":0,"gold_gain":0,"player_choice":"Gave Gold","damage_taken":0,"max_hp_gain":0,"max_hp_loss":0,"event_name":"Beggar","floor":21,"gold_loss":75},{"damage_healed":0,"gold_gain":0,"player_choice":"Smashed Altar","damage_taken":0,"max_hp_gain":0,"max_hp_loss":0,"event_name":"Forgotten Altar","floor":24,"gold_loss":0,"cards_obtained":["Decay"]}],"is_beta":false,"boss_relics":[{"not_picked":["Runic Pyramid","WristBlade"],"picked":"Astrolabe"}],"items_purged_floors":[],"is_endless":false,"potions_floor_spawned":[1,3,5,7,19,22],"killed_by":"Chosen and Byrds","ascension_level":20}