{"gold_per_floor":[110,88,18,37,13,13,44,44,94,20,33,58,70,70,70,70],"floor_reached":16,"playtime":1167,"items_purged":[],"score":157,"play_id":"54e1244e-6433-44bb-942e-d2ac23c7e30e","local_time":"20190718115044","is_ascension_mode":true,"campfire_choices":[{"data":"Acrobatics","floor":6,"key":"SMITH"},{"data":"Footwork","floor":8,"key":"SMITH"},{"data":"Neutralize","floor":15,"key":"SMITH"}],"neow_cost":"NONE","seed_source_timestamp":510813132782299,"circlet_count":0,"master_deck":["Strike_G","Strike_G","Strike_G","Strike_G","Strike_G","Defend_G","Defend_G","Defend_G","Defend_G","Defend_G","Survivor","Neutralize+1","Flying Knee","Acrobatics+1","Footwork+1","PiercingWail","Poisoned Stab","Bane","Heel Hook","Flying Knee","Reflex","Heel Hook"],"relics":["Ring of the Snake","Calipers","Happy Flower","Bottled Flame"],"potions_floor_usage":[12,16],"damage_taken":[{"damage":3,"enemies":"Cultist","floor":1,"turns":5},{"damage":0,"enemies":"Jaw Worm","floor":4,"turns":5},{"damage":32,"enemies":"Lagavulin","floor":7,"turns":9},{"damage":0,"enemies":"2 Louse","floor":11,"turns":4},{"damage":27,"enemies":"3 Sentries","floor":12,"turns":10},{"damage":6,"enemies":"Blue Slaver","floor":13,"turns":4},{"damage":23,"enemies":"Slime Boss","floor":16,"turns":4}],"seed_played":"5679172796913757433","potions_obtained":[{"floor":11,"key":"Regen Potion"},{"floor":13,"key":"SkillPotion"}],"is_trial":false,"path_per_floor":["M","$","$","M","$","R","E","R","T","$","M","E","M","?","R","B"],"character_chosen":"THE_SILENT","items_purchased":["Acrobatics","Footwork","Poisoned Stab","Heel Hook"],"campfire_rested":0,"item_purchase_floors":[2,3,5,10],"current_hp_per_floor":[67,67,67,67,67,67,35,35,35,35,35,23,17,17,17,0],"gold":70,"neow_bonus":"TEN_PERCENT_HP_BONUS","is_prod":false,"is_daily":false,"chose_seed":false,"campfire_upgraded":3,"win_rate":0,"timestamp":1563475844,"path_taken":["M","?","$","?","$","R","E","R","T","$","M","E","?","?","R","BOSS"],"build_version":"2019-07-17","purchased_purges":0,"victory":false,"max_hp_per_floor":[77,77,77,77,77,77,77,77,77,77,77,77,77,77,77,77],"card_choices":[{"not_picked":["Slice","Accuracy"],"picked":"Flying Knee","floor":1},{"not_picked":["Sucker Punch","Accuracy"],"picked":"PiercingWail","floor":4},{"not_picked":["Expertise","Setup"],"picked":"Bane","floor":7},{"not_picked":["PiercingWail","Dagger Throw"],"picked":"Flying Knee","floor":11},{"not_picked":["Flechettes","Blade Dance"],"picked":"Reflex","floor":12},{"not_picked":["Grand Finale","Flying Knee"],"picked":"Heel Hook","floor":13}],"player_experience":354390,"relics_obtained":[{"floor":7,"key":"Calipers"},{"floor":9,"key":"Happy Flower"},{"floor":12,"key":"Bottled Flame"}],"event_choices":[{"damage_healed":0,"gold_gain":0,"player_choice":"Ignored","damage_taken":0,"max_hp_gain":0,"max_hp_loss":0,"event_name":"Liars Game","floor":14,"gold_loss":0}],"is_beta":false,"boss_relics":[],"items_purged_floors":[],"is_endless":false,"potions_floor_spawned":[11,13],"killed_by":"Slime Boss","ascension_level":9}