{"gold_per_floor":[115,126,137,167,167,197,197,222,222,254,270,270,290,315,315,418,418,429,429,445,458,486,515,534,34,34,47,81,99,99,117,117,222,222,239,11,63,81,81,107,119,157,192,5,17,17,37,67,67,67],"floor_reached":51,"playtime":6513,"items_purged":["Regret"],"score":972,"play_id":"04460dba-c53d-4d76-b793-3e8b91534a40","local_time":"20180804135659","is_ascension_mode":false,"campfire_choices":[{"floor":7,"key":"REST"},{"floor":12,"key":"REST"},{"floor":15,"key":"REST"},{"floor":32,"key":"REST"},{"floor":41,"key":"REST"},{"floor":46,"key":"REST"},{"floor":49,"key":"REST"}],"neow_cost":"NONE","seed_source_timestamp":9201764959039,"circlet_count":0,"master_deck":["Strike_R","Strike_R","Strike_R","Strike_R","Strike_R","Defend_R","Defend_R","Defend_R","Defend_R","Bash","Anger","Intimidate","Sentinel","Anger+1","Infernal Blade","Disarm","Cleave+1","Immolate+1","Fiend Fire+1","Burning Pact","Ghostly","Ghostly","Ghostly","Ghostly","Ghostly","Twin Strike+1","Feel No Pain+1","Shrug It Off","Spot Weakness","Demon Form+1","Ghostly","Armaments","Flame Barrier+1","True Grit","Juggernaut+1","Armaments","Whirlwind+1","Sentinel+1","Anger+1","Juggernaut+1","Armaments","Iron Wave+1","Heavy Blade+1","Heavy Blade+1","Wild Strike+1","True Grit+1","Twin Strike+1","Exhume","Armaments+1","Limit Break","Armaments","Good Instincts","Trip","Jack Of All Trades","Headbutt+1","Iron Wave+1","Feel No Pain+1","Battle Trance","Dropkick+1","Shrug It Off","Reaper+1"],"relics":["Black Star","Tiny Chest","Molten Egg 2","Art of War","Vajra","Lantern","Darkstone Periapt","Champion Belt","Ice Cream","Frozen Egg 2","Mercury Hourglass","Mark of Pain","Red Mask","Boot","Bronze Scales","Prayer Wheel","DollysMirror","Kunai","Oddly Smooth Stone","Orrery","Incense Burner","Pen Nib","MawBank","Juzu Bracelet","Strawberry","Red Skull","Strange Spoon","Dodecahedron","The Courier"],"potions_floor_usage":[6,14,16,24,35,40,42,50,50,50],"damage_taken":[{"damage":9,"enemies":"Cultist","floor":1,"turns":4},{"damage":1,"enemies":"Jaw Worm","floor":2,"turns":3},{"damage":2,"enemies":"Small Slimes","floor":3,"turns":3},{"damage":26,"enemies":"Lagavulin","floor":6,"turns":8},{"damage":31,"enemies":"Gremlin Nob","floor":10,"turns":5},{"damage":2,"enemies":"2 Fungi Beasts","floor":11,"turns":2},{"damage":1,"enemies":"Large Slime","floor":13,"turns":4},{"damage":17,"enemies":"Lagavulin","floor":14,"turns":5},{"damage":10,"enemies":"Slime Boss","floor":16,"turns":8},{"damage":7,"enemies":"Chosen","floor":18,"turns":3},{"damage":0,"enemies":"Spheric Guardian","floor":20,"turns":2},{"damage":0,"enemies":"Snecko","floor":21,"turns":4},{"damage":0,"floor":22,"turns":3},{"damage":0,"enemies":"Slavers","floor":23,"turns":6},{"damage":0,"enemies":"Sentry and Sphere","floor":24,"turns":4},{"damage":2,"enemies":"Snake Plant","floor":27,"turns":4},{"damage":1,"enemies":"Gremlin Leader","floor":28,"turns":6},{"damage":9,"enemies":"Centurion and Healer","floor":29,"turns":6},{"damage":0,"enemies":"Snecko","floor":31,"turns":4},{"damage":5,"enemies":"Automaton","floor":33,"turns":8},{"damage":1,"enemies":"3 Shapes","floor":35,"turns":2},{"damage":11,"floor":37,"turns":4},{"damage":1,"enemies":"Orb Walker","floor":38,"turns":3},{"damage":14,"enemies":"2 Orb Walkers","floor":40,"turns":4},{"damage":8,"enemies":"Giant Head","floor":42,"turns":11},{"damage":12,"enemies":"Maw","floor":45,"turns":8},{"damage":0,"enemies":"Transient","floor":47,"turns":5},{"damage":3,"enemies":"Nemesis","floor":48,"turns":5},{"damage":18,"enemies":"Awakened One","floor":50,"turns":14}],"seed_played":"-8196130631074486692","potions_obtained":[{"floor":3,"key":"Dexterity Potion"},{"floor":6,"key":"SneckoOil"},{"floor":14,"key":"LiquidBronze"},{"floor":20,"key":"GamblersBrew"},{"floor":21,"key":"Explosive Potion"},{"floor":24,"key":"Fire Potion"},{"floor":29,"key":"SteroidPotion"},{"floor":33,"key":"Fruit Juice"},{"floor":40,"key":"GamblersBrew"},{"floor":42,"key":"Dexterity Potion"},{"floor":47,"key":"Strength Potion"},{"floor":48,"key":"Energy Potion"}],"is_trial":false,"path_per_floor":["M","M","M","?","?","E","R","T","T","E","M","R","M","E","R","B",null,"M","?","M","M","?","E","M","$","T","M","E","M","?","M","R","B",null,"M","$","?","M","?","E","R","E","T","$","M","R","M","E","R","B"],"character_chosen":"IRONCLAD","items_purchased":["Prayer Wheel","DollysMirror","Exhume","Strange Spoon"],"campfire_rested":7,"item_purchase_floors":[25,25,36,44],"current_hp_per_floor":[71,70,68,68,56,30,54,54,54,23,21,45,44,27,51,41,80,73,40,40,40,40,40,40,40,40,38,37,28,28,28,40,35,40,44,44,33,32,22,8,21,20,20,20,8,23,23,20,35,33],"gold":67,"neow_bonus":"BOSS_RELIC","is_prod":false,"is_daily":false,"chose_seed":false,"campfire_upgraded":0,"win_rate":0.0,"timestamp":1533383819,"path_taken":["M","M","?","?","?","E","R","?","T","E","M","R","?","E","R","BOSS","M","?","M","M","?","E","M","?","T","M","E","?","?","M","R","BOSS","M","$","?","M","?","E","R","E","T","$","M","R","M","E","R","BOSS"],"build_version":"2018-08-02","purchased_purges":1,"victory":true,"max_hp_per_floor":[80,80,80,80,80,80,80,80,80,80,80,80,80,80,80,80,80,80,40,40,40,40,40,40,40,40,40,40,40,40,40,40,40,40,45,45,45,45,45,45,45,52,52,52,52,52,52,52,52,52],"card_choices":[{"not_picked":["Seeing Red","Inflame"],"picked":"Anger","floor":1},{"not_picked":["Clothesline","Wild Strike"],"picked":"Intimidate","floor":2},{"not_picked":["Pummel","Anger"],"picked":"Sentinel","floor":3},{"not_picked":["Body Slam+1","Inflame"],"picked":"Anger+1","floor":6},{"not_picked":["Anger+1","Double Tap"],"picked":"Infernal Blade","floor":10},{"not_picked":["Clothesline+1","Rage"],"picked":"Disarm","floor":11},{"not_picked":["Clothesline+1","Sword Boomerang+1"],"picked":"Cleave+1","floor":13},{"not_picked":["Metallicize","Anger+1"],"picked":"Immolate+1","floor":14},{"not_picked":["Feed+1","Exhume"],"picked":"Fiend Fire+1","floor":16},{"not_picked":["Cleave+1","Thunderclap+1"],"picked":"Burning Pact","floor":18},{"not_picked":["Sword Boomerang+1","Perfected Strike+1"],"picked":"Twin Strike+1","floor":20},{"not_picked":["Warcry","Sentinel"],"picked":"Feel No Pain+1","floor":21},{"not_picked":["Fire Breathing+1","Perfected Strike+1"],"picked":"Shrug It Off","floor":22},{"not_picked":["Searing Blow+1","Cleave+1"],"picked":"Spot Weakness","floor":23},{"not_picked":["Thunderclap+1","Second Wind"],"picked":"Demon Form+1","floor":24},{"not_picked":["Sword Boomerang+1","Wild Strike+1"],"picked":"Armaments","floor":27},{"not_picked":["Havoc","Disarm"],"picked":"Flame Barrier+1","floor":27},{"not_picked":["Thunderclap+1","Iron Wave+1"],"picked":"True Grit","floor":28},{"not_picked":["Wild Strike+1","Seeing Red"],"picked":"Juggernaut+1","floor":29},{"not_picked":["Flex+1","Burning Pact+1"],"picked":"Armaments","floor":29},{"not_picked":["Warcry","Rage"],"picked":"Sentinel+1","floor":31},{"not_picked":["Clash+1","Uppercut+1"],"picked":"Anger+1","floor":31},{"not_picked":["Feed+1","Offering"],"picked":"Juggernaut+1","floor":33},{"not_picked":["Power Through","Shockwave"],"picked":"Armaments","floor":34},{"not_picked":["Clothesline+1","Sword Boomerang+1"],"picked":"Iron Wave+1","floor":34},{"not_picked":["Havoc+1","Anger+1"],"picked":"Heavy Blade+1","floor":34},{"not_picked":["Burning Pact+1","Flex+1"],"picked":"Heavy Blade+1","floor":34},{"not_picked":["Clothesline+1","Entrench"],"picked":"Wild Strike+1","floor":34},{"not_picked":["Iron Wave+1","Intimidate"],"picked":"True Grit+1","floor":35},{"not_picked":["Clash+1","Rage"],"picked":"Twin Strike+1","floor":35},{"not_picked":["Seeing Red+1","Headbutt+1"],"picked":"Armaments+1","floor":37},{"not_picked":["Shrug It Off","Headbutt+1"],"picked":"Limit Break","floor":38},{"not_picked":["Combust+1","Havoc"],"picked":"Armaments","floor":38},{"not_picked":["Transmutation","Master of Strategy"],"picked":"Good Instincts","floor":39},{"not_picked":["Flash of Steel+1","Blind"],"picked":"Trip","floor":39},{"not_picked":["Swift Strike+1","Enlightenment"],"picked":"Jack Of All Trades","floor":39},{"not_picked":["Searing Blow+1","Cleave+1"],"picked":"Headbutt+1","floor":40},{"not_picked":["Havoc+1","Feed+1"],"picked":"Iron Wave+1","floor":42},{"not_picked":["Pommel Strike+1","Headbutt+1"],"picked":"Feel No Pain+1","floor":45},{"not_picked":["Pommel Strike+1","Wild Strike+1"],"picked":"Battle Trance","floor":45},{"not_picked":["Havoc+1","Bloodletting+1"],"picked":"Dropkick+1","floor":47},{"not_picked":["Warcry+1","Anger+1"],"picked":"Shrug It Off","floor":47},{"not_picked":["Feel No Pain+1","Twin Strike+1"],"picked":"Reaper+1","floor":48}],"player_experience":156757,"relics_obtained":[{"floor":6,"key":"Art of War"},{"floor":6,"key":"Vajra"},{"floor":8,"key":"Lantern"},{"floor":9,"key":"Darkstone Periapt"},{"floor":10,"key":"Champion Belt"},{"floor":10,"key":"Ice Cream"},{"floor":14,"key":"Frozen Egg 2"},{"floor":14,"key":"Mercury Hourglass"},{"floor":22,"key":"Red Mask"},{"floor":23,"key":"Boot"},{"floor":23,"key":"Bronze Scales"},{"floor":26,"key":"Kunai"},{"floor":28,"key":"Oddly Smooth Stone"},{"floor":37,"key":"Incense Burner"},{"floor":40,"key":"Pen Nib"},{"floor":40,"key":"MawBank"},{"floor":42,"key":"Juzu Bracelet"},{"floor":42,"key":"Strawberry"},{"floor":43,"key":"Red Skull"},{"floor":48,"key":"Dodecahedron"},{"floor":48,"key":"The Courier"}],"event_choices":[{"event_name":"Big Fish","player_choice":"Box","floor":4,"damage_taken":0},{"event_name":"Scrap Ooze","player_choice":"success","floor":5,"damage_taken":12},{"event_name":"Ghosts","player_choice":"Became a Ghost","floor":19,"damage_taken":0},{"event_name":"Masked Bandits","player_choice":"Fought over 458 gold","floor":22,"damage_taken":0},{"event_name":"The Library","player_choice":"Read","floor":30,"damage_taken":0},{"event_name":"Mysterious Sphere","player_choice":"Fight","floor":37,"damage_taken":0},{"event_name":"SensoryStone","player_choice":"Memory 3","floor":39,"damage_taken":0}],"is_beta":false,"boss_relics":[{"not_picked":["Fusion Hammer","Empty Cage"],"picked":"Mark of Pain"},{"not_picked":["Runic Cube","Astrolabe"],"picked":"Orrery"}],"items_purged_floors":[36],"is_endless":false,"potions_floor_spawned":[3,6,14,20,21,24,29,33,40,42,47,48],"ascension_level":0}