{"gold_per_floor":[119,133,133,133,149,178,188,9,85,102,117,141,175,188,188,287,287,305,48,48,61,77,108,108,207,283,300,32,52,82,99,99,195,195,207,207,207,207,221,73,73,128,178,178,178,198,259,259,259,259],"floor_reached":51,"playtime":5428,"items_purged":["Strike_R"],"score":880,"play_id":"89885cdc-ed46-47b4-9166-9dd5aabbb259","local_time":"20180821230535","is_ascension_mode":true,"campfire_choices":[{"data":"Flame Barrier","floor":15,"key":"SMITH"},{"data":"Barricade","floor":24,"key":"SMITH"},{"data":"True Grit","floor":32,"key":"SMITH"},{"data":"True Grit","floor":41,"key":"SMITH"},{"data":"Infernal Blade","floor":49,"key":"SMITH"}],"neow_cost":"NONE","seed_source_timestamp":366557825818562,"circlet_count":0,"master_deck":["Defend_R","Defend_R+1","Defend_R","Defend_R+1","True Grit+1","Metallicize","True Grit+1","Power Through+1","Flame Barrier+1","Reckless Charge+1","Metallicize","Barricade+1","Intimidate","Shrug It Off","Power Through+1","Dual Wield","Juggernaut","Havoc","Flame Barrier","Infernal Blade+1","Intimidate+1","Metallicize","Madness","Madness"],"relics":["Philosopher\u0027s Stone","Dead Branch","Bronze Scales","Meat on the Bone","Orichalcum","Vajra","Busted Crown","Molten Egg 2","Self Forming Clay","Juzu Bracelet","Pantograph","Lee\u0027s Waffle","Regal Pillow","Empty Cage","War Paint","Magic Flower","Whetstone","Torii","Tiny Chest"],"potions_floor_usage":[6,13,13,46,50,50,50],"damage_taken":[{"damage":0,"enemies":"Cultist","floor":1,"turns":3},{"damage":1,"enemies":"Jaw Worm","floor":2,"turns":5},{"damage":0,"enemies":"2 Louse","floor":5,"turns":2},{"damage":34,"enemies":"3 Sentries","floor":6,"turns":14},{"damage":1,"enemies":"Blue Slaver","floor":7,"turns":4},{"damage":4,"enemies":"Large Slime","floor":10,"turns":5},{"damage":7,"enemies":"Looter","floor":11,"turns":3},{"damage":21,"enemies":"Gremlin Nob","floor":13,"turns":5},{"damage":5,"enemies":"Exordium Wildlife","floor":14,"turns":5},{"damage":27,"enemies":"The Guardian","floor":16,"turns":13},{"damage":21,"enemies":"Shell Parasite","floor":18,"turns":6},{"damage":0,"enemies":"Chosen","floor":21,"turns":8},{"damage":14,"enemies":"Sentry and Sphere","floor":22,"turns":7},{"damage":31,"enemies":"Slavers","floor":23,"turns":7},{"damage":14,"enemies":"3 Cultists","floor":27,"turns":5},{"damage":19,"enemies":"Chosen and Byrds","floor":29,"turns":7},{"damage":10,"enemies":"Gremlin Leader","floor":30,"turns":6},{"damage":0,"enemies":"Snake Plant","floor":31,"turns":5},{"damage":6,"enemies":"Champ","floor":33,"turns":17},{"damage":0,"enemies":"Flame Bruiser 1 Orb","floor":35,"turns":8},{"damage":0,"enemies":"Orb Walker","floor":39,"turns":4},{"damage":13,"floor":42,"turns":5},{"damage":0,"floor":44,"turns":10},{"damage":3,"enemies":"Sphere and 2 Shapes","floor":46,"turns":7},{"damage":9,"enemies":"Giant Head","floor":47,"turns":9},{"damage":53,"enemies":"Donu and Deca","floor":50,"turns":11}],"seed_played":"4032574284984751467","potions_obtained":[{"floor":2,"key":"FearPotion"},{"floor":7,"key":"Regen Potion"},{"floor":10,"key":"Explosive Potion"},{"floor":11,"key":"Explosive Potion"},{"floor":14,"key":"FairyPotion"},{"floor":18,"key":"SteroidPotion"},{"floor":27,"key":"FearPotion"},{"floor":29,"key":"Block Potion"},{"floor":42,"key":"Explosive Potion"},{"floor":46,"key":"SpeedPotion"},{"floor":47,"key":"Block Potion"}],"is_trial":false,"path_per_floor":["M","M","?","?","M","E","M","$","T","M","M","T","E","M","R","B",null,"M","$","?","M","M","E","R","?","T","M","$","M","E","M","R","B",null,"M","?","?","?","M","$","R","?","T","?","?","M","E","?","R","B"],"character_chosen":"IRONCLAD","items_purchased":["Bronze Scales","Reckless Charge","Molten Egg 2","Lee\u0027s Waffle","War Paint"],"campfire_rested":0,"item_purchase_floors":[8,8,19,28,40],"current_hp_per_floor":[80,79,63,63,63,29,28,28,28,36,41,41,46,41,41,26,80,59,59,59,59,45,36,36,36,36,34,87,68,58,61,61,80,90,90,90,90,90,90,90,90,77,77,90,90,87,78,67,67,55],"gold":259,"neow_bonus":"BOSS_RELIC","is_prod":false,"is_daily":false,"chose_seed":false,"campfire_upgraded":5,"win_rate":0,"timestamp":1534885535,"path_taken":["M","?","?","?","M","E","M","$","T","M","M","?","E","?","R","BOSS","M","$","?","M","M","E","R","?","T","M","$","M","E","M","R","BOSS","M","?","?","?","M","$","R","?","T","?","?","M","E","?","R","BOSS"],"build_version":"2018-08-16","purchased_purges":1,"victory":true,"max_hp_per_floor":[80,80,80,80,80,80,80,80,80,80,80,80,80,80,80,80,80,80,80,80,80,80,80,80,80,80,80,87,87,87,90,90,90,90,90,90,90,90,90,90,90,90,90,90,90,90,90,90,90,90],"card_choices":[{"not_picked":["Heavy Blade","Blood for Blood"],"picked":"True Grit","floor":1},{"not_picked":["Cleave","Sword Boomerang"],"picked":"Metallicize","floor":2},{"not_picked":["Havoc","Shrug It Off"],"picked":"True Grit","floor":5},{"not_picked":["Clash","Headbutt"],"picked":"Power Through","floor":6},{"not_picked":["Rage","Bloodletting"],"picked":"Flame Barrier","floor":7},{"not_picked":["Heavy Blade","Clash","Rage"],"picked":"SKIP","floor":10},{"not_picked":["Cleave","Warcry"],"picked":"Metallicize","floor":11},{"not_picked":["Offering","Iron Wave"],"picked":"Thunderclap","floor":13},{"not_picked":["Clash","Blood for Blood","Combust"],"picked":"SKIP","floor":14},{"not_picked":["Demon Form","Immolate"],"picked":"Barricade","floor":16},{"not_picked":[],"picked":"Intimidate","floor":18},{"not_picked":[],"picked":"Shrug It Off","floor":21},{"not_picked":["Clash+1"],"picked":"SKIP","floor":22},{"not_picked":["Havoc"],"picked":"SKIP","floor":23},{"not_picked":["Clash+1"],"picked":"SKIP","floor":27},{"not_picked":[],"picked":"Power Through+1","floor":29},{"not_picked":[],"picked":"Dual Wield","floor":30},{"not_picked":["Heavy Blade+1"],"picked":"SKIP","floor":31},{"not_picked":[],"picked":"Juggernaut","floor":33},{"not_picked":["Flex"],"picked":"SKIP","floor":35},{"not_picked":[],"picked":"Havoc","floor":39},{"not_picked":[],"picked":"Flame Barrier","floor":42},{"not_picked":[],"picked":"Infernal Blade","floor":44},{"not_picked":[],"picked":"Intimidate+1","floor":46},{"not_picked":[],"picked":"Metallicize","floor":47}],"player_experience":349515,"relics_obtained":[{"floor":6,"key":"Dead Branch"},{"floor":9,"key":"Meat on the Bone"},{"floor":12,"key":"Orichalcum"},{"floor":13,"key":"Vajra"},{"floor":23,"key":"Juzu Bracelet"},{"floor":26,"key":"Pantograph"},{"floor":30,"key":"Regal Pillow"},{"floor":42,"key":"Magic Flower"},{"floor":43,"key":"Whetstone"},{"floor":44,"key":"Torii"},{"floor":47,"key":"Tiny Chest"}],"event_choices":[{"event_name":"Shining Light","player_choice":"Entered Light","floor":3,"damage_taken":0},{"event_name":"Living Wall","player_choice":"Forget","floor":4,"damage_taken":0},{"event_name":"The Mausoleum","player_choice":"Yes","floor":20,"damage_taken":0},{"event_name":"Nest","player_choice":"Stole From Cult","floor":25,"damage_taken":0},{"event_name":"Tomb of Lord Red Mask","player_choice":"Ignored","floor":36,"damage_taken":0},{"event_name":"Purifier","player_choice":"One Purge","floor":37,"damage_taken":0},{"event_name":"Falling","player_choice":"Removed Attack","floor":38,"damage_taken":0},{"event_name":"Mysterious Sphere","player_choice":"Fight","floor":42,"damage_taken":0},{"event_name":"MindBloom","player_choice":"Fight","floor":44,"damage_taken":0},{"event_name":"Bonfire Elementals","player_choice":"BASIC","floor":45,"damage_taken":0},{"event_name":"Winding Halls","player_choice":"Embrace Madness","floor":48,"damage_taken":0}],"is_beta":false,"boss_relics":[{"not_picked":["Runic Dome","Cursed Key"],"picked":"Busted Crown"},{"not_picked":["Runic Pyramid","Mark of Pain"],"picked":"Empty Cage"}],"items_purged_floors":[28],"is_endless":false,"potions_floor_spawned":[2,7,10,11,14,18,27,29,42,46,47],"ascension_level":2}