{"gold_per_floor":[118,118,193,207,3,36,36,54,54,74,74,108,108,119,119,192,192,202,174,174,174],"floor_reached":21,"playtime":1208,"items_purged":["Strike_G"],"score":428,"play_id":"2259e3a1-3834-4e0d-98b1-7f3032ce3453","local_time":"20190820130213","is_ascension_mode":true,"campfire_choices":[{"data":"Noxious Fumes","floor":7,"key":"SMITH"},{"floor":11,"key":"REST"},{"data":"Footwork","floor":15,"key":"SMITH"}],"neow_cost":"NONE","seed_source_timestamp":154821138144700,"circlet_count":0,"master_deck":["AscendersBane","Strike_G","Strike_G","Strike_G","Defend_G","Defend_G","Defend_G","Defend_G","Survivor","Neutralize","Deadly Poison","Sucker Punch","Noxious Fumes+1","Predator","PiercingWail","Well Laid Plans","Bouncing Flask","Footwork+1","PiercingWail","After Image","Leg Sweep"],"relics":["Ring of the Snake","NeowsBlessing","Juzu Bracelet","Letter Opener","Torii","Busted Crown"],"potions_floor_usage":[12,12,16,21,21],"damage_taken":[{"damage":0,"enemies":"2 Louse","floor":1,"turns":1},{"damage":0,"enemies":"Small Slimes","floor":4,"turns":1},{"damage":0,"enemies":"Lagavulin","floor":6,"turns":1},{"damage":0,"enemies":"Cultist","floor":8,"turns":3},{"damage":16,"enemies":"Gremlin Gang","floor":10,"turns":3},{"damage":30,"enemies":"Gremlin Nob","floor":12,"turns":4},{"damage":2,"enemies":"Blue Slaver","floor":14,"turns":4},{"damage":20,"enemies":"The Guardian","floor":16,"turns":8},{"damage":10,"enemies":"Shell Parasite","floor":18,"turns":7},{"damage":12,"enemies":"2 Thieves","floor":19,"turns":4},{"damage":36,"enemies":"Cultist and Chosen","floor":21,"turns":7}],"seed_played":"7804203980438520867","potions_obtained":[{"floor":1,"key":"SkillPotion"},{"floor":10,"key":"Dexterity Potion"},{"floor":12,"key":"Regen Potion"},{"floor":16,"key":"Swift Potion"},{"floor":18,"key":"Dexterity Potion"},{"floor":19,"key":"Block Potion"}],"is_trial":false,"path_per_floor":["M","?","?","M","$","E","R","M","T","M","R","E","?","M","R","B",null,"M","M","?","M"],"character_chosen":"THE_SILENT","items_purchased":["Noxious Fumes","Predator"],"campfire_rested":1,"item_purchase_floors":[5,5],"current_hp_per_floor":[59,52,41,41,41,41,41,41,41,25,44,14,36,34,34,29,57,47,35,35,0],"gold":174,"neow_bonus":"THREE_ENEMY_KILL","is_prod":false,"is_daily":false,"chose_seed":false,"campfire_upgraded":2,"win_rate":0,"timestamp":1566298933,"path_taken":["M","?","?","M","$","E","R","M","T","M","R","E","?","M","R","BOSS","M","M","?","M"],"build_version":"2019-07-17","purchased_purges":1,"victory":false,"max_hp_per_floor":[66,66,66,66,66,66,66,66,66,66,66,66,66,66,66,66,66,66,66,66,66],"card_choices":[{"not_picked":["Acrobatics","Outmaneuver"],"picked":"Deadly Poison","floor":1},{"not_picked":["Escape Plan","Masterful Stab"],"picked":"Sucker Punch","floor":4},{"not_picked":["Acrobatics","Deflect"],"picked":"PiercingWail","floor":6},{"not_picked":["Endless Agony","Underhanded Strike"],"picked":"Well Laid Plans","floor":8},{"not_picked":["Quick Slash","Prepared"],"picked":"Bouncing Flask","floor":10},{"not_picked":["Storm of Steel","Quick Slash"],"picked":"Footwork","floor":12},{"not_picked":["Quick Slash","All Out Attack"],"picked":"PiercingWail","floor":14},{"not_picked":["Unload","Storm of Steel"],"picked":"After Image","floor":16},{"not_picked":[],"picked":"Leg Sweep","floor":18},{"not_picked":["Bane"],"picked":"SKIP","floor":19}],"player_experience":1545035,"relics_obtained":[{"floor":6,"key":"Juzu Bracelet"},{"floor":9,"key":"Letter Opener"},{"floor":12,"key":"Torii"}],"event_choices":[{"cards_removed":["Defend_G"],"damage_healed":0,"gold_gain":0,"player_choice":"Card Removal","damage_taken":7,"max_hp_gain":0,"max_hp_loss":0,"event_name":"Golden Wing","floor":2,"gold_loss":0},{"damage_healed":0,"gold_gain":75,"player_choice":"Gather Gold","damage_taken":11,"max_hp_gain":0,"max_hp_loss":0,"event_name":"World of Goop","floor":3,"gold_loss":0},{"damage_healed":22,"gold_gain":0,"player_choice":"Banana","damage_taken":0,"max_hp_gain":0,"max_hp_loss":0,"event_name":"Big Fish","floor":13,"gold_loss":0},{"cards_removed":["Strike_G"],"damage_healed":0,"gold_gain":0,"player_choice":"Elegance","damage_taken":0,"max_hp_gain":0,"max_hp_loss":0,"event_name":"Back to Basics","floor":20,"gold_loss":0}],"is_beta":false,"boss_relics":[{"not_picked":["Ectoplasm","Snecko Eye"],"picked":"Busted Crown"}],"items_purged_floors":[5],"is_endless":false,"potions_floor_spawned":[1,10,12,16,18,19],"killed_by":"Cultist and Chosen","ascension_level":20}