{"gold_per_floor":[114,134,53,3,3,3,34,34,34,34,60,71,71,85,85,85],"floor_reached":16,"playtime":1196,"items_purged":[],"score":124,"play_id":"29299d18-f012-45dd-a6b7-126033bfed23","local_time":"20190710132227","is_ascension_mode":true,"campfire_choices":[{"data":"Outmaneuver","floor":6,"key":"SMITH"},{"floor":8,"key":"REST"},{"floor":10,"key":"REST"},{"floor":13,"key":"REST"},{"floor":15,"key":"RECALL"}],"neow_cost":"NONE","seed_source_timestamp":700613985472283,"circlet_count":0,"master_deck":["Strike_G","Strike_G","Strike_G","Strike_G","Defend_G","Defend_G","Defend_G","Defend_G","Survivor","Neutralize","Deadly Poison","Dagger Throw","Underhanded Strike","Outmaneuver+1","Prepared","Underhanded Strike","PiercingWail","Deadly Poison"],"relics":["Ring of the Snake","Omamori","Orichalcum"],"potions_floor_usage":[16],"damage_taken":[{"damage":2,"enemies":"Jaw Worm","floor":1,"turns":6},{"damage":1,"enemies":"Small Slimes","floor":2,"turns":4},{"damage":61,"enemies":"Gremlin Nob","floor":7,"turns":5},{"damage":35,"enemies":"Lagavulin","floor":11,"turns":7},{"damage":0,"enemies":"2 Louse","floor":12,"turns":3},{"damage":0,"enemies":"2 Fungi Beasts","floor":14,"turns":3},{"damage":45,"enemies":"Slime Boss","floor":16,"turns":7}],"seed_played":"9201007984582339917","potions_obtained":[{"floor":2,"key":"GamblersBrew"},{"floor":12,"key":"Explosive Potion"}],"is_trial":false,"path_per_floor":["M","M","$","?","?","R","E","R","T","R","E","M","R","M","R","B"],"character_chosen":"THE_SILENT","items_purchased":["Underhanded Strike","Outmaneuver"],"campfire_rested":3,"item_purchase_floors":[3,3],"current_hp_per_floor":[75,74,74,74,67,67,6,29,29,52,17,17,40,40,40,0],"gold":85,"neow_bonus":"TEN_PERCENT_HP_BONUS","is_prod":false,"is_daily":false,"chose_seed":false,"campfire_upgraded":1,"win_rate":0,"timestamp":1562790147,"path_taken":["M","M","$","?","?","R","E","R","T","R","E","M","R","M","R","BOSS"],"build_version":"2019-07-05","purchased_purges":0,"victory":false,"max_hp_per_floor":[77,77,77,77,77,77,77,77,77,77,77,77,77,77,77,77],"card_choices":[{"not_picked":["Dagger Spray","Dodge and Roll"],"picked":"Deadly Poison","floor":1},{"not_picked":["Outmaneuver","Endless Agony"],"picked":"Dagger Throw","floor":2},{"not_picked":["Footwork","Doppelganger"],"picked":"Prepared","floor":7},{"not_picked":["Flying Knee","Quick Slash"],"picked":"Underhanded Strike","floor":11},{"not_picked":["Flechettes","Night Terror"],"picked":"PiercingWail","floor":12},{"not_picked":["Blade Dance","Slice"],"picked":"Deadly Poison","floor":14}],"player_experience":187665,"relics_obtained":[{"floor":7,"key":"Omamori"},{"floor":11,"key":"Orichalcum"}],"event_choices":[{"cards_removed":["Strike_G"],"damage_healed":0,"gold_gain":0,"player_choice":"Card Removal","damage_taken":0,"max_hp_gain":0,"max_hp_loss":0,"event_name":"The Cleric","floor":4,"gold_loss":50},{"cards_removed":["Defend_G"],"damage_healed":0,"gold_gain":0,"player_choice":"Card Removal","damage_taken":7,"max_hp_gain":0,"max_hp_loss":0,"event_name":"Golden Wing","floor":5,"gold_loss":0}],"is_beta":false,"boss_relics":[],"items_purged_floors":[],"is_endless":false,"potions_floor_spawned":[2,12],"killed_by":"Slime Boss","ascension_level":3}