{"gold_per_floor":[111,16,16,34,34,34,68,68,92,92,109,24,24,59,59,138,138,151,151,32,32,48,48,48,79,125,125,36,36,48,82,82,157,157,175,195,195,195,195,225,225,225],"floor_reached":42,"playtime":2096,"items_purged":["Strike_G"],"score":1047,"play_id":"e95957d5-5758-4c57-86de-956ae9b2f0b9","local_time":"20190731122057","is_ascension_mode":true,"campfire_choices":[{"data":"Noxious Fumes","floor":6.0,"key":"SMITH"},{"data":"Strike_G","floor":8.0,"key":"PURGE"},{"data":"Sucker Punch","floor":10.0,"key":"SMITH"},{"floor":13.0,"key":"REST"},{"data":"Catalyst","floor":15.0,"key":"SMITH"},{"floor":23.0,"key":"REST"},{"data":"Well Laid Plans","floor":27.0,"key":"SMITH"},{"data":"Burst","floor":29.0,"key":"SMITH"},{"data":"Footwork","floor":32.0,"key":"SMITH"},{"floor":41,"key":"REST"}],"neow_cost":"NONE","seed_source_timestamp":617006385728671,"circlet_count":0,"master_deck":["AscendersBane","Defend_G","Defend_G","Defend_G","Defend_G","Defend_G","Survivor","Neutralize","Footwork+1","Noxious Fumes+1","Deadly Poison","Sucker Punch+1","All Out Attack","Dodge and Roll","Well Laid Plans+1","Catalyst+1","Burst+1","Flying Knee","Bouncing Flask","Flying Knee","Footwork+1","Poisoned Stab+1","Backflip+1","Envenom","Sucker Punch+1","Bane"],"special_seed":0,"relics":["Ring of the Snake","NeowsBlessing","Peace Pipe","Regal Pillow","Mercury Hourglass","Eternal Feather","Ice Cream","Bag of Marbles","Snake Skull","Velvet Choker","Dodecahedron"],"potions_floor_usage":[40,40],"damage_taken":[{"damage":0.0,"enemies":"Jaw Worm","floor":1.0,"turns":1.0},{"damage":0.0,"enemies":"Small Slimes","floor":4.0,"turns":1.0},{"damage":0.0,"enemies":"Gremlin Nob","floor":7.0,"turns":1.0},{"damage":4.0,"enemies":"2 Louse","floor":11.0,"turns":2.0},{"damage":9.0,"enemies":"3 Sentries","floor":14.0,"turns":5.0},{"damage":22.0,"enemies":"Hexaghost","floor":16.0,"turns":8.0},{"damage":11.0,"enemies":"Spheric Guardian","floor":18.0,"turns":5.0},{"damage":0.0,"enemies":"Chosen","floor":22.0,"turns":3.0},{"damage":26.0,"enemies":"Slavers","floor":25.0,"turns":7.0},{"damage":31.0,"enemies":"Centurion and Healer","floor":30.0,"turns":7.0},{"damage":12.0,"enemies":"Book of Stabbing","floor":31.0,"turns":5.0},{"damage":0.0,"enemies":"Champ","floor":33.0,"turns":4.0},{"damage":5.0,"enemies":"Orb Walker","floor":35.0,"turns":3.0},{"damage":4.0,"enemies":"3 Shapes","floor":36.0,"turns":3.0},{"damage":46,"enemies":"Reptomancer","floor":40,"turns":5},{"damage":75,"enemies":"Nemesis","floor":42,"turns":6}],"seed_played":"2133127129906155615","potions_obtained":[{"floor":14.0,"key":"Fire Potion"},{"floor":16.0,"key":"GhostInAJar"},{"floor":30.0,"key":"Fire Potion"},{"floor":31.0,"key":"SkillPotion"},{"floor":33.0,"key":"GamblersBrew"},{"floor":35.0,"key":"SkillPotion"},{"floor":36.0,"key":"Weak Potion"}],"is_trial":false,"path_per_floor":["M","$","?","M","?","R","E","R","T","R","M","$","R","E","R","B",null,"M","?","$","?","M","R","$","E","T","R","$","R","M","E","R","B",null,"M","M","?","?","?","E","R","E"],"character_chosen":"THE_SILENT","items_purchased":["Noxious Fumes","Deadly Poison","Well Laid Plans","Bouncing Flask","Footwork"],"campfire_rested":3,"item_purchase_floors":[2,2,12,20,28],"current_hp_per_floor":[59,59,39,39,32,32,32,32,32,32,28,28,62,53,53,31,57,46,28,28,28,28,71,71,45,45,57,57,69,38,26,38,38,63,58,54,54,54,54,8,59,0],"gold":225,"neow_bonus":"THREE_ENEMY_KILL","is_prod":false,"is_daily":false,"chose_seed":false,"campfire_upgraded":6,"win_rate":0,"timestamp":1564600857,"path_taken":["M","$","?","M","?","R","E","R","T","R","M","$","R","E","R","BOSS","M","?","$","?","M","R","$","E","T","R","?","R","?","E","R","BOSS","M","M","?","?","?","E","R","E"],"build_version":"2019-07-17","purchased_purges":1,"victory":false,"max_hp_per_floor":[66,66,66,66,66,66,66,66,66,66,66,66,66,66,66,66,66,66,71,71,71,71,71,71,71,71,71,71,71,71,71,71,71,71,71,71,71,71,71,71,71,71],"card_choices":[{"not_picked":["Bane","Choke"],"picked":"Footwork","floor":1.0},{"not_picked":["Outmaneuver","Endless Agony"],"picked":"Sucker Punch","floor":4.0},{"not_picked":["Underhanded Strike","Concentrate"],"picked":"All Out Attack","floor":7.0},{"not_picked":["Acrobatics","Night Terror"],"picked":"Dodge and Roll","floor":11.0},{"not_picked":["Quick Slash","Backstab"],"picked":"Catalyst","floor":14.0},{"not_picked":["Adrenaline","Night Terror"],"picked":"Burst","floor":16.0},{"not_picked":["Dagger Spray","Dagger Throw"],"picked":"Flying Knee","floor":18.0},{"not_picked":["Quick Slash","Endless Agony"],"picked":"Flying Knee","floor":22.0},{"not_picked":["Quick Slash","Underhanded Strike","Phantasmal Killer"],"picked":"SKIP","floor":25.0},{"not_picked":["Dagger Spray+1","Dodge and Roll"],"picked":"Poisoned Stab+1","floor":30.0},{"not_picked":["Poisoned Stab","Escape Plan+1"],"picked":"Backflip+1","floor":31.0},{"not_picked":["Storm of Steel","Malaise"],"picked":"Envenom","floor":33.0},{"not_picked":["Acrobatics+1","Eviscerate","Blade Dance"],"picked":"SKIP","floor":35.0},{"not_picked":["Dagger Throw","Cloak And Dagger"],"picked":"Sucker Punch+1","floor":36.0},{"not_picked":["Sucker Punch","Acrobatics"],"picked":"Bane","floor":40}],"player_experience":580587,"relics_obtained":[{"floor":7.0,"key":"Peace Pipe"},{"floor":9.0,"key":"Regal Pillow"},{"floor":14.0,"key":"Mercury Hourglass"},{"floor":25.0,"key":"Ice Cream"},{"floor":26.0,"key":"Bag of Marbles"},{"floor":31.0,"key":"Snake Skull"},{"floor":40,"key":"Dodecahedron"}],"event_choices":[{"damage_healed":0.0,"max_hp_gain":0.0,"max_hp_loss":0.0,"gold_gain":0.0,"event_name":"Shining Light","player_choice":"Entered Light","floor":3.0,"gold_loss":0.0,"damage_taken":20.0,"cards_upgraded":["Footwork","Strike_G"]},{"cards_removed":["Strike_G"],"damage_healed":0.0,"max_hp_gain":0.0,"max_hp_loss":0.0,"gold_gain":0.0,"event_name":"Golden Wing","player_choice":"Card Removal","floor":5.0,"gold_loss":0.0,"damage_taken":7.0},{"damage_healed":0.0,"max_hp_gain":5.0,"max_hp_loss":0.0,"gold_gain":0.0,"event_name":"Forgotten Altar","player_choice":"Shed Blood","floor":19.0,"gold_loss":0.0,"damage_taken":23.0},{"cards_removed":["Strike_G"],"damage_healed":0.0,"max_hp_gain":0.0,"max_hp_loss":0.0,"gold_gain":0.0,"event_name":"Back to Basics","player_choice":"Elegance","floor":21.0,"gold_loss":0.0,"damage_taken":0.0},{"damage_healed":0.0,"max_hp_gain":0.0,"max_hp_loss":0.0,"gold_gain":0.0,"event_name":"Tomb of Lord Red Mask","player_choice":"Ignored","floor":37.0,"gold_loss":0.0,"damage_taken":0.0},{"damage_healed":0.0,"max_hp_gain":0.0,"max_hp_loss":0.0,"gold_gain":0.0,"event_name":"Mysterious Sphere","player_choice":"Ignored","floor":38.0,"gold_loss":0.0,"damage_taken":0.0},{"cards_removed":["Strike_G"],"damage_healed":0.0,"max_hp_gain":0.0,"max_hp_loss":0.0,"gold_gain":0.0,"event_name":"Falling","player_choice":"Removed Attack","floor":39.0,"gold_loss":0.0,"damage_taken":0.0}],"is_beta":false,"boss_relics":[{"not_picked":["Snecko Eye","Runic Pyramid"],"picked":"Eternal Feather"},{"not_picked":["Pandora\u0027s Box","Calling Bell"],"picked":"Velvet Choker"}],"items_purged_floors":[20],"is_endless":false,"potions_floor_spawned":[14,16,30,31,33,35,36],"killed_by":"Nemesis","ascension_level":17}