{"gold_per_floor":[115,115,40,51,64,89,89,114,114,124,144,160,189,239,239,310,310,281,281,281,75,75,104,104,4,4,4,32,32,63,82,82,156,156,175,194,194,205,215,249,266,266],"floor_reached":42,"playtime":4966,"items_purged":["Strike_R","Berserk"],"score":1036,"play_id":"7f5b6fd7-1e66-48d8-859a-51fc49f8685d","local_time":"20190711224451","is_ascension_mode":true,"campfire_choices":[{"data":"Bash","floor":7.0,"key":"SMITH"},{"data":"Rampage","floor":15.0,"key":"SMITH"},{"data":"True Grit","floor":27.0,"key":"SMITH"},{"data":"Berserk","floor":29.0,"key":"SMITH"},{"data":"True Grit","floor":32.0,"key":"SMITH"}],"neow_cost":"NONE","seed_source_timestamp":158740760043348,"circlet_count":0,"master_deck":["AscendersBane","Strike_R","Strike_R","Defend_R","Defend_R","Defend_R","Defend_R","Bash+1","Berserk+1","Evolve","Sword Boomerang","Cleave","Disarm","Dropkick","True Grit+1","Headbutt","Power Through","Rampage+1","Dark Embrace","Shrug It Off","Headbutt","Disarm","Power Through","Normality","Impervious","True Grit+1","Havoc","Feed","Pommel Strike+1","Shockwave+1","Armaments+1"],"special_seed":0,"relics":["Burning Blood","Incense Burner","FossilizedHelix","Pocketwatch","Pear","Cursed Key","PreservedInsect","Bag of Marbles","Ice Cream","Omamori","Happy Flower","Calling Bell","Centennial Puzzle","Sundial","Magic Flower","Spirit Poop"],"potions_floor_usage":[],"damage_taken":[{"damage":4.0,"enemies":"Small Slimes","floor":1.0,"turns":4.0},{"damage":1.0,"enemies":"Cultist","floor":4.0,"turns":4.0},{"damage":4.0,"enemies":"2 Louse","floor":5.0,"turns":2.0},{"damage":33.0,"enemies":"Gremlin Nob","floor":6.0,"turns":4.0},{"damage":34.0,"enemies":"3 Sentries","floor":8.0,"turns":8.0},{"damage":5.0,"enemies":"Red Slaver","floor":10.0,"turns":3.0},{"damage":0.0,"enemies":"Looter","floor":11.0,"turns":3.0},{"damage":4.0,"enemies":"Blue Slaver","floor":12.0,"turns":3.0},{"damage":12.0,"enemies":"Lagavulin","floor":13.0,"turns":4.0},{"damage":28.0,"enemies":"Hexaghost","floor":16.0,"turns":8.0},{"damage":0.0,"enemies":"2 Thieves","floor":18.0,"turns":4.0},{"damage":13.0,"enemies":"Book of Stabbing","floor":23.0,"turns":6.0},{"damage":19.0,"enemies":"Slavers","floor":28.0,"turns":6.0},{"damage":1.0,"enemies":"Book of Stabbing","floor":30.0,"turns":7.0},{"damage":6.0,"enemies":"Shell Parasite","floor":31.0,"turns":5.0},{"damage":46.0,"enemies":"Collector","floor":33.0,"turns":11.0},{"damage":0.0,"enemies":"Orb Walker","floor":35.0,"turns":4.0},{"damage":18.0,"enemies":"3 Darklings","floor":36.0,"turns":7.0},{"damage":34.0,"enemies":"Transient","floor":38.0,"turns":6.0},{"damage":0.0,"enemies":"4 Shapes","floor":39.0,"turns":8.0},{"damage":3.0,"enemies":"Nemesis","floor":40.0,"turns":10.0},{"damage":46.0,"enemies":"3 Darklings","floor":41.0,"turns":10.0},{"damage":52,"enemies":"Reptomancer","floor":42,"turns":5}],"seed_played":"4429068720415354230","potions_obtained":[{"floor":1.0,"key":"AttackPotion"},{"floor":6.0,"key":"Dexterity Potion"},{"floor":8.0,"key":"Weak Potion"},{"floor":11.0,"key":"Strength Potion"},{"floor":13.0,"key":"Poison Potion"},{"floor":30.0,"key":"Regen Potion"},{"floor":31.0,"key":"SpeedPotion"},{"floor":33.0,"key":"FearPotion"},{"floor":41.0,"key":"FearPotion"}],"is_trial":false,"path_per_floor":["M","?","$","M","M","E","R","E","T","M","M","M","E","?","R","B",null,"M","?","?","$","?","E","?","$","T","R","E","R","E","M","R","B",null,"M","M","?","M","M","E","M","E"],"character_chosen":"IRONCLAD","items_purchased":["PreservedInsect","Disarm"],"campfire_rested":0,"item_purchase_floors":[21,21],"current_hp_per_floor":[70,70,70,75,75,48,48,20,20,21,27,29,33,33,33,11,67,73,73,73,73,48,41,41,41,41,41,28,28,33,33,33,8,70,84,80,80,55,69,80,49,0],"gold":266,"neow_bonus":"ONE_RANDOM_RARE_CARD","is_prod":false,"is_daily":false,"chose_seed":false,"campfire_upgraded":5,"win_rate":0,"timestamp":1562877891,"path_taken":["M","?","?","M","M","E","R","E","T","M","M","M","E","?","R","BOSS","M","?","?","$","?","E","?","?","T","R","E","R","E","?","R","BOSS","M","M","?","M","?","E","M","E"],"build_version":"2019-07-05","purchased_purges":2,"victory":false,"max_hp_per_floor":[75,75,75,75,75,75,75,75,75,75,75,75,85,85,85,85,85,85,85,85,85,90,90,90,90,90,90,90,90,90,90,90,90,90,93,96,96,96,99,102,106,106],"card_choices":[{"not_picked":["Thunderclap","Entrench"],"picked":"Evolve","floor":1.0},{"not_picked":["Heavy Blade","Havoc"],"picked":"Cleave","floor":4.0},{"not_picked":["Clothesline","Warcry"],"picked":"Disarm","floor":5.0},{"not_picked":["Limit Break","Perfected Strike"],"picked":"Dropkick","floor":6.0},{"not_picked":["Flex","Twin Strike","Heavy Blade"],"picked":"SKIP","floor":8.0},{"not_picked":["Blood for Blood","Clash"],"picked":"True Grit","floor":10.0},{"not_picked":["Barricade","Warcry"],"picked":"Headbutt","floor":11.0},{"not_picked":["Cleave","Sword Boomerang"],"picked":"Power Through","floor":12.0},{"not_picked":["Wild Strike","Berserk"],"picked":"Rampage","floor":13.0},{"not_picked":["Bludgeon","Immolate"],"picked":"Dark Embrace","floor":16.0},{"not_picked":["Thunderclap+1","Uppercut"],"picked":"Shrug It Off","floor":18.0},{"not_picked":["Sword Boomerang","Intimidate","Uppercut+1"],"picked":"SKIP","floor":23.0},{"not_picked":["Armaments","Dropkick"],"picked":"Impervious","floor":28.0},{"not_picked":["Iron Wave","Rampage"],"picked":"True Grit","floor":30.0},{"not_picked":["Sever Soul","Uppercut"],"picked":"Havoc","floor":31.0},{"not_picked":["Limit Break","Bludgeon"],"picked":"Feed","floor":33.0},{"not_picked":["Dropkick","True Grit"],"picked":"Pommel Strike+1","floor":35.0},{"not_picked":["Wild Strike+1","Flex","Clash+1"],"picked":"SKIP","floor":36.0},{"not_picked":["Spot Weakness","Twin Strike+1"],"picked":"Shockwave+1","floor":38.0},{"not_picked":["Infernal Blade","Flex"],"picked":"Armaments+1","floor":39.0},{"not_picked":["Entrench","Spot Weakness","Pummel+1"],"picked":"SKIP","floor":40.0},{"not_picked":["Sword Boomerang","Rage","Heavy Blade"],"picked":"SKIP","floor":41.0}],"player_experience":1371884,"relics_obtained":[{"floor":6.0,"key":"Incense Burner"},{"floor":8.0,"key":"FossilizedHelix"},{"floor":9.0,"key":"Pocketwatch"},{"floor":13.0,"key":"Pear"},{"floor":23.0,"key":"Bag of Marbles"},{"floor":26.0,"key":"Ice Cream"},{"floor":28.0,"key":"Omamori"},{"floor":30.0,"key":"Happy Flower"},{"floor":34.0,"key":"Centennial Puzzle"},{"floor":34.0,"key":"Sundial"},{"floor":34.0,"key":"Magic Flower"}],"event_choices":[{"damage_healed":0.0,"max_hp_gain":0.0,"max_hp_loss":0.0,"gold_gain":0.0,"event_name":"Match and Keep!","player_choice":"1 cards matched","floor":2.0,"gold_loss":0.0,"damage_taken":0.0,"cards_obtained":["Sword Boomerang"]},{"damage_healed":0.0,"max_hp_gain":0.0,"max_hp_loss":0.0,"gold_gain":50.0,"event_name":"Golden Shrine","player_choice":"Pray","floor":14.0,"gold_loss":0.0,"damage_taken":0.0},{"damage_healed":0.0,"max_hp_gain":0.0,"max_hp_loss":0.0,"gold_gain":0.0,"event_name":"Vampires","player_choice":"Ignored","floor":19.0,"gold_loss":0.0,"damage_taken":0.0},{"damage_healed":0.0,"max_hp_gain":0.0,"max_hp_loss":0.0,"gold_gain":0.0,"event_name":"The Library","player_choice":"Read","floor":20.0,"gold_loss":0.0,"damage_taken":0.0,"cards_obtained":["Headbutt"]},{"damage_healed":0.0,"max_hp_gain":5.0,"max_hp_loss":0.0,"gold_gain":0.0,"event_name":"Forgotten Altar","player_choice":"Shed Blood","floor":22.0,"gold_loss":0.0,"damage_taken":30.0},{"damage_healed":0.0,"max_hp_gain":0.0,"max_hp_loss":0.0,"gold_gain":0.0,"cards_transformed":["Strike_R","Strike_R"],"event_name":"Drug Dealer","player_choice":"Became Test Subject","floor":24.0,"gold_loss":0.0,"damage_taken":0.0,"cards_obtained":["Power Through","Berserk"]},{"cards_removed":["Doubt"],"damage_healed":0.0,"max_hp_gain":0.0,"max_hp_loss":0.0,"gold_gain":0.0,"event_name":"Bonfire Elementals","player_choice":"Offered Curse","floor":37.0,"gold_loss":0.0,"damage_taken":0.0,"relics_obtained":["Spirit Poop"]}],"is_beta":false,"boss_relics":[{"not_picked":["Sozu","Black Star"],"picked":"Cursed Key"},{"not_picked":["Fusion Hammer","Philosopher\u0027s Stone"],"picked":"Calling Bell"}],"items_purged_floors":[3,25],"is_endless":false,"potions_floor_spawned":[1,6,8,11,13,30,31,33,41],"killed_by":"Reptomancer","ascension_level":20}