{"gold_per_floor":[116,116,31,51,62,62,95,95,95,123,123,123,151,201,201,201],"floor_reached":16,"playtime":657,"items_purged":[],"score":212,"play_id":"19b39424-410e-4311-a4e5-0db249070815","local_time":"20190805144045","is_ascension_mode":true,"campfire_choices":[{"data":"A Thousand Cuts","floor":6.0,"key":"SMITH"},{"floor":8.0,"key":"REST"},{"data":"Outmaneuver","floor":11.0,"key":"SMITH"},{"data":"Outmaneuver","floor":12.0,"key":"SMITH"},{"floor":15.0,"key":"REST"}],"neow_cost":"NONE","seed_source_timestamp":1058961841605438,"circlet_count":0,"master_deck":["AscendersBane","Strike_G","Strike_G","Strike_G","Strike_G","Defend_G","Defend_G","Defend_G","Defend_G","Defend_G","Survivor","Neutralize","Outmaneuver+1","Distraction+1","A Thousand Cuts+1","Leg Sweep","Outmaneuver+1","Dagger Spray","Caltrops+1","Caltrops+1"],"special_seed":0,"relics":["Ring of the Snake","WingedGreaves","Paper Crane","Frozen Egg 2","Odd Mushroom"],"potions_floor_usage":[16,16],"damage_taken":[{"damage":1.0,"enemies":"Jaw Worm","floor":1.0,"turns":7.0},{"damage":1.0,"enemies":"2 Louse","floor":4.0,"turns":4.0},{"damage":7.0,"enemies":"Small Slimes","floor":5.0,"turns":3.0},{"damage":32.0,"enemies":"Lagavulin","floor":7.0,"turns":9.0},{"damage":27.0,"enemies":"3 Sentries","floor":10.0,"turns":6.0},{"damage":18.0,"enemies":"The Mushroom Lair","floor":13.0,"turns":3.0},{"damage":27,"enemies":"The Guardian","floor":16,"turns":2}],"seed_played":"-7970078015874910894","potions_obtained":[{"floor":5.0,"key":"Regen Potion"},{"floor":7.0,"key":"SteroidPotion"},{"floor":10.0,"key":"AttackPotion"},{"floor":13.0,"key":"EssenceOfSteel"}],"is_trial":false,"path_per_floor":["M","?","$","M","M","R","E","R","T","E","R","R","?","?","R","B"],"character_chosen":"THE_SILENT","items_purchased":["A Thousand Cuts"],"campfire_rested":2,"item_purchase_floors":[3],"current_hp_per_floor":[58,58,58,57,50,50,18,37,37,25,25,25,7,7,26,0],"gold":201,"neow_bonus":"TRANSFORM_CARD","is_prod":false,"is_daily":false,"chose_seed":false,"campfire_upgraded":3,"win_rate":0,"timestamp":1565041245,"path_taken":["M","?","$","M","M","R","E","R","T","E","R","R","?","?","R","BOSS"],"build_version":"2019-07-17","purchased_purges":0,"victory":false,"max_hp_per_floor":[66,66,66,66,66,66,66,66,66,66,66,66,66,66,66,66],"card_choices":[{"not_picked":["Quick Slash","Dagger Throw"],"picked":"Distraction","floor":1.0},{"not_picked":["Heel Hook","Infinite Blades"],"picked":"Leg Sweep","floor":4.0},{"not_picked":["Sucker Punch","Finisher"],"picked":"Outmaneuver","floor":5.0},{"not_picked":["Deadly Poison","Quick Slash"],"picked":"Dagger Spray","floor":7.0},{"not_picked":["Backstab","Escape Plan"],"picked":"Caltrops","floor":10.0},{"not_picked":["Blade Dance","Quick Slash"],"picked":"Caltrops+1","floor":13.0}],"player_experience":653109,"relics_obtained":[{"floor":7.0,"key":"WingedGreaves"},{"floor":9.0,"key":"Paper Crane"},{"floor":10.0,"key":"Frozen Egg 2"},{"floor":13.0,"key":"Odd Mushroom"}],"event_choices":[{"damage_healed":0.0,"max_hp_gain":0.0,"max_hp_loss":0.0,"gold_gain":0.0,"event_name":"Living Wall","player_choice":"Grow","floor":2.0,"gold_loss":0.0,"damage_taken":0.0,"cards_upgraded":["Distraction"]},{"damage_healed":0.0,"max_hp_gain":0.0,"max_hp_loss":0.0,"gold_gain":0.0,"event_name":"Mushrooms","player_choice":"Fought Mushrooms","floor":13.0,"gold_loss":0.0,"damage_taken":0.0},{"damage_healed":0.0,"max_hp_gain":0.0,"max_hp_loss":0.0,"gold_gain":50.0,"event_name":"Golden Shrine","player_choice":"Pray","floor":14.0,"gold_loss":0.0,"damage_taken":0.0}],"is_beta":false,"boss_relics":[],"items_purged_floors":[],"is_endless":false,"potions_floor_spawned":[5,7,10,13],"killed_by":"The Guardian","ascension_level":20}