{"gold_per_floor":[119,132,150,150,150,184,201,201,201,227,238,238,12,22,22,22],"floor_reached":16,"playtime":1391,"items_purged":[],"score":123,"play_id":"8c32de2a-fcd4-4400-85b6-f751f8ceee88","local_time":"20190709092459","is_ascension_mode":true,"campfire_choices":[{"floor":8,"key":"REST"},{"floor":12,"key":"REST"},{"floor":15,"key":"REST"}],"neow_cost":"NONE","seed_source_timestamp":599771127855320,"circlet_count":0,"master_deck":["Strike_G","Strike_G","Strike_G","Strike_G","Strike_G+1","Defend_G","Defend_G","Defend_G","Defend_G","Defend_G+1","Survivor","Neutralize","Acrobatics","Underhanded Strike","Terror+1","Underhanded Strike","Night Terror","Prepared","Prepared","Mayhem","Blur"],"relics":["Ring of the Snake","Strawberry","Tough Bandages"],"potions_floor_usage":[16,16,16],"damage_taken":[{"damage":0,"enemies":"Small Slimes","floor":1,"turns":4},{"damage":0,"enemies":"2 Louse","floor":2,"turns":3},{"damage":1,"enemies":"Cultist","floor":3,"turns":5},{"damage":26,"enemies":"Lagavulin","floor":6,"turns":9},{"damage":9,"enemies":"Red Slaver","floor":7,"turns":4},{"damage":34,"enemies":"3 Sentries","floor":10,"turns":14},{"damage":4,"enemies":"3 Louse","floor":11,"turns":4},{"damage":0,"enemies":"Blue Slaver","floor":14,"turns":4},{"damage":64,"enemies":"Slime Boss","floor":16,"turns":18}],"seed_played":"5453866790889458394","potions_obtained":[{"floor":0,"key":"Dexterity Potion"},{"floor":0,"key":"GamblersBrew"},{"floor":0,"key":"Dexterity Potion"},{"floor":7,"key":"EssenceOfSteel"},{"floor":14,"key":"Swift Potion"}],"is_trial":false,"path_per_floor":["M","M","M","?","?","E","M","R","T","E","M","R","$","M","R","B"],"character_chosen":"THE_SILENT","items_purchased":["Prepared","Mayhem"],"campfire_rested":3,"item_purchase_floors":[13,13],"current_hp_per_floor":[70,70,69,55,55,36,27,50,50,16,12,35,35,35,58,0],"gold":22,"neow_bonus":"THREE_SMALL_POTIONS","is_prod":false,"is_daily":false,"chose_seed":false,"campfire_upgraded":0,"win_rate":0,"timestamp":1562689499,"path_taken":["M","M","M","?","?","E","?","R","T","E","M","R","?","M","R","BOSS"],"build_version":"2019-07-05","purchased_purges":0,"victory":false,"max_hp_per_floor":[70,70,70,70,70,77,77,77,77,77,77,77,77,77,77,77],"card_choices":[{"not_picked":["Underhanded Strike","Cloak And Dagger"],"picked":"Acrobatics","floor":1},{"not_picked":["Cloak And Dagger","Calculated Gamble"],"picked":"Underhanded Strike","floor":2},{"not_picked":["Deflect","Bane"],"picked":"Terror","floor":3},{"not_picked":["Choke","Deflect"],"picked":"Underhanded Strike","floor":6},{"not_picked":["Choke","Unload","Blade Dance"],"picked":"SKIP","floor":7},{"not_picked":["Escape Plan","Dagger Spray"],"picked":"Night Terror","floor":10},{"not_picked":["PiercingWail","Dodge and Roll"],"picked":"Prepared","floor":11},{"not_picked":["Terror","Masterful Stab"],"picked":"Blur","floor":14}],"player_experience":151463,"relics_obtained":[{"floor":6,"key":"Strawberry"},{"floor":10,"key":"Tough Bandages"}],"event_choices":[{"damage_healed":0,"gold_gain":0,"player_choice":"Entered Light","damage_taken":14,"max_hp_gain":0,"max_hp_loss":0,"event_name":"Shining Light","floor":4,"gold_loss":0,"cards_upgraded":["Strike_G","Defend_G"]},{"damage_healed":0,"gold_gain":0,"player_choice":"Forge","damage_taken":0,"max_hp_gain":0,"max_hp_loss":0,"event_name":"Accursed Blacksmith","floor":5,"gold_loss":0,"cards_upgraded":["Terror"]}],"is_beta":false,"boss_relics":[],"items_purged_floors":[],"is_endless":false,"potions_floor_spawned":[1,2,7,14],"killed_by":"Slime Boss","ascension_level":2}