{"gold_per_floor":[118,118,131,56,56,84,84,114,114,114,130,25,35,66,66,139,139,158,170,170,170,188,217,229,229,229,244,12,47,0,16,16,16],"floor_reached":33,"playtime":2437,"items_purged":["Strike_B","Defend_B"],"score":710,"play_id":"96dbef88-12f4-4348-9457-4ce43ef38d2e","local_time":"20190811233023","is_ascension_mode":true,"campfire_choices":[{"data":"Compile Driver","floor":7.0,"key":"SMITH"},{"data":"Compile Driver","floor":10.0,"key":"SMITH"},{"floor":15,"key":"REST"},{"floor":25,"key":"REST"},{"data":"Defragment","floor":32,"key":"SMITH"}],"neow_cost":"NONE","seed_source_timestamp":615567523146100,"circlet_count":0,"master_deck":["AscendersBane","Defend_B+1","Defend_B","Defend_B","Zap","Dualcast+1","Gash","Compile Driver+1","Core Surge","Compile Driver+1","Genetic Algorithm+1","Gash","Gash","Coolheaded","Machine Learning","Reinforced Body","Coolheaded+1","Tempest","Force Field","Rebound","Turbo","Leap","Chill","Scrape","Defragment+1"],"special_seed":0,"relics":["Cracked Core","NeowsBlessing","Cables","Pen Nib","War Paint","Turnip","Nuclear Battery","Gambling Chip","Symbiotic Virus","Shovel"],"potions_floor_usage":[14,23,23,29,29,33],"damage_taken":[{"damage":0.0,"enemies":"Small Slimes","floor":1.0,"turns":1.0},{"damage":0.0,"enemies":"2 Louse","floor":3.0,"turns":1.0},{"damage":0.0,"enemies":"Gremlin Nob","floor":6.0,"turns":1.0},{"damage":40.0,"enemies":"3 Sentries","floor":8.0,"turns":8.0},{"damage":1.0,"enemies":"Cultist","floor":11.0,"turns":3.0},{"damage":2.0,"enemies":"3 Louse","floor":13.0,"turns":3.0},{"damage":25,"enemies":"Lagavulin","floor":14,"turns":5},{"damage":8,"enemies":"Hexaghost","floor":16,"turns":9},{"damage":11,"enemies":"2 Thieves","floor":18,"turns":3},{"damage":0,"enemies":"Chosen","floor":19,"turns":3},{"damage":16,"enemies":"Centurion and Healer","floor":22,"turns":6},{"damage":23,"enemies":"Book of Stabbing","floor":23,"turns":7},{"damage":0,"enemies":"Snake Plant","floor":24,"turns":3},{"damage":11,"enemies":"Shelled Parasite and Fungi","floor":27,"turns":7},{"damage":0,"enemies":"Slavers","floor":29,"turns":3},{"damage":0,"enemies":"Centurion and Healer","floor":31,"turns":7},{"damage":36,"enemies":"Champ","floor":33,"turns":10}],"seed_played":"-3682190538068901383","potions_obtained":[{"floor":11.0,"key":"Weak Potion"},{"floor":14,"key":"SpeedPotion"},{"floor":16,"key":"Swift Potion"},{"floor":23,"key":"SteroidPotion"},{"floor":29,"key":"GamblersBrew"}],"is_trial":false,"path_per_floor":["M","?","M","?","?","E","R","E","T","R","M","$","M","E","R","B",null,"M","M","?","?","M","E","M","R","T","M","$","E","?","M","R","B"],"character_chosen":"DEFECT","items_purchased":["Gash","Scrape","Dexterity Potion"],"campfire_rested":2,"item_purchase_floors":[12,28,28],"current_hp_per_floor":[64,64,64,64,69,69,69,29,29,29,28,28,26,1,23,15,61,50,50,50,50,34,11,11,33,33,22,22,22,22,22,22,0],"gold":16,"neow_bonus":"THREE_ENEMY_KILL","is_prod":false,"is_daily":false,"chose_seed":false,"campfire_upgraded":3,"win_rate":0,"timestamp":1565559023,"path_taken":["M","?","M","?","?","E","R","E","T","R","M","$","M","E","R","BOSS","M","M","?","?","M","E","?","R","T","M","$","E","?","M","R","BOSS"],"build_version":"2019-07-17","purchased_purges":2,"victory":false,"max_hp_per_floor":[71,71,71,71,76,76,76,76,76,76,76,76,76,76,76,76,76,76,76,76,76,76,76,76,76,76,76,76,76,76,76,76,76],"card_choices":[{"not_picked":["Redo","Turbo"],"picked":"Gash","floor":1.0},{"not_picked":["Coolheaded","Beam Cell"],"picked":"Compile Driver","floor":3.0},{"not_picked":["Loop","Turbo"],"picked":"Core Surge","floor":6.0},{"not_picked":["Barrage","Aggregate"],"picked":"Compile Driver","floor":8.0},{"not_picked":["Tempest","Sunder"],"picked":"Genetic Algorithm","floor":11.0},{"not_picked":["Cold Snap","Barrage"],"picked":"Gash","floor":13.0},{"not_picked":["Blizzard","Turbo"],"picked":"Coolheaded","floor":14},{"not_picked":["Buffer","Multi-Cast"],"picked":"Machine Learning","floor":16},{"not_picked":["Leap","Turbo+1"],"picked":"Reinforced Body","floor":18},{"not_picked":["Conserve Battery","Rainbow"],"picked":"Coolheaded+1","floor":19},{"not_picked":["Force Field","Stack"],"picked":"Rebound","floor":22},{"not_picked":["Sunder","Rip and Tear"],"picked":"Turbo","floor":23},{"not_picked":["Steam","Fusion"],"picked":"Leap","floor":24},{"not_picked":["Compile Driver","Doom and Gloom"],"picked":"Chill","floor":27},{"not_picked":["Rebound","Redo","Beam Cell"],"picked":"SKIP","floor":29},{"not_picked":["Aggregate","Redo"],"picked":"Defragment","floor":31}],"player_experience":1481264,"relics_obtained":[{"floor":6.0,"key":"Cables"},{"floor":8.0,"key":"Pen Nib"},{"floor":9.0,"key":"War Paint"},{"floor":14,"key":"Turnip"},{"floor":23,"key":"Gambling Chip"},{"floor":26,"key":"Symbiotic Virus"},{"floor":29,"key":"Shovel"}],"event_choices":[{"damage_healed":0.0,"max_hp_gain":0.0,"max_hp_loss":0.0,"gold_gain":0.0,"event_name":"Liars Game","player_choice":"Ignored","floor":2.0,"gold_loss":0.0,"damage_taken":0.0},{"cards_removed":["Strike_B"],"damage_healed":0.0,"max_hp_gain":0.0,"max_hp_loss":0.0,"gold_gain":0.0,"event_name":"The Cleric","player_choice":"Card Removal","floor":4.0,"gold_loss":75.0,"damage_taken":0.0},{"damage_healed":0.0,"max_hp_gain":5.0,"max_hp_loss":0.0,"gold_gain":0.0,"event_name":"Big Fish","player_choice":"Donut","floor":5.0,"gold_loss":0.0,"damage_taken":0.0},{"damage_healed":0,"gold_gain":0,"cards_transformed":["Strike_B","Strike_B"],"player_choice":"Became Test Subject","damage_taken":0,"max_hp_gain":0,"max_hp_loss":0,"event_name":"Drug Dealer","floor":20,"gold_loss":0,"cards_obtained":["Tempest","Force Field"]},{"damage_healed":0,"gold_gain":0,"player_choice":"Upgraded","damage_taken":0,"max_hp_gain":0,"max_hp_loss":0,"event_name":"Upgrade Shrine","floor":21,"gold_loss":0,"cards_upgraded":["Genetic Algorithm"]},{"damage_healed":0,"gold_gain":0,"player_choice":"Paid Fearfully","damage_taken":0,"max_hp_gain":0,"max_hp_loss":0,"event_name":"Masked Bandits","floor":30,"gold_loss":47}],"is_beta":false,"boss_relics":[{"not_picked":["Coffee Dripper","Sozu"],"picked":"Nuclear Battery"}],"items_purged_floors":[12,28],"is_endless":false,"potions_floor_spawned":[11,14,16,18,23,29],"killed_by":"Champ","ascension_level":20}