{"gold_per_floor":[117,117,37,37,37,37,37,37,37,37,52,52,52,67,67,157,157,180,204,46,46],"floor_reached":21,"playtime":1422,"items_purged":[],"score":330,"play_id":"4cedc630-1a2d-416c-98fb-6f1bb36ccc5b","local_time":"20190815114850","is_ascension_mode":true,"campfire_choices":[{"data":"Terror","floor":6.0,"key":"SMITH"},{"data":"Footwork","floor":8.0,"key":"SMITH"},{"data":"Footwork","floor":12.0,"key":"SMITH"},{"data":"Skewer","floor":15.0,"key":"SMITH"}],"neow_cost":"NONE","seed_source_timestamp":1911859892315015,"circlet_count":0,"master_deck":["AscendersBane","Strike_G","Strike_G","Strike_G","Strike_G","Defend_G","Defend_G","Defend_G","Defend_G","Defend_G","Survivor","Neutralize","Terror+1","Footwork+1","Footwork+1","Slice","Skewer+1","Envenom","Skewer","Escape Plan"],"special_seed":0,"relics":["Ring of the Snake","Golden Idol","Orichalcum","Anchor","Black Star","Snake Skull"],"potions_floor_usage":[16,21],"damage_taken":[{"damage":0.0,"enemies":"Small Slimes","floor":1.0,"turns":4.0},{"damage":0.0,"enemies":"Jaw Worm","floor":11.0,"turns":4.0},{"damage":0.0,"enemies":"2 Louse","floor":14.0,"turns":4.0},{"damage":8,"enemies":"Hexaghost","floor":16,"turns":9},{"damage":24,"enemies":"Spheric Guardian","floor":18,"turns":8},{"damage":24,"enemies":"Chosen","floor":19,"turns":7},{"damage":12,"enemies":"Shelled Parasite and Fungi","floor":21,"turns":2}],"seed_played":"-4976500327811700138","potions_obtained":[{"floor":1.0,"key":"Energy Potion"},{"floor":11.0,"key":"SkillPotion"},{"floor":18,"key":"Explosive Potion"}],"is_trial":false,"path_per_floor":["M","?","$","?","$","R","$","R","T","?","M","R","?","M","R","B",null,"M","M","$","M"],"character_chosen":"THE_SILENT","items_purchased":["Footwork","Snake Skull"],"campfire_rested":0,"item_purchase_floors":[3,20],"current_hp_per_floor":[59,59,59,48,48,48,48,48,48,48,48,48,41,41,41,33,53,29,5,5,0],"gold":46,"neow_bonus":"THREE_CARDS","is_prod":false,"is_daily":false,"chose_seed":false,"campfire_upgraded":4,"win_rate":0,"timestamp":1565894930,"path_taken":["M","?","$","?","$","R","?","R","T","?","?","R","?","M","R","BOSS","M","M","$","M"],"build_version":"2019-07-17","purchased_purges":0,"victory":false,"max_hp_per_floor":[66,60,60,60,60,60,60,60,60,60,60,60,60,60,60,60,60,60,60,60,60],"card_choices":[{"not_picked":["Slice","Deflect"],"picked":"Terror","floor":0.0},{"not_picked":["Cloak And Dagger","Outmaneuver"],"picked":"Footwork","floor":1.0},{"not_picked":["Outmaneuver","Underhanded Strike"],"picked":"Slice","floor":11.0},{"not_picked":["Deflect","Blade Dance"],"picked":"Skewer","floor":14.0},{"not_picked":["Night Terror","Doppelganger"],"picked":"Envenom","floor":16},{"not_picked":["Prepared","Dagger Throw"],"picked":"Skewer","floor":18},{"not_picked":["Calculated Gamble","Concentrate"],"picked":"Escape Plan","floor":19}],"player_experience":744122,"relics_obtained":[{"floor":9.0,"key":"Anchor"}],"event_choices":[{"damage_healed":0.0,"max_hp_gain":0.0,"max_hp_loss":6.0,"gold_gain":0.0,"event_name":"Golden Idol","player_choice":"Lose Max HP","floor":2.0,"gold_loss":0.0,"damage_taken":0.0,"relics_obtained":["Golden Idol"]},{"damage_healed":0.0,"max_hp_gain":0.0,"max_hp_loss":0.0,"gold_gain":0.0,"event_name":"Scrap Ooze","player_choice":"Success","floor":4.0,"gold_loss":0.0,"damage_taken":11.0,"relics_obtained":["Orichalcum"]},{"damage_healed":0.0,"max_hp_gain":0.0,"max_hp_loss":0.0,"gold_gain":0.0,"event_name":"Dead Adventurer","player_choice":"Searched \u00270\u0027 times","floor":10.0,"gold_loss":0.0,"damage_taken":0.0},{"cards_removed":["Strike_G"],"damage_healed":0.0,"max_hp_gain":0.0,"max_hp_loss":0.0,"gold_gain":0.0,"event_name":"Golden Wing","player_choice":"Card Removal","floor":13.0,"gold_loss":0.0,"damage_taken":7.0}],"is_beta":false,"boss_relics":[{"not_picked":["Coffee Dripper","Ectoplasm"],"picked":"Black Star"}],"items_purged_floors":[],"is_endless":false,"potions_floor_spawned":[1,11,18],"killed_by":"Shelled Parasite and Fungi","ascension_level":20}