{"gold_per_floor":[111,3,13,30,47,75,75,75,75,108,108,118,147,161,161,258,258,274,42,53,53,53,53],"floor_reached":23,"playtime":2001,"items_purged":[],"score":285,"play_id":"671ce8f1-841b-4feb-9faf-9a57b1f2d003","local_time":"20190716132940","is_ascension_mode":true,"campfire_choices":[{"floor":8,"key":"REST"},{"data":"Adrenaline","floor":11,"key":"SMITH"},{"floor":15,"key":"REST"}],"neow_cost":"NONE","seed_source_timestamp":343111346183028,"circlet_count":0,"master_deck":["Strike_G","Strike_G","Strike_G","Strike_G","Strike_G","Defend_G","Defend_G","Defend_G","Defend_G","Defend_G","Survivor","Neutralize","Phantasmal Killer","Footwork","Concentrate","Caltrops","Riddle With Holes","Adrenaline+1","Terror","Cloak And Dagger","Underhanded Strike","Heel Hook","Noxious Fumes","Heel Hook","Venomology","Underhanded Strike","Acrobatics","Masterful Stab","Underhanded Strike"],"relics":["Ring of the Snake","Girya","NlothsMask","Gremlin Horn","Pocketwatch","HoveringKite","Lantern"],"potions_floor_usage":[5,10,13,14,16,20,21,23],"damage_taken":[{"damage":3,"enemies":"Small Slimes","floor":1,"turns":5},{"damage":0,"enemies":"Cultist","floor":3,"turns":5},{"damage":2,"enemies":"Jaw Worm","floor":4,"turns":5},{"damage":3,"enemies":"Lots of Slimes","floor":5,"turns":7},{"damage":41,"enemies":"Gremlin Nob","floor":6,"turns":5},{"damage":11,"enemies":"Lagavulin","floor":10,"turns":6},{"damage":0,"enemies":"Exordium Wildlife","floor":12,"turns":3},{"damage":16,"enemies":"Gremlin Nob","floor":13,"turns":3},{"damage":0,"enemies":"Large Slime","floor":14,"turns":7},{"damage":14,"enemies":"Hexaghost","floor":16,"turns":9},{"damage":30,"enemies":"Spheric Guardian","floor":18,"turns":8},{"damage":28,"enemies":"3 Byrds","floor":20,"turns":5},{"damage":10,"enemies":"Gremlin Leader","floor":23,"turns":1}],"seed_played":"-7506724731640879386","potions_obtained":[{"floor":3,"key":"Energy Potion"},{"floor":5,"key":"PowerPotion"},{"floor":10,"key":"AttackPotion"},{"floor":13,"key":"Swift Potion"},{"floor":14,"key":"Regen Potion"},{"floor":16,"key":"Weak Potion"},{"floor":21,"key":"Fruit Juice"},{"floor":21,"key":"Energy Potion"},{"floor":21,"key":"Weak Potion"}],"is_trial":false,"path_per_floor":["M","$","M","M","M","E","?","R","T","E","R","M","E","M","R","B",null,"M","$","M","?","$","E"],"character_chosen":"THE_SILENT","items_purchased":["Concentrate","Caltrops","Acrobatics","Lantern","Masterful Stab"],"campfire_rested":2,"item_purchase_floors":[2,2,19,19,19],"current_hp_per_floor":[60,60,60,58,55,14,14,35,35,24,24,24,8,8,29,30,60,30,30,2,7,7,0],"gold":53,"neow_bonus":"ONE_RANDOM_RARE_CARD","is_prod":false,"is_daily":false,"chose_seed":false,"campfire_upgraded":1,"win_rate":0,"timestamp":1563308980,"path_taken":["M","$","M","M","M","E","?","R","T","E","R","M","E","?","R","BOSS","M","$","M","?","$","E"],"build_version":"2019-07-05","purchased_purges":0,"victory":false,"max_hp_per_floor":[70,70,70,70,70,70,70,70,70,70,70,70,70,70,70,70,70,70,70,70,75,75,75],"card_choices":[{"not_picked":["PiercingWail","Bane"],"picked":"Footwork","floor":1},{"not_picked":["Escape Plan","Slice"],"picked":"Riddle With Holes","floor":3},{"not_picked":["Outmaneuver","Blade Dance"],"picked":"Adrenaline","floor":4},{"not_picked":["Finisher","Eviscerate"],"picked":"Terror","floor":5},{"not_picked":["Skewer","Bane"],"picked":"Cloak And Dagger","floor":6},{"not_picked":["Finisher","Slice"],"picked":"Underhanded Strike","floor":10},{"not_picked":["Caltrops","Flechettes"],"picked":"Heel Hook","floor":12},{"not_picked":["Escape Plan","Concentrate"],"picked":"Noxious Fumes","floor":13},{"not_picked":["Infinite Blades","Dagger Throw"],"picked":"Heel Hook","floor":14},{"not_picked":["Storm of Steel","Night Terror"],"picked":"Venomology","floor":16},{"not_picked":["Bane","Prepared"],"picked":"Underhanded Strike","floor":18},{"not_picked":["Outmaneuver","Masterful Stab"],"picked":"Underhanded Strike","floor":20}],"player_experience":306925,"relics_obtained":[{"floor":6,"key":"Girya"},{"floor":10,"key":"Gremlin Horn"},{"floor":13,"key":"Pocketwatch"}],"event_choices":[{"damage_healed":0,"gold_gain":0,"player_choice":"Trade","damage_taken":0,"relics_obtained":["NlothsMask"],"max_hp_gain":0,"max_hp_loss":0,"event_name":"FaceTrader","floor":7,"gold_loss":0},{"damage_healed":0,"gold_gain":0,"player_choice":"Got Potions","damage_taken":0,"max_hp_gain":0,"max_hp_loss":0,"event_name":"Lab","floor":21,"gold_loss":0}],"is_beta":false,"boss_relics":[{"not_picked":["Calling Bell","WristBlade"],"picked":"HoveringKite"}],"items_purged_floors":[],"is_endless":false,"potions_floor_spawned":[3,5,10,13,14,16],"killed_by":"Gremlin Leader","ascension_level":7}