{"gold_per_floor":[109,284,284,284,302,343,24,40,115,128,166,166,166,184,184,310,310,333,358,131,155,174,208,31,64,142,142,267,283,306,327,327,457,457,480,480,504,562,122,146,96,0,0,23,23,61,13,26,26,26],"floor_reached":51,"playtime":5145,"items_purged":["Doubt","Hello World"],"score":1112,"play_id":"24be0f46-a176-4e53-a96a-e6b657184ec2","local_time":"20180830164250","is_ascension_mode":true,"campfire_choices":[{"data":"Seek","floor":12,"key":"SMITH"},{"data":"Scrape","floor":15,"key":"SMITH"},{"floor":32,"key":"REST"},{"floor":49,"key":"REST"}],"neow_cost":"NONE","seed_source_timestamp":1121513541103846,"circlet_count":0,"master_deck":["Dualcast+1","Rip and Tear+1","Cold Snap","Redo","Scrape+1","Beam Cell","Self Repair","Stack","Gash","BootSequence","Gash","Seek+1","Gash+1","Stack","Apotheosis","Hologram","Gash","Gash","Gash","Steam","Reboot","Leap","Leap","Machine Learning","Rebound+1","Hologram","Hologram+1"],"relics":["Pandora\u0027s Box","Golden Idol","Potion Belt","Toolbox","Singing Bowl","Anchor","Fusion Hammer","Art of War","Omamori","Ginger","Letter Opener","Nilry\u0027s Codex","Turnip","Bottled Lightning","Empty Cage","Thread and Needle","TheAbacus","Shuriken","Red Mask","Gambling Chip","Incense Burner","Frozen Egg 2"],"potions_floor_usage":[11,16,22,23,23,28,33,38,50,50,50],"damage_taken":[{"damage":13,"enemies":"2 Louse","floor":1,"turns":2},{"damage":0,"enemies":"Cultist","floor":5,"turns":3},{"damage":19,"enemies":"3 Sentries","floor":6,"turns":5},{"damage":0,"enemies":"Small Slimes","floor":8,"turns":2},{"damage":15,"enemies":"Exordium Thugs","floor":10,"turns":4},{"damage":14,"enemies":"Gremlin Nob","floor":11,"turns":3},{"damage":0,"enemies":"Looter","floor":14,"turns":2},{"damage":0,"enemies":"Slime Boss","floor":16,"turns":3},{"damage":0,"enemies":"3 Byrds","floor":18,"turns":4},{"damage":12,"enemies":"Shell Parasite","floor":19,"turns":3},{"damage":1,"enemies":"Centurion and Healer","floor":22,"turns":4},{"damage":19,"enemies":"Gremlin Leader","floor":23,"turns":6},{"damage":20,"enemies":"Slavers","floor":25,"turns":4},{"damage":0,"enemies":"Colosseum Slavers","floor":28,"turns":2},{"damage":0,"enemies":"Colosseum Nobs","floor":28,"turns":2},{"damage":0,"enemies":"Snake Plant","floor":29,"turns":3},{"damage":13,"enemies":"Snecko","floor":30,"turns":3},{"damage":0,"enemies":"Centurion and Healer","floor":31,"turns":2},{"damage":0,"enemies":"Champ","floor":33,"turns":5},{"damage":6,"enemies":"3 Darklings","floor":35,"turns":3},{"damage":6,"enemies":"3 Shapes","floor":37,"turns":3},{"damage":5,"enemies":"Mysterious Sphere","floor":38,"turns":4},{"damage":30,"enemies":"3 Darklings","floor":40,"turns":3},{"damage":0,"enemies":"Maw","floor":44,"turns":3},{"damage":3,"enemies":"Mind Bloom Boss Battle","floor":45,"turns":4},{"damage":0,"enemies":"Giant Head","floor":46,"turns":5},{"damage":8,"enemies":"4 Shapes","floor":48,"turns":4},{"damage":0,"enemies":"Donu and Deca","floor":50,"turns":6}],"seed_played":"6498565563147836763","potions_obtained":[{"floor":1,"key":"Energy Potion"},{"floor":6,"key":"SteroidPotion"},{"floor":10,"key":"Fire Potion"},{"floor":11,"key":"FocusPotion"},{"floor":18,"key":"FearPotion"},{"floor":22,"key":"PowerPotion"},{"floor":30,"key":"EssenceOfSteel"},{"floor":33,"key":"Energy Potion"},{"floor":40,"key":"Ancient Potion"},{"floor":44,"key":"Weak Potion"},{"floor":45,"key":"FearPotion"}],"is_trial":false,"path_per_floor":["M","?","?","?","M","E","$","M","T","M","E","R","?","M","R","B",null,"M","M","$","T","M","E","$","E","T","?","?","M","M","M","R","B",null,"M","?","M","?","$","M","$","?","T","M","?","E","$","M","R","B"],"character_chosen":"DEFECT","items_purchased":["Toolbox","Gash","Apotheosis","Hologram","Gash","Steam","TheAbacus","Shuriken","Hologram","Strength Potion"],"campfire_rested":2,"item_purchase_floors":[7,7,20,20,24,24,39,39,41,47],"current_hp_per_floor":[69,69,69,55,55,43,43,43,43,35,21,21,21,30,30,32,73,73,68,68,68,73,61,61,51,51,35,44,46,43,53,76,77,77,79,79,79,76,76,58,58,58,58,58,67,79,79,73,89,89],"gold":26,"neow_bonus":"BOSS_RELIC","is_prod":false,"is_daily":false,"chose_seed":false,"campfire_upgraded":2,"win_rate":0,"timestamp":1535640170,"path_taken":["M","?","?","?","M","E","?","?","T","M","E","R","?","?","R","BOSS","M","M","$","?","M","E","$","E","T","?","?","M","?","M","R","BOSS","M","?","M","?","$","M","$","?","T","M","?","E","?","M","R","BOSS"],"build_version":"2018-08-23v2","purchased_purges":2,"victory":true,"max_hp_per_floor":[75,75,69,69,69,69,69,69,69,69,69,69,69,71,71,73,73,73,73,73,73,73,73,73,73,73,73,75,77,77,77,77,77,77,79,79,79,81,81,83,83,83,83,83,85,87,87,89,89,89],"card_choices":[{"not_picked":["Streamline","Glacier"],"picked":"Hello World","floor":1},{"not_picked":["Rebound","Melter"],"picked":"Ball Lightning","floor":5},{"not_picked":["Go for the Eyes","Streamline"],"picked":"Stack","floor":6},{"not_picked":["Steam","Double Energy"],"picked":"BootSequence","floor":8},{"not_picked":["BootSequence","Beam Cell"],"picked":"Gash","floor":10},{"not_picked":["Capacitor","BootSequence"],"picked":"Seek","floor":11},{"not_picked":["Turbo","Steam","Streamline"],"picked":"Singing Bowl","floor":14},{"not_picked":["Electrodynamics","Fission","Thunder Strike"],"picked":"Singing Bowl","floor":16},{"not_picked":["Reinforced Body+1","Conserve Battery"],"picked":"Gash+1","floor":18},{"not_picked":["Recycle","Streamline"],"picked":"Stack","floor":19},{"not_picked":["Chaos","Redo"],"picked":"Gash","floor":22},{"not_picked":["Redo+1","Static Discharge"],"picked":"Gash","floor":23},{"not_picked":["Beam Cell","Consume"],"picked":"Reboot","floor":25},{"not_picked":["Sweeping Beam","Compile Driver","FTL"],"picked":"Singing Bowl","floor":28},{"not_picked":["Cold Snap+1","Barrage","Leap"],"picked":"Singing Bowl","floor":29},{"not_picked":["Turbo","Double Energy"],"picked":"Leap","floor":30},{"not_picked":["Genetic Algorithm","Static Discharge"],"picked":"Leap","floor":31},{"not_picked":["Core Surge","Hyperbeam"],"picked":"Machine Learning","floor":33},{"not_picked":["Steam+1","Lockon","Leap"],"picked":"Singing Bowl","floor":35},{"not_picked":["Stack+1","Coolheaded+1"],"picked":"Rebound+1","floor":37},{"not_picked":["Lockon+1","Coolheaded+1","Compile Driver"],"picked":"Singing Bowl","floor":38},{"not_picked":["Heatsinks","Steam+1","Compile Driver"],"picked":"Singing Bowl","floor":40},{"not_picked":["Turbo+1","Reprogram"],"picked":"Hologram+1","floor":44},{"not_picked":["Chaos+1","Amplify","Hello World+1"],"picked":"Singing Bowl","floor":45},{"not_picked":["Leap","Sweeping Beam+1","Compile Driver+1"],"picked":"Singing Bowl","floor":46},{"not_picked":["Glacier","Sweeping Beam+1","Steam+1"],"picked":"Singing Bowl","floor":48}],"player_experience":405035,"relics_obtained":[{"floor":6,"key":"Potion Belt"},{"floor":9,"key":"Singing Bowl"},{"floor":11,"key":"Anchor"},{"floor":21,"key":"Art of War"},{"floor":23,"key":"Omamori"},{"floor":25,"key":"Ginger"},{"floor":26,"key":"Letter Opener"},{"floor":27,"key":"Nilry\u0027s Codex"},{"floor":28,"key":"Turnip"},{"floor":28,"key":"Bottled Lightning"},{"floor":38,"key":"Thread and Needle"},{"floor":43,"key":"Gambling Chip"},{"floor":45,"key":"Incense Burner"},{"floor":46,"key":"Frozen Egg 2"}],"event_choices":[{"event_name":"Liars Game","player_choice":"agreed","floor":2,"damage_taken":0},{"event_name":"Golden Idol","player_choice":"Lose Max HP","floor":3,"damage_taken":0},{"event_name":"Shining Light","player_choice":"Entered Light","floor":4,"damage_taken":0},{"event_name":"Purifier","player_choice":"One Purge","floor":13,"damage_taken":0},{"event_name":"Cursed Tome","player_choice":"Obtained Book","floor":27,"damage_taken":0},{"event_name":"Colosseum","player_choice":"Fight","floor":28,"damage_taken":0},{"event_name":"Colosseum","player_choice":"Fought Nobs","floor":28,"damage_taken":0},{"event_name":"Falling","player_choice":"Removed Skill","floor":36,"damage_taken":0},{"event_name":"Mysterious Sphere","player_choice":"Fight","floor":38,"damage_taken":0},{"event_name":"Tomb of Lord Red Mask","player_choice":"Paid","floor":42,"damage_taken":0},{"event_name":"MindBloom","player_choice":"Fight","floor":45,"damage_taken":0}],"is_beta":false,"boss_relics":[{"not_picked":["Velvet Choker","Snecko Eye"],"picked":"Fusion Hammer"},{"not_picked":["Lizard Tail","Busted Crown"],"picked":"Empty Cage"}],"items_purged_floors":[7,24],"is_endless":false,"potions_floor_spawned":[1,6,10,11,18,22,28,30,33,40,44,45],"ascension_level":3}