{"gold_per_floor":[109,34,34,54,73,107,107,132,132,151,251,251],"floor_reached":12,"playtime":747,"items_purged":["Strike_B"],"score":86,"play_id":"17485a12-6f1a-4776-8f2b-f04368554901","local_time":"20180823021503","is_ascension_mode":true,"campfire_choices":[{"data":"Dualcast","floor":7,"key":"SMITH"}],"neow_cost":"NONE","seed_source_timestamp":469030952268304,"circlet_count":0,"master_deck":["Strike_B","Strike_B","Strike_B","Defend_B","Defend_B","Defend_B","Defend_B","Zap","Dualcast+1","Coolheaded","FTL","Beam Cell","Coolheaded","Compile Driver","Static Discharge","Go for the Eyes"],"relics":["Cracked Core","Mummified Hand","Odd Mushroom","Boot"],"potions_floor_usage":[12,12],"damage_taken":[{"damage":0,"enemies":"Small Slimes","floor":1,"turns":3},{"damage":0,"enemies":"Cultist","floor":4,"turns":3},{"damage":0,"enemies":"Jaw Worm","floor":5,"turns":3},{"damage":28,"enemies":"Gremlin Nob","floor":6,"turns":5},{"damage":37,"floor":8,"turns":6},{"damage":7,"enemies":"2 Fungi Beasts","floor":10,"turns":3},{"damage":4,"enemies":"Exordium Thugs","floor":12,"turns":1}],"seed_played":"8587469512620500389","potions_obtained":[{"floor":5,"key":"Fire Potion"},{"floor":10,"key":"PowerPotion"}],"is_trial":false,"path_per_floor":["M","$","?","M","M","E","R","?","T","M","?"],"character_chosen":"DEFECT","items_purchased":[],"campfire_rested":0,"item_purchase_floors":[],"current_hp_per_floor":[75,75,75,75,75,47,47,10,10,3,3,0],"gold":251,"neow_bonus":"THREE_CARDS","is_prod":false,"is_daily":false,"chose_seed":false,"campfire_upgraded":1,"win_rate":0,"timestamp":1534983303,"path_taken":["M","$","?","M","?","E","R","?","T","M","?","M"],"build_version":"2018-08-16","purchased_purges":1,"victory":false,"max_hp_per_floor":[75,75,75,75,75,75,75,75,75,75,75,75],"card_choices":[{"not_picked":["Steam Power","Reinforced Body"],"picked":"Coolheaded","floor":0},{"not_picked":["Turbo","Force Field"],"picked":"FTL","floor":1},{"not_picked":["Double Energy","Turbo"],"picked":"Beam Cell","floor":4},{"not_picked":["Hologram","Barrage"],"picked":"Coolheaded","floor":5},{"not_picked":["Turbo","Steam"],"picked":"Compile Driver","floor":6},{"not_picked":["Hello World","Redo"],"picked":"Static Discharge","floor":8},{"not_picked":["Coolheaded","Tempest"],"picked":"Go for the Eyes","floor":10}],"player_experience":368594,"relics_obtained":[{"floor":6,"key":"Mummified Hand"},{"floor":8,"key":"Odd Mushroom"},{"floor":9,"key":"Boot"}],"event_choices":[{"event_name":"The Cleric","player_choice":"Leave","floor":3,"damage_taken":0},{"event_name":"Mushrooms","player_choice":"Fought Mushrooms","floor":8,"damage_taken":0},{"event_name":"Golden Shrine","player_choice":"Pray","floor":11,"damage_taken":0}],"is_beta":false,"boss_relics":[],"items_purged_floors":[2],"is_endless":false,"potions_floor_spawned":[5,10],"killed_by":"Exordium Thugs","ascension_level":2}