{"gold_per_floor":[113,36,36,36,55,55,90,90,90,117,117,129,162,180,180,180],"floor_reached":16,"playtime":591,"items_purged":[],"score":286,"play_id":"95c76b4f-6310-4944-92cf-82f5d74b4ede","local_time":"20190820132943","is_ascension_mode":true,"campfire_choices":[{"data":"Bash","floor":6,"key":"SMITH"},{"data":"Carnage","floor":8,"key":"SMITH"},{"data":"Headbutt","floor":11,"key":"SMITH"},{"data":"Feel No Pain","floor":15,"key":"SMITH"}],"neow_cost":"NONE","seed_source_timestamp":157087859309100,"circlet_count":0,"master_deck":["AscendersBane","Strike_R","Strike_R","Strike_R","Strike_R","Strike_R","Defend_R","Defend_R","Defend_R","Defend_R","Bash+1","Anger","Havoc","Carnage+1","Headbutt+1","Feel No Pain+1","True Grit"],"relics":["Burning Blood","NeowsBlessing","Omamori","Art of War","Kunai","Strawberry","Ancient Tea Set"],"potions_floor_usage":[13,14,16],"damage_taken":[{"damage":0,"enemies":"2 Louse","floor":1,"turns":1},{"damage":0,"enemies":"Cultist","floor":5,"turns":1},{"damage":0,"enemies":"Lagavulin","floor":7,"turns":1},{"damage":32,"enemies":"Gremlin Nob","floor":10,"turns":4},{"damage":10,"enemies":"Small Slimes","floor":12,"turns":3},{"damage":8,"enemies":"Lagavulin","floor":13,"turns":4},{"damage":0,"enemies":"2 Fungi Beasts","floor":14,"turns":2},{"damage":71,"enemies":"Slime Boss","floor":16,"turns":9}],"seed_played":"4344573117270026201","potions_obtained":[{"floor":7,"key":"Block Potion"},{"floor":13,"key":"SteroidPotion"},{"floor":14,"key":"Regen Potion"}],"is_trial":false,"path_per_floor":["M","$","?","?","M","R","E","R","T","E","R","M","E","M","R","B"],"character_chosen":"IRONCLAD","items_purchased":["Ghostly Armor"],"campfire_rested":0,"item_purchase_floors":[2],"current_hp_per_floor":[74,74,74,74,75,75,75,75,75,56,56,52,50,56,56,0],"gold":180,"neow_bonus":"THREE_ENEMY_KILL","is_prod":false,"is_daily":false,"chose_seed":false,"campfire_upgraded":4,"win_rate":0,"timestamp":1566300583,"path_taken":["M","$","?","?","?","R","E","R","T","E","R","M","E","M","R","BOSS"],"build_version":"2019-07-17","purchased_purges":0,"victory":false,"max_hp_per_floor":[75,75,75,75,75,75,75,75,75,82,82,82,82,82,82,82],"card_choices":[{"not_picked":["Body Slam","True Grit"],"picked":"Anger","floor":1},{"not_picked":["Twin Strike","Anger"],"picked":"Havoc","floor":5},{"not_picked":["Double Tap","Sword Boomerang"],"picked":"Carnage","floor":7},{"not_picked":["Second Wind","Heavy Blade"],"picked":"Headbutt","floor":10},{"not_picked":["Hemokinesis","True Grit"],"picked":"Feel No Pain","floor":12},{"not_picked":["Seeing Red","Hemokinesis","Anger"],"picked":"SKIP","floor":13},{"not_picked":["Rupture","Intimidate"],"picked":"True Grit","floor":14}],"player_experience":1547100,"relics_obtained":[{"floor":7,"key":"Art of War"},{"floor":9,"key":"Kunai"},{"floor":10,"key":"Strawberry"},{"floor":13,"key":"Ancient Tea Set"}],"event_choices":[{"damage_healed":0,"gold_gain":0,"player_choice":"Ignored","damage_taken":0,"max_hp_gain":0,"max_hp_loss":0,"event_name":"Liars Game","floor":3,"gold_loss":0},{"cards_removed":["Ghostly Armor"],"damage_healed":0,"gold_gain":0,"player_choice":"Gave Card","damage_taken":0,"relics_obtained":["Omamori"],"max_hp_gain":0,"max_hp_loss":0,"event_name":"WeMeetAgain","floor":4,"gold_loss":0}],"is_beta":false,"boss_relics":[],"items_purged_floors":[],"is_endless":false,"potions_floor_spawned":[7,13,14],"killed_by":"Slime Boss","ascension_level":20}