{"gold_per_floor":[118,3,23,39,39,39,39,39,62,122,148,160,19,50,50,50],"floor_reached":16,"playtime":659,"items_purged":["Strike_G","Strike_G"],"score":186,"play_id":"976d171e-99d2-4133-9900-93aa22a7ba5f","local_time":"20190801124834","is_ascension_mode":true,"campfire_choices":[{"floor":7,"key":"REST"},{"data":"Sucker Punch","floor":12,"key":"SMITH"},{"floor":15,"key":"REST"}],"neow_cost":"TEN_PERCENT_HP_LOSS","seed_source_timestamp":706888470537646,"circlet_count":0,"master_deck":["AscendersBane","Strike_G","Strike_G","Strike_G","Defend_G","Defend_G","Defend_G","Defend_G","Defend_G","Survivor","Neutralize","After Image","Well Laid Plans","Catalyst","Dagger Spray","Slice","Sucker Punch+1","Outmaneuver","Footwork"],"special_seed":0,"relics":["Ring of the Snake","Golden Idol","Pear","MawBank","Bag of Preparation","Sundial"],"potions_floor_usage":[14,14,16],"damage_taken":[{"damage":6.0,"enemies":"Jaw Worm","floor":1.0,"turns":8.0},{"damage":3.0,"enemies":"Cultist","floor":3.0,"turns":6.0},{"damage":4,"enemies":"2 Louse","floor":4,"turns":2},{"damage":11,"enemies":"Exordium Wildlife","floor":11,"turns":5},{"damage":33,"enemies":"3 Sentries","floor":14,"turns":14},{"damage":25,"enemies":"Slime Boss","floor":16,"turns":3}],"seed_played":"-8507594884648180943","potions_obtained":[{"floor":1.0,"key":"EntropicBrew"},{"floor":4,"key":"Block Potion"}],"is_trial":false,"path_per_floor":["M","$","M","M","?","?","R","$","T","T","M","R","$","E","R","B"],"character_chosen":"THE_SILENT","items_purchased":["Catalyst","Outmaneuver"],"campfire_rested":2,"item_purchase_floors":[2,13],"current_hp_per_floor":[53,53,50,46,25,24,45,45,45,45,34,34,34,1,22,0],"gold":50,"neow_bonus":"THREE_RARE_CARDS","is_prod":false,"is_daily":false,"chose_seed":false,"campfire_upgraded":1,"win_rate":0,"timestamp":1564688914,"path_taken":["M","$","M","M","?","?","R","$","T","?","?","R","?","E","R","BOSS"],"build_version":"2019-07-17","purchased_purges":2,"victory":false,"max_hp_per_floor":[60,60,60,60,60,70,70,70,70,70,70,70,70,70,70,70],"card_choices":[{"not_picked":["Storm of Steel","Venomology"],"picked":"After Image","floor":0.0},{"not_picked":["Predator","Underhanded Strike"],"picked":"Well Laid Plans","floor":1.0},{"not_picked":["Slice","PiercingWail"],"picked":"Dagger Spray","floor":3.0},{"not_picked":["Eviscerate","Prepared"],"picked":"Slice","floor":4},{"not_picked":["Slice","Accuracy"],"picked":"Sucker Punch","floor":11},{"not_picked":["Choke","Noxious Fumes"],"picked":"Footwork","floor":14}],"player_experience":605409,"relics_obtained":[{"floor":9,"key":"MawBank"},{"floor":10,"key":"Bag of Preparation"},{"floor":14,"key":"Sundial"}],"event_choices":[{"damage_healed":0,"gold_gain":0,"player_choice":"Take Damage","damage_taken":21,"relics_obtained":["Golden Idol"],"max_hp_gain":0,"max_hp_loss":0,"event_name":"Golden Idol","floor":5,"gold_loss":0},{"damage_healed":0,"gold_gain":0,"player_choice":"Success","damage_taken":11,"relics_obtained":["Pear"],"max_hp_gain":0,"max_hp_loss":0,"event_name":"Scrap Ooze","floor":6,"gold_loss":0}],"is_beta":false,"boss_relics":[],"items_purged_floors":[2,13],"is_endless":false,"potions_floor_spawned":[1,4,14],"killed_by":"Slime Boss","ascension_level":18}