{"gold_per_floor":[109,109,123,138,63,98,98,98,98,98,114,114,132,50,50,127,127,147,147,27],"floor_reached":20,"playtime":1657,"items_purged":[],"score":344,"play_id":"6c6cf6e0-33f2-4342-b41a-9d916c1be2e6","local_time":"20190819145838","is_ascension_mode":true,"campfire_choices":[{"floor":7,"key":"REST"},{"data":"Coolheaded","floor":10,"key":"SMITH"},{"floor":15,"key":"REST"}],"neow_cost":"TEN_PERCENT_HP_LOSS","seed_source_timestamp":74956956723500,"circlet_count":0,"master_deck":["AscendersBane","Strike_B","Strike_B","Strike_B","Strike_B","Defend_B","Defend_B","Defend_B","Zap","Dualcast","Bandage Up","Forethought+1","Coolheaded+1","Defragment+1","Scrape","Go for the Eyes","Compile Driver","Reinforced Body","Cold Snap","Rebound","Buffer","Sunder"],"relics":["FrozenCore","Bag of Marbles","Lantern","Singing Bowl"],"potions_floor_usage":[6,16,16],"damage_taken":[{"damage":13,"enemies":"Small Slimes","floor":1,"turns":4},{"damage":4,"enemies":"Cultist","floor":3,"turns":4},{"damage":1,"enemies":"2 Louse","floor":4,"turns":5},{"damage":53,"enemies":"Gremlin Nob","floor":6,"turns":5},{"damage":9,"enemies":"Looter","floor":11,"turns":3},{"damage":9,"enemies":"Lots of Slimes","floor":13,"turns":4},{"damage":22,"enemies":"Slime Boss","floor":16,"turns":10},{"damage":42,"enemies":"3 Byrds","floor":18,"turns":8},{"damage":22,"enemies":"2 Thieves","floor":20,"turns":3}],"seed_played":"4820419379937107550","potions_obtained":[{"floor":1,"key":"SpeedPotion"},{"floor":6,"key":"Strength Potion"},{"floor":13,"key":"Explosive Potion"}],"is_trial":false,"path_per_floor":["M","?","M","M","?","E","R","?","T","R","M","?","M","$","R","B",null,"M","?","M"],"character_chosen":"DEFECT","items_purchased":["Cold Snap","Rebound"],"campfire_rested":2,"item_purchase_floors":[14,14],"current_hp_per_floor":[55,55,55,58,58,9,28,28,28,28,23,23,18,18,37,19,53,15,15,0],"gold":27,"neow_bonus":"RANDOM_COLORLESS_2","is_prod":false,"is_daily":false,"chose_seed":false,"campfire_upgraded":1,"win_rate":0,"timestamp":1566219518,"path_taken":["M","?","M","?","?","E","R","?","T","R","?","?","M","?","R","BOSS","M","?","?"],"build_version":"2019-07-17","purchased_purges":0,"victory":false,"max_hp_per_floor":[64,64,64,64,64,64,64,64,64,64,64,64,64,64,64,64,64,64,64,64],"card_choices":[{"not_picked":["Sweeping Beam","Stack"],"picked":"Coolheaded","floor":1},{"not_picked":["Streamline","Sweeping Beam"],"picked":"Defragment","floor":3},{"not_picked":["Redo","Stack"],"picked":"Scrape","floor":4},{"not_picked":["Hello World","Stack"],"picked":"Go for the Eyes","floor":6},{"not_picked":["Stack","Ball Lightning"],"picked":"Compile Driver","floor":11},{"not_picked":["Steam","Stack"],"picked":"Reinforced Body","floor":13},{"not_picked":["Multi-Cast","Hyperbeam"],"picked":"Buffer","floor":16},{"not_picked":["Reinforced Body","Rip and Tear"],"picked":"Sunder","floor":18}],"player_experience":1530230,"relics_obtained":[{"floor":6,"key":"Bag of Marbles"},{"floor":8,"key":"Lantern"},{"floor":9,"key":"Singing Bowl"}],"event_choices":[{"damage_healed":0,"gold_gain":0,"player_choice":"Upgraded","damage_taken":0,"max_hp_gain":0,"max_hp_loss":0,"event_name":"Upgrade Shrine","floor":2,"gold_loss":0,"cards_upgraded":["Forethought"]},{"cards_removed":["Defend_B"],"damage_healed":0,"gold_gain":0,"player_choice":"Card Removal","damage_taken":0,"max_hp_gain":0,"max_hp_loss":0,"event_name":"The Cleric","floor":5,"gold_loss":75},{"damage_healed":0,"gold_gain":0,"player_choice":"Relic","damage_taken":0,"max_hp_gain":0,"max_hp_loss":0,"event_name":"Wheel of Change","floor":8,"gold_loss":0},{"damage_healed":0,"gold_gain":0,"player_choice":"Searched \u00270\u0027 times","damage_taken":0,"max_hp_gain":0,"max_hp_loss":0,"event_name":"Dead Adventurer","floor":12,"gold_loss":0},{"damage_healed":0,"gold_gain":0,"player_choice":"Upgraded","damage_taken":0,"max_hp_gain":0,"max_hp_loss":0,"event_name":"Upgrade Shrine","floor":19,"gold_loss":0,"cards_upgraded":["Defragment"]}],"is_beta":false,"boss_relics":[{"not_picked":["Eternal Feather","Snecko Eye"],"picked":"FrozenCore"}],"items_purged_floors":[],"is_endless":false,"potions_floor_spawned":[1,6,13],"killed_by":"2 Thieves","ascension_level":20}