{"gold_per_floor":[113,113,131,131,149,149,206,223,247,247,258,285,285,300,300,405,405,425,425,439,17,35,60,60,75,98,108,18,35,35,49,49,49],"floor_reached":33,"playtime":3933,"items_purged":[],"score":281,"play_id":"7817f85e-d644-4995-abb4-49f037e35bd6","local_time":"20180825234030","is_ascension_mode":false,"campfire_choices":[{"data":"Distraction","floor":6,"key":"SMITH"},{"floor":10,"key":"REST"},{"floor":15,"key":"REST"},{"floor":24,"key":"REST"},{"floor":30,"key":"REST"},{"floor":32,"key":"REST"}],"neow_cost":"NONE","seed_source_timestamp":715780106826680,"circlet_count":0,"master_deck":["Defend_G","Defend_G","Defend_G","Defend_G","Strike_G+1","Strike_G+1","Survivor","Neutralize+1","A Thousand Cuts","Distraction+1","Dagger Spray","PiercingWail+1","Infinite Blades","Dodge and Roll+1","Dagger Spray+1","Blade Dance","Venomology","A Thousand Cuts+1","A Thousand Cuts+1","Blade Dance+1","Deflect","Finisher","Blade Dance","Caltrops","PiercingWail+1","Distraction+1","Slice+1"],"relics":["Ring of the Snake","CultistMask","Tiny Chest","Blood Vial","Whetstone","Matryoshka","Astrolabe","Bottled Tornado","Vajra","War Paint","Juzu Bracelet","Bag of Marbles"],"potions_floor_usage":[7,11,14,16,22,23,23,27,29,33],"damage_taken":[{"damage":0,"enemies":"2 Louse","floor":1,"turns":3},{"damage":1,"enemies":"Cultist","floor":3,"turns":5},{"damage":2,"enemies":"Small Slimes","floor":5,"turns":4},{"damage":30,"enemies":"Gremlin Nob","floor":7,"turns":5},{"damage":12,"enemies":"3 Louse","floor":8,"turns":2},{"damage":3,"enemies":"Lots of Slimes","floor":11,"turns":3},{"damage":18,"enemies":"3 Sentries","floor":12,"turns":5},{"damage":8,"enemies":"Exordium Thugs","floor":14,"turns":5},{"damage":27,"enemies":"Slime Boss","floor":16,"turns":10},{"damage":13,"enemies":"Shell Parasite","floor":18,"turns":5},{"damage":0,"enemies":"Chosen","floor":20,"turns":6},{"damage":24,"enemies":"Snake Plant","floor":22,"turns":5},{"damage":36,"enemies":"Book of Stabbing","floor":23,"turns":6},{"damage":6,"enemies":"Centurion and Healer","floor":25,"turns":5},{"damage":4,"enemies":"Cultist and Chosen","floor":27,"turns":3},{"damage":10,"enemies":"Snake Plant","floor":29,"turns":5},{"damage":0,"enemies":"3 Cultists","floor":31,"turns":3},{"damage":60,"enemies":"Automaton","floor":33,"turns":6}],"seed_played":"-360520154529392026","potions_obtained":[{"floor":1,"key":"Poison Potion"},{"floor":5,"key":"Swift Potion"},{"floor":8,"key":"AttackPotion"},{"floor":12,"key":"Poison Potion"},{"floor":16,"key":"PowerPotion"},{"floor":27,"key":"Swift Potion"}],"is_trial":false,"path_per_floor":["M","?","M","?","M","R","E","M","T","R","M","E","T","M","R","B",null,"M","?","M","$","M","E","R","M","T","M","?","M","R","M","R"],"character_chosen":"THE_SILENT","items_purchased":["Bottled Tornado","Blade Dance","Vajra"],"campfire_rested":5,"item_purchase_floors":[21,21,21],"current_hp_per_floor":[70,70,69,55,53,53,23,11,11,32,31,15,15,9,30,5,70,57,57,59,59,37,3,24,20,20,18,18,10,31,33,54,0],"gold":49,"neow_bonus":"ONE_RANDOM_RARE_CARD","is_prod":false,"is_daily":false,"chose_seed":false,"campfire_upgraded":1,"win_rate":0,"timestamp":1535233230,"path_taken":["M","?","M","?","?","R","E","M","T","R","M","E","?","M","R","BOSS","M","?","?","$","M","E","R","?","T","M","?","M","R","M","R","BOSS"],"build_version":"2018-08-23v2","purchased_purges":0,"victory":false,"max_hp_per_floor":[70,70,70,70,70,70,70,70,70,70,70,70,70,70,70,70,70,70,70,70,70,70,70,70,70,70,70,70,70,70,70,70,70],"card_choices":[{"not_picked":["Prepared","Backstab"],"picked":"Distraction","floor":1},{"not_picked":["Flechettes","Prepared"],"picked":"Dagger Spray","floor":3},{"not_picked":["Terror","Flechettes"],"picked":"PiercingWail","floor":5},{"not_picked":["Poisoned Stab","Outmaneuver"],"picked":"Infinite Blades","floor":7},{"not_picked":["Poisoned Stab","Well Laid Plans"],"picked":"Dodge and Roll","floor":8},{"not_picked":["Deadly Poison","Setup"],"picked":"Dagger Spray","floor":11},{"not_picked":["Flying Knee","Crippling Poison"],"picked":"Blade Dance","floor":12},{"not_picked":["Skewer","Well Laid Plans","Deadly Poison"],"picked":"SKIP","floor":14},{"not_picked":["Glass Knife","Envenom"],"picked":"Venomology","floor":16},{"not_picked":["Dagger Throw","Expertise"],"picked":"Deflect","floor":18},{"not_picked":["Underhanded Strike+1","Poisoned Stab+1"],"picked":"Finisher","floor":20},{"not_picked":["Acrobatics","Riddle With Holes","Poisoned Stab+1"],"picked":"SKIP","floor":22},{"not_picked":["Expertise","Dagger Throw"],"picked":"Caltrops","floor":23},{"not_picked":["Bouncing Flask","Wraith Form v2"],"picked":"PiercingWail+1","floor":25},{"not_picked":["Expertise","Blade Dance"],"picked":"Distraction+1","floor":27},{"not_picked":["Dagger Throw","Deadly Poison"],"picked":"Slice+1","floor":29},{"not_picked":["Masterful Stab","Deadly Poison","Acrobatics"],"picked":"SKIP","floor":31}],"player_experience":376004,"relics_obtained":[{"floor":7,"key":"Tiny Chest"},{"floor":9,"key":"Blood Vial"},{"floor":12,"key":"Whetstone"},{"floor":13,"key":"Matryoshka"},{"floor":23,"key":"War Paint"},{"floor":26,"key":"Juzu Bracelet"},{"floor":26,"key":"Bag of Marbles"}],"event_choices":[{"event_name":"FaceTrader","player_choice":"Trade","floor":2,"damage_taken":0},{"event_name":"Shining Light","player_choice":"Entered Light","floor":4,"damage_taken":0},{"event_name":"Vampires","player_choice":"Ignored","floor":19,"damage_taken":0},{"event_name":"Designer","player_choice":"Full Service","floor":28,"damage_taken":0}],"is_beta":false,"boss_relics":[{"not_picked":["Black Star","Cursed Key"],"picked":"Astrolabe"}],"items_purged_floors":[],"is_endless":false,"potions_floor_spawned":[1,5,8,12,16,22,27],"killed_by":"Automaton","ascension_level":0}