{"gold_per_floor":[115,7,82,82,139,172,184,213,213,213,45,45,45,61,61,162,162,178,159,176,186,146,146],"floor_reached":23,"playtime":2756,"items_purged":[],"score":229,"play_id":"ff61c698-edb1-42ad-9f09-1f6c1db2dce6","local_time":"20190711113115","is_ascension_mode":true,"campfire_choices":[{"floor":10,"key":"REST"},{"data":"Magnetism","floor":13,"key":"SMITH"},{"data":"Noxious Fumes","floor":15,"key":"SMITH"}],"neow_cost":"PERCENT_DAMAGE","seed_source_timestamp":9427485169753,"circlet_count":0,"master_deck":["Strike_G","Strike_G","Strike_G","Defend_G","Defend_G","Defend_G+1","Survivor+1","Neutralize","Die Die Die","Masterful Stab","Acrobatics","Bandage Up","Sucker Punch","Leg Sweep","Poisoned Stab+1","Footwork+1","Underhanded Strike+1","Magnetism+1","Noxious Fumes+1","Adrenaline","Poisoned Stab+1","Underhanded Strike+1","Acrobatics","Quick Slash+1"],"relics":["Ring of the Snake","Molten Egg 2","The Courier","War Paint","Strawberry","Empty Cage"],"potions_floor_usage":[16,21,23],"damage_taken":[{"damage":0,"enemies":"Cultist","floor":1,"turns":2},{"damage":22,"enemies":"3 Sentries","floor":6,"turns":9},{"damage":0,"enemies":"2 Louse","floor":7,"turns":1},{"damage":20,"enemies":"Gremlin Nob","floor":8,"turns":4},{"damage":0,"enemies":"Jaw Worm","floor":14,"turns":3},{"damage":26,"enemies":"Slime Boss","floor":16,"turns":10},{"damage":17,"enemies":"Spheric Guardian","floor":18,"turns":4},{"damage":13,"enemies":"2 Thieves","floor":19,"turns":4},{"damage":17,"enemies":"Snecko","floor":20,"turns":5},{"damage":40,"enemies":"Sentry and Sphere","floor":21,"turns":8},{"damage":14,"enemies":"Book of Stabbing","floor":23,"turns":7}],"seed_played":"6297939916783692320","potions_obtained":[{"floor":8,"key":"EssenceOfSteel"},{"floor":16,"key":"GamblersBrew"},{"floor":20,"key":"Weak Potion"},{"floor":21,"key":"SteroidPotion"}],"is_trial":false,"path_per_floor":["M","$","?","?","?","E","M","E","T","R","$","?","R","M","R","B",null,"M","M","M","M","?","E"],"character_chosen":"THE_SILENT","items_purchased":["Bandage Up","Sucker Punch","Underhanded Strike+1","Magnetism"],"campfire_rested":1,"item_purchase_floors":[2,2,11,11],"current_hp_per_floor":[49,49,38,43,43,25,29,13,13,35,35,42,42,42,42,20,82,65,56,43,7,7,0],"gold":146,"neow_bonus":"TRANSFORM_TWO_CARDS","is_prod":false,"is_daily":false,"chose_seed":false,"campfire_upgraded":2,"win_rate":0,"timestamp":1562869875,"path_taken":["M","$","?","?","?","E","M","E","T","R","$","?","R","M","R","BOSS","M","M","M","?","?","E"],"build_version":"2019-07-05","purchased_purges":0,"victory":false,"max_hp_per_floor":[70,70,70,75,75,75,75,75,75,75,75,82,82,82,82,82,82,82,82,82,82,82,82],"card_choices":[{"not_picked":["Expertise","Choke"],"picked":"Acrobatics","floor":1},{"not_picked":["Prepared","Outmaneuver"],"picked":"Leg Sweep","floor":6},{"not_picked":["PiercingWail","Deadly Poison"],"picked":"Poisoned Stab+1","floor":7},{"not_picked":["Accuracy","Crippling Poison"],"picked":"Footwork","floor":8},{"not_picked":["Terror","Bane+1"],"picked":"Noxious Fumes","floor":14},{"not_picked":["Doppelganger","After Image"],"picked":"Adrenaline","floor":16},{"not_picked":["Crippling Poison","Dodge and Roll"],"picked":"Poisoned Stab+1","floor":18},{"not_picked":["Dodge and Roll+1","Blade Dance+1"],"picked":"Underhanded Strike+1","floor":19},{"not_picked":["Eviscerate+1","Prepared"],"picked":"Acrobatics","floor":20},{"not_picked":["Acrobatics","Cloak And Dagger"],"picked":"Quick Slash+1","floor":21}],"player_experience":207276,"relics_obtained":[{"floor":6,"key":"Molten Egg 2"},{"floor":8,"key":"The Courier"},{"floor":9,"key":"War Paint"},{"floor":12,"key":"Strawberry"}],"event_choices":[{"damage_healed":0,"gold_gain":75,"player_choice":"Gather Gold","damage_taken":11,"max_hp_gain":0,"max_hp_loss":0,"event_name":"World of Goop","floor":3,"gold_loss":0},{"damage_healed":0,"gold_gain":0,"player_choice":"Donut","damage_taken":0,"max_hp_gain":5,"max_hp_loss":0,"event_name":"Big Fish","floor":4,"gold_loss":0},{"damage_healed":0,"gold_gain":57,"player_choice":"Gained Gold","damage_taken":0,"max_hp_gain":0,"max_hp_loss":0,"event_name":"Golden Wing","floor":5,"gold_loss":0},{"damage_healed":0,"gold_gain":0,"player_choice":"Relic","damage_taken":0,"max_hp_gain":0,"max_hp_loss":0,"event_name":"Wheel of Change","floor":12,"gold_loss":0},{"damage_healed":0,"gold_gain":0,"player_choice":"Upgrade","damage_taken":0,"max_hp_gain":0,"max_hp_loss":0,"event_name":"Designer","floor":22,"gold_loss":40,"cards_upgraded":["Footwork"]}],"is_beta":false,"boss_relics":[{"not_picked":["Busted Crown","WristBlade"],"picked":"Empty Cage"}],"items_purged_floors":[],"is_endless":false,"potions_floor_spawned":[8,16,20,21],"killed_by":"Book of Stabbing","ascension_level":3}