{"gold_per_floor":[110,129,60,60,12,12,32,47,47,47,21,34,47,78,78,78],"floor_reached":16,"playtime":1256,"items_purged":[],"score":163,"play_id":"b54ed98c-5e8f-4979-8751-3e4f3674fa7b","local_time":"20190726093249","is_ascension_mode":true,"campfire_choices":[{"data":"Concentrate","floor":6,"key":"SMITH"},{"data":"Well Laid Plans","floor":10,"key":"SMITH"},{"floor":15,"key":"REST"}],"neow_cost":"NONE","seed_source_timestamp":176248737446878,"circlet_count":0,"master_deck":["AscendersBane","Strike_G","Strike_G","Strike_G","Strike_G","Defend_G","Defend_G","Defend_G","Defend_G","Defend_G","Survivor","Neutralize","Panacea","Concentrate+1","Underhanded Strike","Prepared","Sucker Punch","Prepared","Well Laid Plans+1","Backflip","Underhanded Strike","Prepared","Deflect","Quick Slash"],"relics":["Ring of the Snake","Pear","Centennial Puzzle"],"potions_floor_usage":[14],"damage_taken":[{"damage":0,"enemies":"2 Louse","floor":1,"turns":3},{"damage":1,"enemies":"Cultist","floor":2,"turns":7},{"damage":4,"enemies":"Small Slimes","floor":7,"turns":5},{"damage":10,"enemies":"Red Slaver","floor":8,"turns":5},{"damage":4,"enemies":"Blue Slaver","floor":12,"turns":4},{"damage":14,"enemies":"Lots of Slimes","floor":13,"turns":4},{"damage":24,"enemies":"Lagavulin","floor":14,"turns":11},{"damage":44,"enemies":"Slime Boss","floor":16,"turns":6}],"seed_played":"8528126395399450453","potions_obtained":[{"floor":1,"key":"Energy Potion"},{"floor":2,"key":"FearPotion"},{"floor":7,"key":"Block Potion"},{"floor":13,"key":"AttackPotion"}],"is_trial":false,"path_per_floor":["M","M","$","?","$","R","M","M","T","R","$","M","M","E","R","B"],"character_chosen":"THE_SILENT","items_purchased":["Prepared","Sucker Punch","Prepared","Underhanded Strike"],"campfire_rested":1,"item_purchase_floors":[3,3,5,11],"current_hp_per_floor":[63,62,62,62,62,62,58,48,58,58,58,54,40,16,40,0],"gold":78,"neow_bonus":"RANDOM_COLORLESS","is_prod":false,"is_daily":false,"chose_seed":false,"campfire_upgraded":2,"win_rate":0,"timestamp":1564158769,"path_taken":["M","M","$","?","$","R","?","M","T","R","?","M","M","E","R","BOSS"],"build_version":"2019-07-17","purchased_purges":0,"victory":false,"max_hp_per_floor":[70,70,70,70,70,70,70,70,80,80,80,80,80,80,80,80],"card_choices":[{"not_picked":["Dagger Throw","Skewer"],"picked":"Concentrate","floor":1},{"not_picked":["Masterful Stab","Setup"],"picked":"Underhanded Strike","floor":2},{"not_picked":["Acrobatics","Catalyst"],"picked":"Well Laid Plans","floor":7},{"not_picked":["Riddle With Holes","Quick Slash"],"picked":"Backflip","floor":8},{"not_picked":["Infinite Blades","Bouncing Flask"],"picked":"Prepared","floor":12},{"not_picked":["Flying Knee","Setup"],"picked":"Deflect","floor":13},{"not_picked":["Catalyst","Deadly Poison"],"picked":"Quick Slash","floor":14}],"player_experience":496351,"relics_obtained":[{"floor":9,"key":"Pear"},{"floor":14,"key":"Centennial Puzzle"}],"event_choices":[{"cards_removed":["Strike_G"],"damage_healed":0,"gold_gain":0,"player_choice":"Purged","damage_taken":0,"max_hp_gain":0,"max_hp_loss":0,"event_name":"Purifier","floor":4,"gold_loss":0}],"is_beta":false,"boss_relics":[],"items_purged_floors":[],"is_endless":false,"potions_floor_spawned":[1,2,7,13],"killed_by":"Slime Boss","ascension_level":12}