{"gold_per_floor":[111,121,141,27,40,40,55,55,104,131,131,131,131,150,150,150],"floor_reached":16,"playtime":483,"items_purged":[],"score":204,"play_id":"0b31d801-f393-44ac-b961-c89edbbc9e2e","local_time":"20190819094335","is_ascension_mode":true,"campfire_choices":[{"data":"Caltrops","floor":6.0,"key":"SMITH"},{"data":"Die Die Die","floor":8.0,"key":"SMITH"},{"floor":13,"key":"REST"},{"data":"Terror","floor":15,"key":"SMITH"}],"neow_cost":"NONE","seed_source_timestamp":2251243558549704,"circlet_count":0,"master_deck":["AscendersBane","Strike_G","Strike_G","Strike_G","Strike_G","Strike_G","Defend_G","Defend_G","Defend_G","Defend_G","Defend_G","Survivor+1","Neutralize","Deflect","Slice","Deadly Poison","Outmaneuver+1","Caltrops+1","Deflect","Die Die Die+1","Terror+1","Bane"],"special_seed":0,"relics":["Ring of the Snake","NeowsBlessing","Anchor","Letter Opener"],"potions_floor_usage":[10,16],"damage_taken":[{"damage":0.0,"enemies":"Small Slimes","floor":1.0,"turns":1.0},{"damage":0.0,"enemies":"2 Louse","floor":2.0,"turns":1.0},{"damage":0.0,"enemies":"Jaw Worm","floor":3.0,"turns":1.0},{"damage":11.0,"enemies":"Exordium Wildlife","floor":5.0,"turns":6.0},{"damage":4.0,"enemies":"Blue Slaver","floor":7.0,"turns":4.0},{"damage":15,"enemies":"3 Sentries","floor":10,"turns":7},{"damage":2,"enemies":"Large Slime","floor":14,"turns":5},{"damage":46,"enemies":"Slime Boss","floor":16,"turns":7}],"seed_played":"1812901890393873673","potions_obtained":[{"floor":3.0,"key":"Regen Potion"},{"floor":7.0,"key":"Poison Potion"},{"floor":10,"key":"Regen Potion"}],"is_trial":false,"path_per_floor":["M","M","M","$","M","R","M","R","T","E","?","?","R","M","R","B"],"character_chosen":"THE_SILENT","items_purchased":["Outmaneuver","Caltrops"],"campfire_rested":1,"item_purchase_floors":[4,4],"current_hp_per_floor":[59,59,59,59,48,48,44,44,44,44,24,24,43,41,41,0],"gold":150,"neow_bonus":"THREE_ENEMY_KILL","is_prod":false,"is_daily":false,"chose_seed":false,"campfire_upgraded":3,"win_rate":0,"timestamp":1566233015,"path_taken":["M","M","M","$","M","R","M","R","T","E","?","?","R","M","R","BOSS"],"build_version":"2019-07-17","purchased_purges":0,"victory":false,"max_hp_per_floor":[66,66,66,66,66,66,66,66,66,66,66,66,66,66,66,66],"card_choices":[{"not_picked":["Dodge and Roll","Backflip"],"picked":"Deflect","floor":1.0},{"not_picked":["Sucker Punch","Crippling Poison"],"picked":"Slice","floor":2.0},{"not_picked":["Outmaneuver","Bouncing Flask"],"picked":"Deadly Poison","floor":3.0},{"not_picked":["Backflip","Bouncing Flask"],"picked":"Deflect","floor":5.0},{"not_picked":["Underhanded Strike","Outmaneuver"],"picked":"Die Die Die","floor":7.0},{"not_picked":["Skewer","Acrobatics"],"picked":"Terror","floor":10},{"not_picked":["Choke","Slice"],"picked":"Bane","floor":14}],"player_experience":776529,"relics_obtained":[{"floor":9.0,"key":"Anchor"},{"floor":10,"key":"Letter Opener"}],"event_choices":[{"damage_healed":0,"gold_gain":0,"player_choice":"Entered Light","damage_taken":20,"max_hp_gain":0,"max_hp_loss":0,"event_name":"Shining Light","floor":11,"gold_loss":0,"cards_upgraded":["Outmaneuver","Survivor"]},{"damage_healed":0,"gold_gain":0,"player_choice":"Ignored","damage_taken":0,"max_hp_gain":0,"max_hp_loss":0,"event_name":"Liars Game","floor":12,"gold_loss":0}],"is_beta":false,"boss_relics":[],"items_purged_floors":[],"is_endless":false,"potions_floor_spawned":[3,7,10],"killed_by":"Slime Boss","ascension_level":20}