{"gold_per_floor":[119,119,0,0,0,0,35,49,49,62,62,96,96,115,115,190,190,210,223,223,223,238,238,251,251,281,281],"floor_reached":27,"playtime":1326,"items_purged":["Strike_G"],"score":542,"play_id":"6fd5c182-9320-4c1f-a536-52e52ee1160f","local_time":"20190806084057","is_ascension_mode":true,"campfire_choices":[{"data":"Neutralize","floor":6.0,"key":"SMITH"},{"data":"Terror","floor":11.0,"key":"SMITH"},{"data":"Setup","floor":13.0,"key":"SMITH"},{"floor":15.0,"key":"REST"},{"data":"Footwork","floor":23.0,"key":"SMITH"},{"data":"After Image","floor":25.0,"key":"SMITH"}],"neow_cost":"NONE","seed_source_timestamp":1123134800031151,"circlet_count":0,"master_deck":["AscendersBane","Strike_G","Strike_G","Defend_G","Defend_G","Defend_G","Defend_G+1","Defend_G","Survivor","Neutralize+1","PiercingWail+1","Predator+1","Terror+1","Dagger Throw","Cloak And Dagger","Setup+1","Dagger Spray","Tactician","After Image+1","Footwork+1","Acrobatics+1","Writhe","Bouncing Flask+1","Well Laid Plans+1"],"special_seed":0,"relics":["Ring of the Snake","NeowsBlessing","Dream Catcher","Darkstone Periapt","Bag of Marbles","Empty Cage","MutagenicStrength","Meat on the Bone","Tiny Chest"],"potions_floor_usage":[27],"damage_taken":[{"damage":0.0,"enemies":"Small Slimes","floor":1.0,"turns":1.0},{"damage":0.0,"enemies":"Lagavulin","floor":7.0,"turns":1.0},{"damage":0.0,"enemies":"Jaw Worm","floor":8.0,"turns":1.0},{"damage":0.0,"enemies":"Cultist","floor":10.0,"turns":2.0},{"damage":0.0,"enemies":"Gremlin Nob","floor":12.0,"turns":2.0},{"damage":8.0,"enemies":"Exordium Wildlife","floor":14.0,"turns":4.0},{"damage":27.0,"enemies":"Hexaghost","floor":16.0,"turns":11.0},{"damage":2.0,"enemies":"Shell Parasite","floor":18.0,"turns":9.0},{"damage":12.0,"enemies":"Chosen","floor":19.0,"turns":9.0},{"damage":8.0,"enemies":"Centurion and Healer","floor":22.0,"turns":11.0},{"damage":7.0,"enemies":"Cultist and Chosen","floor":24.0,"turns":7.0},{"damage":50,"enemies":"Gremlin Leader","floor":27,"turns":4}],"seed_played":"-1206679980907162503","potions_obtained":[{"floor":8.0,"key":"FearPotion"},{"floor":10.0,"key":"SteroidPotion"},{"floor":12.0,"key":"LiquidBronze"},{"floor":18.0,"key":"Dexterity Potion"},{"floor":22.0,"key":"AttackPotion"}],"is_trial":false,"path_per_floor":["M","?","$","?","?","R","E","M","T","M","R","E","R","M","R","B",null,"M","M","?","?","M","R","M","R","T","E"],"character_chosen":"THE_SILENT","items_purchased":["Predator"],"campfire_rested":1,"item_purchase_floors":[3],"current_hp_per_floor":[59,64,64,43,43,43,43,43,43,43,43,43,43,35,56,29,61,59,47,47,53,45,45,50,50,50,0],"gold":281,"neow_bonus":"THREE_ENEMY_KILL","is_prod":false,"is_daily":false,"chose_seed":false,"campfire_upgraded":5,"win_rate":0,"timestamp":1565106057,"path_taken":["M","?","$","?","?","R","E","M","T","M","R","E","R","M","R","BOSS","M","M","?","?","M","R","M","R","T","E"],"build_version":"2019-07-17","purchased_purges":1,"victory":false,"max_hp_per_floor":[66,71,71,71,71,71,71,71,71,71,71,71,71,71,71,71,71,71,71,71,77,77,77,77,77,77,77],"card_choices":[{"not_picked":["Quick Slash","Poisoned Stab"],"picked":"PiercingWail","floor":1.0},{"not_picked":["Blade Dance","Predator"],"picked":"Terror","floor":7.0},{"not_picked":["Prepared","Expertise"],"picked":"Dagger Throw","floor":8.0},{"not_picked":["Distraction","Acrobatics"],"picked":"Cloak And Dagger","floor":10.0},{"not_picked":["Calculated Gamble","Eviscerate"],"picked":"Setup","floor":12.0},{"not_picked":["Expertise","Blade Dance"],"picked":"Dagger Spray","floor":14.0},{"not_picked":["Slice","Accuracy"],"picked":"Tactician","floor":15.0},{"not_picked":["Adrenaline","Unload"],"picked":"After Image","floor":16.0},{"not_picked":["Dodge and Roll+1","Dagger Throw"],"picked":"Footwork","floor":18.0},{"not_picked":["Dagger Throw","Backstab"],"picked":"Acrobatics+1","floor":19.0},{"not_picked":["Dagger Spray","All Out Attack"],"picked":"Bouncing Flask+1","floor":22.0},{"not_picked":["Dodge and Roll","Blade Dance"],"picked":"Well Laid Plans+1","floor":24.0}],"player_experience":658856,"relics_obtained":[{"floor":7.0,"key":"Dream Catcher"},{"floor":9.0,"key":"Darkstone Periapt"},{"floor":12.0,"key":"Bag of Marbles"},{"floor":26.0,"key":"Tiny Chest"}],"event_choices":[{"damage_healed":0.0,"max_hp_gain":5.0,"max_hp_loss":0.0,"gold_gain":0.0,"event_name":"Big Fish","player_choice":"Donut","floor":2.0,"gold_loss":0.0,"damage_taken":0.0},{"damage_healed":0.0,"max_hp_gain":0.0,"max_hp_loss":0.0,"gold_gain":0.0,"event_name":"Shining Light","player_choice":"Entered Light","floor":4.0,"gold_loss":0.0,"damage_taken":21.0,"cards_upgraded":["Defend_G","PiercingWail"]},{"damage_healed":0.0,"max_hp_gain":0.0,"max_hp_loss":0.0,"gold_gain":0.0,"event_name":"Upgrade Shrine","player_choice":"Upgraded","floor":5.0,"gold_loss":0.0,"damage_taken":0.0,"cards_upgraded":["Predator"]},{"damage_healed":0.0,"max_hp_gain":0.0,"max_hp_loss":0.0,"gold_gain":0.0,"event_name":"Drug Dealer","player_choice":"Inject Mutagens","floor":20.0,"gold_loss":0.0,"damage_taken":0.0,"relics_obtained":["MutagenicStrength"]},{"damage_healed":0.0,"max_hp_gain":0.0,"max_hp_loss":0.0,"gold_gain":0.0,"event_name":"The Mausoleum","player_choice":"Opened","floor":21.0,"gold_loss":0.0,"damage_taken":0.0,"relics_obtained":["Meat on the Bone"],"cards_obtained":["Writhe"]}],"is_beta":false,"boss_relics":[{"not_picked":["Tiny House","Runic Dome"],"picked":"Empty Cage"}],"items_purged_floors":[3],"is_endless":false,"potions_floor_spawned":[8,10,12,18,22],"killed_by":"Gremlin Leader","ascension_level":20}