{"gold_per_floor":[114,114,129,153,173,173,212,212,212,212,235,269,300,41,41,134,134,119,19,38,53,53,53,84,109,135,135],"floor_reached":27,"playtime":1989,"items_purged":["Strike_G","Strike_G"],"score":486,"play_id":"20dd38af-7133-45ea-9191-31534a08c5c4","local_time":"20190814094852","is_ascension_mode":true,"campfire_choices":[{"floor":6.0,"key":"REST"},{"data":"Terror","floor":8.0,"key":"SMITH"},{"floor":15.0,"key":"REST"},{"floor":23,"key":"REST"}],"neow_cost":"NONE","seed_source_timestamp":1818011732034382,"circlet_count":0,"master_deck":["AscendersBane","Strike_G","Defend_G","Defend_G","Defend_G","Defend_G","Defend_G","Survivor","Neutralize","Dramatic Entrance","Caltrops+1","Terror+1","Dodge and Roll","Backflip","Backflip","PiercingWail","Outmaneuver","Footwork","Well Laid Plans","Skewer","Deadly Poison","Malaise","Cloak And Dagger","All Out Attack","Tactician","Skewer","Dagger Throw","Blur+1"],"special_seed":0,"relics":["Ring of the Snake","Golden Idol","Mango","Tingsha","Du-Vu Doll","Odd Mushroom","Eternal Feather","Orichalcum","Happy Flower"],"potions_floor_usage":[25,27],"damage_taken":[{"damage":7.0,"enemies":"Jaw Worm","floor":1.0,"turns":5.0},{"damage":1.0,"enemies":"2 Louse","floor":3.0,"turns":3.0},{"damage":2.0,"enemies":"Small Slimes","floor":4.0,"turns":4.0},{"damage":40.0,"enemies":"Gremlin Gang","floor":5.0,"turns":5.0},{"damage":8.0,"enemies":"Gremlin Nob","floor":7.0,"turns":5.0},{"damage":0.0,"enemies":"Blue Slaver","floor":11.0,"turns":4.0},{"damage":25.0,"enemies":"3 Sentries","floor":12.0,"turns":11.0},{"damage":2.0,"enemies":"The Mushroom Lair","floor":13.0,"turns":5.0},{"damage":19.0,"enemies":"The Guardian","floor":16.0,"turns":11.0},{"damage":16.0,"enemies":"2 Thieves","floor":18.0,"turns":4.0},{"damage":11,"enemies":"Shell Parasite","floor":20,"turns":8},{"damage":20,"enemies":"Sentry and Sphere","floor":21,"turns":7},{"damage":27,"enemies":"Book of Stabbing","floor":24,"turns":6},{"damage":16,"enemies":"Centurion and Healer","floor":25,"turns":10},{"damage":8,"enemies":"Snake Plant","floor":27,"turns":2}],"seed_played":"9047589828927221868","potions_obtained":[{"floor":1.0,"key":"PowerPotion"},{"floor":5.0,"key":"GamblersBrew"},{"floor":7.0,"key":"PowerPotion"},{"floor":12.0,"key":"Fire Potion"},{"floor":18.0,"key":"Weak Potion"}],"is_trial":false,"path_per_floor":["M","?","M","M","M","R","E","R","T","?","M","E","?","$","R","B",null,"M","$","M","M","?","R","E","M","T","M"],"character_chosen":"THE_SILENT","items_purchased":["Well Laid Plans","Skewer","Deadly Poison"],"campfire_rested":3,"item_purchase_floors":[14,14,14],"current_hp_per_floor":[52,52,51,49,9,27,33,33,33,33,33,8,6,6,28,9,58,42,42,31,11,11,48,21,5,5,0],"gold":135,"neow_bonus":"RANDOM_COLORLESS","is_prod":false,"is_daily":false,"chose_seed":false,"campfire_upgraded":1,"win_rate":0,"timestamp":1565801332,"path_taken":["M","?","M","M","M","R","E","R","T","?","M","E","?","$","R","BOSS","M","$","M","M","?","R","E","M","T","M"],"build_version":"2019-07-17","purchased_purges":2,"victory":false,"max_hp_per_floor":[66,60,60,60,60,60,74,74,74,74,74,74,74,74,74,74,74,74,74,74,74,74,74,74,74,74,74],"card_choices":[{"not_picked":["Reflex","Backflip"],"picked":"Caltrops","floor":1.0},{"not_picked":["Slice","Riddle With Holes"],"picked":"Terror","floor":3.0},{"not_picked":["Eviscerate","Bane"],"picked":"Dodge and Roll","floor":4.0},{"not_picked":["Concentrate","Deadly Poison"],"picked":"Backflip","floor":5.0},{"not_picked":["Calculated Gamble","Crippling Poison"],"picked":"Backflip","floor":7.0},{"not_picked":["Prepared","Heel Hook"],"picked":"PiercingWail","floor":11.0},{"not_picked":["Backflip","Bane"],"picked":"Outmaneuver","floor":12.0},{"not_picked":["Noxious Fumes","Choke"],"picked":"Footwork","floor":13.0},{"not_picked":["Doppelganger","Grand Finale"],"picked":"Malaise","floor":16.0},{"not_picked":["Dagger Throw","Skewer"],"picked":"Cloak And Dagger","floor":18.0},{"not_picked":["Bane","Eviscerate"],"picked":"All Out Attack","floor":20},{"not_picked":["Choke","Sucker Punch","Skewer"],"picked":"SKIP","floor":21},{"not_picked":["Cloak And Dagger","Dagger Spray"],"picked":"Dagger Throw","floor":24},{"not_picked":["Bane","Flying Knee"],"picked":"Blur+1","floor":25}],"player_experience":717623,"relics_obtained":[{"floor":7.0,"key":"Mango"},{"floor":9.0,"key":"Tingsha"},{"floor":12.0,"key":"Du-Vu Doll"},{"floor":13.0,"key":"Odd Mushroom"},{"floor":24,"key":"Orichalcum"},{"floor":26,"key":"Happy Flower"}],"event_choices":[{"damage_healed":0.0,"max_hp_gain":0.0,"max_hp_loss":6.0,"gold_gain":0.0,"event_name":"Golden Idol","player_choice":"Lose Max HP","floor":2.0,"gold_loss":0.0,"damage_taken":0.0,"relics_obtained":["Golden Idol"]},{"damage_healed":0.0,"max_hp_gain":0.0,"max_hp_loss":0.0,"gold_gain":0.0,"event_name":"Living Wall","player_choice":"Grow","floor":10.0,"gold_loss":0.0,"damage_taken":0.0,"cards_upgraded":["Caltrops"]},{"damage_healed":0.0,"max_hp_gain":0.0,"max_hp_loss":0.0,"gold_gain":0.0,"event_name":"Mushrooms","player_choice":"Fought Mushrooms","floor":13.0,"gold_loss":0.0,"damage_taken":0.0},{"damage_healed":0,"gold_gain":0,"cards_transformed":["Strike_G","Strike_G"],"player_choice":"Became Test Subject","damage_taken":0,"max_hp_gain":0,"max_hp_loss":0,"event_name":"Drug Dealer","floor":22,"gold_loss":0,"cards_obtained":["Tactician","Skewer"]}],"is_beta":false,"boss_relics":[{"not_picked":["Philosopher\u0027s Stone","Lizard Tail"],"picked":"Eternal Feather"}],"items_purged_floors":[14,19],"is_endless":false,"potions_floor_spawned":[1,5,7,12,16,18],"killed_by":"Snake Plant","ascension_level":20}