{"gold_per_floor":[217,217,17,27,42,42,68,68,98,111,111,111,138,169,181,271,283,313,339,361,0,11,11,11],"floor_reached":24,"playtime":1709,"items_purged":["Strike_G"],"score":416,"play_id":"7b30781b-bf6d-4728-91c4-5f80d087e352","local_time":"20190805160202","is_ascension_mode":true,"campfire_choices":[{"data":"Footwork","floor":6.0,"key":"SMITH"},{"data":"Catalyst","floor":8.0,"key":"SMITH"},{"floor":12.0,"key":"REST"},{"floor":15.0,"key":"REST"},{"floor":23.0,"key":"REST"}],"neow_cost":"NONE","seed_source_timestamp":1062953189609589,"circlet_count":0,"master_deck":["AscendersBane","Survivor","Neutralize","Sucker Punch","Bouncing Flask","Noxious Fumes","PiercingWail","Footwork+1","Catalyst+1","Cloak And Dagger","Bouncing Flask","PiercingWail","After Image","Sucker Punch","Concentrate","PiercingWail","Acrobatics","Sucker Punch","Quick Slash","Riddle With Holes","Night Terror","Prepared","Underhanded Strike","Terror","Apotheosis","Noxious Fumes","Dagger Spray","Dash+1"],"special_seed":0,"relics":["Ring of the Snake","Ninja Scroll","Tiny Chest","MawBank","Pandora\u0027s Box"],"potions_floor_usage":[],"damage_taken":[{"damage":1.0,"enemies":"Small Slimes","floor":1.0,"turns":6.0},{"damage":0.0,"enemies":"2 Louse","floor":4.0,"turns":2.0},{"damage":1.0,"enemies":"Jaw Worm","floor":5.0,"turns":3.0},{"damage":14.0,"enemies":"Lagavulin","floor":7.0,"turns":7.0},{"damage":7.0,"enemies":"Large Slime","floor":10.0,"turns":8.0},{"damage":1.0,"enemies":"Gremlin Nob","floor":13.0,"turns":4.0},{"damage":2.0,"enemies":"Looter","floor":14.0,"turns":4.0},{"damage":20.0,"enemies":"Slime Boss","floor":16.0,"turns":10.0},{"damage":24.0,"enemies":"Shell Parasite","floor":18.0,"turns":7.0},{"damage":20.0,"enemies":"3 Byrds","floor":19.0,"turns":7.0},{"damage":4.0,"enemies":"Centurion and Healer","floor":20.0,"turns":8.0},{"damage":15.0,"enemies":"Chosen and Byrds","floor":22.0,"turns":9.0},{"damage":36,"enemies":"Gremlin Leader","floor":24,"turns":6}],"seed_played":"-7180428197816811673","potions_obtained":[{"floor":4.0,"key":"GhostInAJar"},{"floor":13.0,"key":"Regen Potion"},{"floor":14.0,"key":"Energy Potion"},{"floor":16.0,"key":"PowerPotion"}],"is_trial":false,"path_per_floor":["M","?","$","M","M","R","E","R","T","M","?","R","E","M","R","B",null,"M","M","M","$","M","R","E"],"character_chosen":"THE_SILENT","items_purchased":["Bouncing Flask","Noxious Fumes","Terror","Apotheosis","Noxious Fumes","Dagger Spray"],"campfire_rested":3,"item_purchase_floors":[3,3,21,21,21,21],"current_hp_per_floor":[58,38,38,38,37,37,23,23,23,16,9,28,27,25,44,24,56,32,12,8,8,8,27,0],"gold":11,"neow_bonus":"HUNDRED_GOLD","is_prod":false,"is_daily":false,"chose_seed":false,"campfire_upgraded":2,"win_rate":0,"timestamp":1565046122,"path_taken":["M","?","$","M","M","R","E","R","T","M","?","R","E","?","R","BOSS","M","M","M","$","M","R","E"],"build_version":"2019-07-17","purchased_purges":1,"victory":false,"max_hp_per_floor":[66,66,66,66,66,66,66,66,66,66,66,66,66,66,66,66,66,66,66,66,66,66,66,66],"card_choices":[{"not_picked":["Blade Dance","Quick Slash"],"picked":"Sucker Punch","floor":1.0},{"not_picked":["Phantasmal Killer","Sucker Punch"],"picked":"PiercingWail","floor":4.0},{"not_picked":["All Out Attack","Expertise"],"picked":"Footwork","floor":5.0},{"not_picked":["Bane","Calculated Gamble"],"picked":"Catalyst","floor":7.0},{"not_picked":["Choke","Poisoned Stab"],"picked":"Cloak And Dagger","floor":10.0},{"not_picked":["Sucker Punch","Predator"],"picked":"Bouncing Flask","floor":13.0},{"not_picked":["Quick Slash","Phantasmal Killer"],"picked":"PiercingWail","floor":14.0},{"not_picked":["Unload","A Thousand Cuts"],"picked":"After Image","floor":16.0},{"not_picked":["Dodge and Roll","Acrobatics"],"picked":"Prepared","floor":18.0},{"not_picked":["Sucker Punch","Endless Agony","Quick Slash"],"picked":"SKIP","floor":19.0},{"not_picked":["Backflip","Flying Knee"],"picked":"Underhanded Strike","floor":20.0},{"not_picked":["Backflip","Accuracy"],"picked":"Dash+1","floor":22.0}],"player_experience":655969,"relics_obtained":[{"floor":7.0,"key":"Ninja Scroll"},{"floor":9.0,"key":"Tiny Chest"},{"floor":13.0,"key":"MawBank"}],"event_choices":[{"damage_healed":0.0,"max_hp_gain":0.0,"max_hp_loss":0.0,"gold_gain":0.0,"event_name":"Shining Light","player_choice":"Entered Light","floor":2.0,"gold_loss":0.0,"damage_taken":20.0,"cards_upgraded":["Defend_G","Strike_G"]},{"cards_removed":["Strike_G"],"damage_healed":0.0,"max_hp_gain":0.0,"max_hp_loss":0.0,"gold_gain":0.0,"event_name":"Golden Wing","player_choice":"Card Removal","floor":11.0,"gold_loss":0.0,"damage_taken":7.0}],"is_beta":false,"boss_relics":[{"not_picked":["White Beast Statue","WristBlade"],"picked":"Pandora\u0027s Box"}],"items_purged_floors":[3],"is_endless":false,"potions_floor_spawned":[4,13,14,16,18,19],"killed_by":"Gremlin Leader","ascension_level":20}