{"gold_per_floor":[118,118,118,118,133,133,133,162,162,162,24,37,37,55,55,153,153,173,185,37,51,64,64,90,190,190,205,6,6],"floor_reached":29,"playtime":1789,"items_purged":[],"score":267,"play_id":"febe0d19-c643-4187-a1d0-955d0dffde98","local_time":"20190708161133","is_ascension_mode":true,"campfire_choices":[{"floor":6,"key":"REST"},{"floor":10,"key":"REST"},{"floor":15,"key":"REST"},{"data":"Accuracy","floor":23,"key":"SMITH"}],"neow_cost":"NONE","seed_source_timestamp":537364046311756,"circlet_count":0,"master_deck":["Strike_G","Strike_G","Strike_G","Strike_G","Defend_G","Defend_G+1","Defend_G","Defend_G","Defend_G","Survivor+1","Neutralize","Flying Knee","Blade Dance","Accuracy+1","Leg Sweep+1","Cloak And Dagger+1","Dagger Throw","Outmaneuver+1","Burst+1","Night Terror+1","Deadly Poison+1","Quick Slash+1","Cloak And Dagger+1","Prepared+1","A Thousand Cuts","Cloak And Dagger+1"],"relics":["Ring of the Snake","Vajra","Toxic Egg 2","Pantograph","Ancient Tea Set","Runic Pyramid","Blood Vial","Smiling Mask","Membership Card"],"potions_floor_usage":[],"damage_taken":[{"damage":10,"enemies":"Small Slimes","floor":1,"turns":5},{"damage":0,"enemies":"Jaw Worm","floor":5,"turns":5},{"damage":51,"enemies":"Lagavulin","floor":8,"turns":13},{"damage":0,"enemies":"2 Louse","floor":12,"turns":2},{"damage":2,"enemies":"Large Slime","floor":14,"turns":6},{"damage":65,"enemies":"The Guardian","floor":16,"turns":15},{"damage":11,"enemies":"Spheric Guardian","floor":18,"turns":4},{"damage":0,"enemies":"Chosen","floor":19,"turns":5},{"damage":0,"enemies":"Snecko","floor":21,"turns":4},{"damage":25,"enemies":"Centurion and Healer","floor":22,"turns":8},{"damage":8,"enemies":"Slavers","floor":24,"turns":8},{"damage":37,"enemies":"Snake Plant","floor":27,"turns":4},{"damage":15,"enemies":"3 Cultists","floor":29,"turns":3}],"seed_played":"1209741764906215473","potions_obtained":[{"floor":8,"key":"SneckoOil"},{"floor":12,"key":"Explosive Potion"},{"floor":16,"key":"FearPotion"},{"floor":24,"key":"Fire Potion"}],"is_trial":false,"path_per_floor":["M","?","?","?","M","R","T","E","T","R","$","M","?","M","R","B",null,"M","M","$","M","M","R","E","?","T","M","$","M"],"character_chosen":"THE_SILENT","items_purchased":["Leg Sweep+1","Cloak And Dagger+1","Dagger Throw","Blood Vial","Membership Card"],"campfire_rested":3,"item_purchase_floors":[11,11,11,20,28],"current_hp_per_floor":[67,67,52,40,40,63,63,12,12,35,35,35,35,33,56,12,77,66,66,66,68,45,45,39,39,39,4,4,0],"gold":6,"neow_bonus":"TEN_PERCENT_HP_BONUS","is_prod":false,"is_daily":false,"chose_seed":false,"campfire_upgraded":1,"win_rate":0,"timestamp":1562627493,"path_taken":["M","?","?","?","M","R","?","E","T","R","$","M","?","M","R","BOSS","M","M","?","M","M","R","E","?","T","M","$","?"],"build_version":"2019-07-05","purchased_purges":0,"victory":false,"max_hp_per_floor":[77,77,77,77,77,77,77,77,77,77,77,77,77,77,77,77,77,77,77,77,77,77,77,77,77,77,77,77,77],"card_choices":[{"not_picked":["Sucker Punch","Slice"],"picked":"Flying Knee","floor":1},{"not_picked":["Deadly Poison","Concentrate"],"picked":"Blade Dance","floor":5},{"not_picked":["Finisher","Footwork"],"picked":"Accuracy","floor":8},{"not_picked":["Quick Slash","Slice"],"picked":"Outmaneuver+1","floor":12},{"not_picked":["Tactician+1","Poisoned Stab"],"picked":"Burst+1","floor":14},{"not_picked":["A Thousand Cuts","Malaise+1"],"picked":"Night Terror+1","floor":16},{"not_picked":["PiercingWail+1","Quick Slash"],"picked":"Deadly Poison+1","floor":18},{"not_picked":["Dagger Throw","Poisoned Stab"],"picked":"Quick Slash+1","floor":19},{"not_picked":["All Out Attack","Dodge and Roll+1"],"picked":"Cloak And Dagger+1","floor":21},{"not_picked":["Dagger Spray","Masterful Stab"],"picked":"Prepared+1","floor":22},{"not_picked":["Flying Knee","Well Laid Plans"],"picked":"A Thousand Cuts","floor":24},{"not_picked":["Flying Knee","Accuracy"],"picked":"Cloak And Dagger+1","floor":27}],"player_experience":144504,"relics_obtained":[{"floor":7,"key":"Toxic Egg 2"},{"floor":8,"key":"Pantograph"},{"floor":9,"key":"Ancient Tea Set"},{"floor":24,"key":"Smiling Mask"}],"event_choices":[{"damage_healed":0,"gold_gain":0,"player_choice":"Ignored","damage_taken":0,"max_hp_gain":0,"max_hp_loss":0,"event_name":"Liars Game","floor":2,"gold_loss":0},{"damage_healed":0,"gold_gain":0,"player_choice":"Entered Light","damage_taken":15,"max_hp_gain":0,"max_hp_loss":0,"event_name":"Shining Light","floor":3,"gold_loss":0,"cards_upgraded":["Defend_G","Survivor"]},{"damage_healed":0,"gold_gain":0,"player_choice":"Success","damage_taken":12,"relics_obtained":["Vajra"],"max_hp_gain":0,"max_hp_loss":0,"event_name":"Scrap Ooze","floor":4,"gold_loss":0},{"cards_removed":["Strike_G"],"damage_healed":0,"gold_gain":0,"player_choice":"Purged","damage_taken":0,"max_hp_gain":0,"max_hp_loss":0,"event_name":"Purifier","floor":13,"gold_loss":0},{"damage_healed":0,"gold_gain":100,"player_choice":"Pray","damage_taken":0,"max_hp_gain":0,"max_hp_loss":0,"event_name":"Golden Shrine","floor":25,"gold_loss":0}],"is_beta":false,"boss_relics":[{"not_picked":["Sozu","Snecko Eye"],"picked":"Runic Pyramid"}],"items_purged_floors":[],"is_endless":false,"potions_floor_spawned":[8,12,16,21,24],"killed_by":"3 Cultists","ascension_level":2}