{"gold_per_floor":[114,133,133,308,325,325,0,16,86,98,128,128,27,43,43,144,144,154,154,165,26,40,40,55,55,55,55],"floor_reached":27,"playtime":2518,"items_purged":["Doubt","Strike_G"],"score":247,"play_id":"df6579c0-a12d-4581-af9b-6220bc0b9f36","local_time":"20180829215131","is_ascension_mode":true,"campfire_choices":[{"data":"Survivor","floor":6,"key":"SMITH"},{"data":"Venomology","floor":15,"key":"SMITH"},{"floor":23,"key":"REST"}],"neow_cost":"","seed_source_timestamp":1056283680208331,"circlet_count":0,"master_deck":["Defend_G","Defend_G","Defend_G","Defend_G","Defend_G","Strike_G","Strike_G","Strike_G","Strike_G","Survivor+1","Neutralize","Sucker Punch","Well Laid Plans","Poisoned Stab","Venomology+1","Quick Slash","Slice","Flying Knee","Terror","Cloak And Dagger","Backstab","Dodge and Roll","Phantasmal Killer","Doppelganger","Infinite Blades","RitualDagger","Outmaneuver","Backstab","Cloak And Dagger","Acrobatics"],"relics":["Ring of the Snake","Pen Nib","Pear","Bag of Preparation","HoveringKite","Oddly Smooth Stone","Toxic Egg 2"],"potions_floor_usage":[8,11,11,14,18,20,20,22,22,24,24,24,27],"damage_taken":[{"damage":0,"enemies":"2 Louse","floor":1,"turns":4},{"damage":1,"enemies":"Small Slimes","floor":2,"turns":3},{"damage":9,"enemies":"Jaw Worm","floor":5,"turns":5},{"damage":4,"enemies":"Blue Slaver","floor":8,"turns":4},{"damage":0,"enemies":"Large Slime","floor":10,"turns":4},{"damage":14,"enemies":"Lagavulin","floor":11,"turns":5},{"damage":0,"enemies":"Looter","floor":14,"turns":1},{"damage":34,"enemies":"The Guardian","floor":16,"turns":7},{"damage":24,"enemies":"3 Byrds","floor":18,"turns":7},{"damage":19,"enemies":"Chosen","floor":20,"turns":5},{"damage":20,"enemies":"Centurion and Healer","floor":22,"turns":6},{"damage":1,"enemies":"3 Cultists","floor":24,"turns":5},{"damage":37,"enemies":"Book of Stabbing","floor":27,"turns":5}],"seed_played":"2557038580766967380","potions_obtained":[{"floor":5,"key":"Poison Potion"},{"floor":11,"key":"GamblersBrew"},{"floor":16,"key":"Ancient Potion"},{"floor":18,"key":"SpeedPotion"},{"floor":20,"key":"PowerPotion"}],"is_trial":false,"path_per_floor":["M","M","?","?","M","R","$","M","T","M","E","?","$","M","R","B",null,"M","?","M","$","M","R","M","?","T"],"character_chosen":"THE_SILENT","items_purchased":["Venomology","Quick Slash","Slice","Backstab","Dodge and Roll","Backstab"],"campfire_rested":1,"item_purchase_floors":[7,7,7,13,13,21],"current_hp_per_floor":[70,69,66,66,57,57,57,53,63,63,49,49,49,49,49,15,80,56,50,31,31,11,35,34,34,34,0],"gold":55,"neow_bonus":"","is_prod":false,"is_daily":false,"chose_seed":false,"campfire_upgraded":2,"win_rate":0,"timestamp":1535572291,"path_taken":["M","M","?","?","?","R","?","M","T","M","E","?","$","M","R","BOSS","M","?","M","?","M","R","M","?","T","E"],"build_version":"2018-08-23v2","purchased_purges":2,"victory":false,"max_hp_per_floor":[70,70,70,70,70,70,70,70,80,80,80,80,80,80,80,80,80,80,80,80,80,80,80,80,80,80,80],"card_choices":[{"not_picked":["Slice","Cloak And Dagger"],"picked":"Sucker Punch","floor":1},{"not_picked":["Deflect","Backflip"],"picked":"Well Laid Plans","floor":2},{"not_picked":["Deadly Poison","Underhanded Strike"],"picked":"Poisoned Stab","floor":5},{"not_picked":["Doppelganger","Cloak And Dagger"],"picked":"Flying Knee","floor":8},{"not_picked":["Cloak And Dagger","Flying Knee"],"picked":"Terror","floor":10},{"not_picked":["Bane","Deflect"],"picked":"Cloak And Dagger","floor":11},{"not_picked":["Deflect","PiercingWail"],"picked":"Phantasmal Killer","floor":14},{"not_picked":["Phantasmal Killer","Night Terror"],"picked":"Doppelganger","floor":16},{"not_picked":["Dagger Spray","Poisoned Stab+1"],"picked":"Infinite Blades","floor":18},{"not_picked":["Calculated Gamble","Deflect"],"picked":"Outmaneuver","floor":20},{"not_picked":["Outmaneuver","Flying Knee"],"picked":"Cloak And Dagger","floor":22},{"not_picked":["Prepared+1","Blur"],"picked":"Acrobatics","floor":24}],"player_experience":402517,"relics_obtained":[{"floor":9,"key":"Pear"},{"floor":11,"key":"Bag of Preparation"},{"floor":26,"key":"Toxic Egg 2"}],"event_choices":[{"event_name":"Scrap Ooze","player_choice":"success","floor":3,"damage_taken":3},{"event_name":"Liars Game","player_choice":"agreed","floor":4,"damage_taken":0},{"event_name":"The Woman in Blue","player_choice":"Bought 0 Potions","floor":12,"damage_taken":0},{"event_name":"Nest","player_choice":"Joined the Cult","floor":19,"damage_taken":0},{"event_name":"The Mausoleum","player_choice":"Yes","floor":25,"damage_taken":0}],"is_beta":false,"boss_relics":[{"not_picked":["Lizard Tail","Fusion Hammer"],"picked":"HoveringKite"}],"items_purged_floors":[7,21],"is_endless":false,"potions_floor_spawned":[5,11,16,18,20],"killed_by":"Book of Stabbing","ascension_level":3}