{"gold_per_floor":[114,26,26,26,26,26,59,69,69,80,80,90,90,118,118,192,192,212,212],"floor_reached":19,"playtime":833,"items_purged":[],"score":400,"play_id":"d4c5dd71-fa3a-4084-9df1-07f04895df39","local_time":"20190812125410","is_ascension_mode":true,"campfire_choices":[{"data":"Cloak And Dagger","floor":6,"key":"SMITH"},{"data":"Terror","floor":11,"key":"SMITH"},{"data":"Caltrops","floor":13,"key":"SMITH"},{"floor":15,"key":"REST"}],"neow_cost":"NONE","seed_source_timestamp":1657547882443082,"circlet_count":0,"master_deck":["AscendersBane","Strike_G+1","Strike_G+1","Strike_G","Strike_G","Strike_G","Defend_G","Defend_G","Defend_G","Defend_G","Defend_G","Survivor","Neutralize","Cloak And Dagger+1","Well Laid Plans","Terror+1","Dash","Caltrops+1","Die Die Die","Outmaneuver","After Image","Pain"],"relics":["Ring of the Snake","NeowsBlessing","Omamori","Dodecahedron","Question Card","Regal Pillow","Calling Bell","Boot","Shuriken","Bird Faced Urn"],"potions_floor_usage":[],"damage_taken":[{"damage":0,"enemies":"Jaw Worm","floor":1,"turns":1},{"damage":0,"enemies":"3 Sentries","floor":7,"turns":1},{"damage":0,"enemies":"2 Louse","floor":8,"turns":1},{"damage":0,"enemies":"Small Slimes","floor":10,"turns":2},{"damage":3,"enemies":"Blue Slaver","floor":12,"turns":4},{"damage":11,"enemies":"Lagavulin","floor":14,"turns":6},{"damage":44,"enemies":"Hexaghost","floor":16,"turns":11},{"damage":43,"enemies":"Spheric Guardian","floor":18,"turns":9},{"damage":20,"enemies":"3 Byrds","floor":19,"turns":3}],"seed_played":"-6670052093908640262","potions_obtained":[{"floor":1,"key":"SmokeBomb"},{"floor":12,"key":"Dexterity Potion"}],"is_trial":false,"path_per_floor":["M","$","?","?","$","R","E","M","T","M","R","M","R","E","R","B",null,"M","M"],"character_chosen":"THE_SILENT","items_purchased":["Well Laid Plans"],"campfire_rested":1,"item_purchase_floors":[2],"current_hp_per_floor":[59,59,48,28,28,28,28,28,28,28,28,25,25,14,48,4,51,14,0],"gold":212,"neow_bonus":"THREE_ENEMY_KILL","is_prod":false,"is_daily":false,"chose_seed":false,"campfire_upgraded":3,"win_rate":0,"timestamp":1565639650,"path_taken":["M","$","?","?","?","R","E","M","T","M","R","M","R","E","R","BOSS","M","M"],"build_version":"2019-07-17","purchased_purges":0,"victory":false,"max_hp_per_floor":[66,66,66,66,66,66,66,66,66,66,66,66,66,66,66,66,66,66,66],"card_choices":[{"not_picked":["Infinite Blades","Backflip"],"picked":"Cloak And Dagger","floor":1},{"not_picked":["Predator","Bouncing Flask"],"picked":"Terror","floor":7},{"not_picked":["Deadly Poison","Dagger Throw"],"picked":"Dash","floor":8},{"not_picked":["PiercingWail","Bane","Eviscerate"],"picked":"Caltrops","floor":10},{"not_picked":["Deadly Poison","Dagger Throw","Underhanded Strike"],"picked":"Die Die Die","floor":12},{"not_picked":["Setup","Eviscerate","Catalyst"],"picked":"Outmaneuver","floor":14},{"not_picked":["Bullet Time","Grand Finale","Malaise"],"picked":"After Image","floor":16},{"not_picked":["Endless Agony","Expertise","Backstab","Tactician"],"picked":"SKIP","floor":18}],"player_experience":686746,"relics_obtained":[{"floor":7,"key":"Dodecahedron"},{"floor":9,"key":"Question Card"},{"floor":14,"key":"Regal Pillow"},{"floor":17,"key":"Boot"},{"floor":17,"key":"Shuriken"},{"floor":17,"key":"Bird Faced Urn"}],"event_choices":[{"damage_healed":0,"gold_gain":0,"player_choice":"Success","damage_taken":11,"relics_obtained":["Omamori"],"max_hp_gain":0,"max_hp_loss":0,"event_name":"Scrap Ooze","floor":3,"gold_loss":0},{"damage_healed":0,"gold_gain":0,"player_choice":"Entered Light","damage_taken":20,"max_hp_gain":0,"max_hp_loss":0,"event_name":"Shining Light","floor":4,"gold_loss":0,"cards_upgraded":["Strike_G","Strike_G"]}],"is_beta":false,"boss_relics":[{"not_picked":["Tiny House","Runic Dome"],"picked":"Calling Bell"}],"items_purged_floors":[],"is_endless":false,"potions_floor_spawned":[1,12],"killed_by":"3 Byrds","ascension_level":20}