{"gold_per_floor":[112,124,143,218,268,268,33,62,85,85,104,104,139,139,139,269,269,254,274,274,297,320,320,351,351,351,351,351,364,464,59,59,59],"floor_reached":33,"playtime":1994,"items_purged":["Strike_G"],"score":410,"play_id":"0b0ff6f0-0fae-4029-9d31-3c96d38f66f0","local_time":"20190722124637","is_ascension_mode":true,"campfire_choices":[{"data":"All Out Attack","floor":6.0,"key":"SMITH"},{"data":"Footwork","floor":10.0,"key":"SMITH"},{"floor":12.0,"key":"REST"},{"data":"Caltrops","floor":15.0,"key":"SMITH"},{"floor":23.0,"key":"REST"},{"floor":25.0,"key":"REST"},{"data":"Wraith Form v2","floor":27.0,"key":"SMITH"},{"data":"Tactician","floor":32.0,"key":"SMITH"}],"neow_cost":"NONE","seed_source_timestamp":14823444804625,"circlet_count":0,"master_deck":["AscendersBane","Strike_G","Strike_G","Strike_G","Defend_G","Defend_G","Defend_G","Defend_G","Defend_G","Survivor","Neutralize","Escape Plan+1","Sucker Punch","All Out Attack+1","Well Laid Plans","Footwork+1","Apotheosis+1","Backflip","Glass Knife","Caltrops+1","Wraith Form v2+1","Heel Hook","Deflect","All Out Attack","Backflip","Envenom","Bane+1","Flying Knee","Tactician+1","Acrobatics","Prepared","Backstab"],"special_seed":0,"relics":["Ring of the Snake","War Paint","Bag of Marbles","Juzu Bracelet","Golden Idol","Orrery","MutagenicStrength","Letter Opener","Bronze Scales","Bird Faced Urn","Bottled Flame"],"potions_floor_usage":[],"damage_taken":[{"damage":6.0,"enemies":"2 Louse","floor":1.0,"turns":3.0},{"damage":12.0,"enemies":"Jaw Worm","floor":2.0,"turns":6.0},{"damage":0.0,"enemies":"Small Slimes","floor":3.0,"turns":3.0},{"damage":8.0,"enemies":"3 Sentries","floor":8.0,"turns":5.0},{"damage":0.0,"enemies":"Exordium Wildlife","floor":11.0,"turns":1.0},{"damage":20.0,"enemies":"Gremlin Nob","floor":13.0,"turns":4.0},{"damage":2.0,"enemies":"The Guardian","floor":16.0,"turns":11.0},{"damage":19.0,"enemies":"2 Thieves","floor":18.0,"turns":4.0},{"damage":8.0,"enemies":"Spheric Guardian","floor":19.0,"turns":5.0},{"damage":2.0,"enemies":"Cultist and Chosen","floor":21.0,"turns":6.0},{"damage":20.0,"enemies":"Chosen and Byrds","floor":22.0,"turns":6.0},{"damage":17.0,"enemies":"Slavers","floor":24.0,"turns":5.0},{"damage":12.0,"enemies":"Snecko","floor":29.0,"turns":6.0},{"damage":40,"enemies":"Collector","floor":33,"turns":8}],"seed_played":"4655254113909807510","potions_obtained":[{"floor":1.0,"key":"AttackPotion"},{"floor":3.0,"key":"Poison Potion"},{"floor":8.0,"key":"Strength Potion"},{"floor":13.0,"key":"Fruit Juice"},{"floor":19.0,"key":"Strength Potion"},{"floor":21.0,"key":"Poison Potion"},{"floor":22.0,"key":"Weak Potion"}],"is_trial":false,"path_per_floor":["M","M","M","?","?","R","$","E","T","R","M","R","E","?","R","B",null,"M","M","?","M","M","R","E","R","T","R","T","M","?","$","R","B"],"character_chosen":"THE_SILENT","items_purchased":["Footwork","Apotheosis","Prepared","Bottled Flame","Backstab"],"campfire_rested":3,"item_purchase_floors":[7,7,31,31,31],"current_hp_per_floor":[57,45,45,34,34,34,34,26,26,26,26,47,32,32,32,30,59,40,32,32,30,10,30,13,33,33,33,33,31,31,31,31,0],"gold":59,"neow_bonus":"TRANSFORM_CARD","is_prod":false,"is_daily":false,"chose_seed":false,"campfire_upgraded":5,"win_rate":0,"timestamp":1563824797,"path_taken":["M","M","M","?","?","R","$","E","T","R","M","R","E","?","R","BOSS","M","M","?","M","M","R","E","R","T","R","?","M","?","$","R","BOSS"],"build_version":"2019-07-17","purchased_purges":1,"victory":false,"max_hp_per_floor":[70,70,70,70,70,70,70,70,70,70,70,70,75,69,69,69,69,69,69,69,69,69,69,69,69,69,69,69,69,69,69,69,69],"card_choices":[{"not_picked":["Catalyst","Accuracy"],"picked":"Sucker Punch","floor":1.0},{"not_picked":["Accuracy","Dagger Spray"],"picked":"All Out Attack","floor":2.0},{"not_picked":["Flying Knee","Slice"],"picked":"Well Laid Plans","floor":3.0},{"not_picked":["Reflex","Sucker Punch"],"picked":"Backflip","floor":8.0},{"not_picked":["Expertise","Prepared"],"picked":"Glass Knife","floor":11.0},{"not_picked":["Prepared","Choke"],"picked":"Caltrops","floor":13.0},{"not_picked":["Adrenaline","A Thousand Cuts"],"picked":"Wraith Form v2","floor":16.0},{"not_picked":["Outmaneuver","Well Laid Plans"],"picked":"Heel Hook","floor":17.0},{"not_picked":["Deadly Poison","Dodge and Roll"],"picked":"Deflect","floor":17.0},{"not_picked":["Dagger Throw","Blade Dance"],"picked":"All Out Attack","floor":17.0},{"not_picked":["Dodge and Roll","Poisoned Stab"],"picked":"Backflip","floor":17.0},{"not_picked":["Bane","Escape Plan","Dagger Throw+1"],"picked":"SKIP","floor":18.0},{"not_picked":["Slice","Deflect"],"picked":"Envenom","floor":19.0},{"not_picked":["Blade Dance+1","Escape Plan"],"picked":"Bane+1","floor":21.0},{"not_picked":["Finisher","Bouncing Flask"],"picked":"Flying Knee","floor":22.0},{"not_picked":["Slice","Dodge and Roll"],"picked":"Tactician","floor":24.0},{"not_picked":["Outmaneuver","Footwork+1"],"picked":"Acrobatics","floor":29.0}],"player_experience":416308,"relics_obtained":[{"floor":8.0,"key":"War Paint"},{"floor":9.0,"key":"Bag of Marbles"},{"floor":13.0,"key":"Juzu Bracelet"},{"floor":24.0,"key":"Letter Opener"},{"floor":26.0,"key":"Bronze Scales"},{"floor":28.0,"key":"Bird Faced Urn"}],"event_choices":[{"damage_healed":0.0,"max_hp_gain":0.0,"max_hp_loss":0.0,"gold_gain":75.0,"event_name":"World of Goop","player_choice":"Gather Gold","floor":4.0,"gold_loss":0.0,"damage_taken":11.0},{"damage_healed":0.0,"max_hp_gain":0.0,"max_hp_loss":0.0,"gold_gain":50.0,"event_name":"Golden Wing","player_choice":"Gained Gold","floor":5.0,"gold_loss":0.0,"damage_taken":0.0},{"damage_healed":0.0,"max_hp_gain":0.0,"max_hp_loss":6.0,"gold_gain":0.0,"event_name":"Golden Idol","player_choice":"Lose Max HP","floor":14.0,"gold_loss":0.0,"damage_taken":0.0,"relics_obtained":["Golden Idol"]},{"damage_healed":0.0,"max_hp_gain":0.0,"max_hp_loss":0.0,"gold_gain":0.0,"event_name":"Drug Dealer","player_choice":"Inject Mutagens","floor":20.0,"gold_loss":0.0,"damage_taken":0.0,"relics_obtained":["MutagenicStrength"]},{"damage_healed":0.0,"max_hp_gain":0.0,"max_hp_loss":0.0,"gold_gain":100.0,"event_name":"Golden Shrine","player_choice":"Pray","floor":30.0,"gold_loss":0.0,"damage_taken":0.0}],"is_beta":false,"boss_relics":[{"not_picked":["Calling Bell","Velvet Choker"],"picked":"Orrery"}],"items_purged_floors":[31],"is_endless":false,"potions_floor_spawned":[1,3,8,13,19,21,22],"killed_by":"Collector","ascension_level":10}