{"gold_per_floor":[118,134,154,164,174,174,187,187,211,211,230,230],"floor_reached":12,"playtime":532,"items_purged":[],"score":148,"play_id":"6072634a-696c-42bc-bffe-59f4bbc3d8fd","local_time":"20190816142149","is_ascension_mode":true,"campfire_choices":[{"floor":6,"key":"REST"},{"data":"Terror","floor":10,"key":"SMITH"}],"neow_cost":"TEN_PERCENT_HP_LOSS","seed_source_timestamp":2008709575386069,"circlet_count":0,"master_deck":["AscendersBane","Strike_G","Strike_G","Strike_G","Strike_G","Strike_G","Defend_G","Defend_G","Defend_G","Defend_G","Defend_G","Survivor","Neutralize","Unload","Tactician","Bouncing Flask","Dodge and Roll","Reflex","Terror+1","Caltrops","Catalyst"],"relics":["Ring of the Snake","Lantern"],"potions_floor_usage":[12],"damage_taken":[{"damage":1,"enemies":"Cultist","floor":1,"turns":4},{"damage":4,"enemies":"Jaw Worm","floor":2,"turns":4},{"damage":1,"enemies":"Small Slimes","floor":3,"turns":4},{"damage":29,"enemies":"Exordium Wildlife","floor":4,"turns":6},{"damage":2,"enemies":"2 Fungi Beasts","floor":5,"turns":5},{"damage":3,"enemies":"Blue Slaver","floor":7,"turns":4},{"damage":7,"enemies":"Looter","floor":11,"turns":3},{"damage":57,"enemies":"3 Sentries","floor":12,"turns":11}],"seed_played":"1175666333628202234","potions_obtained":[{"floor":2,"key":"GhostInAJar"},{"floor":4,"key":"AttackPotion"}],"is_trial":false,"path_per_floor":["M","M","M","M","M","R","M","?","T","R","M","E"],"character_chosen":"THE_SILENT","items_purchased":[],"campfire_rested":1,"item_purchase_floors":[],"current_hp_per_floor":[58,54,53,24,22,40,37,57,57,57,50,0],"gold":230,"neow_bonus":"THREE_RARE_CARDS","is_prod":false,"is_daily":false,"chose_seed":false,"campfire_upgraded":1,"win_rate":0,"timestamp":1565990509,"path_taken":["M","?","M","M","?","R","M","?","T","R","M","E"],"build_version":"2019-07-17","purchased_purges":0,"victory":false,"max_hp_per_floor":[60,60,60,60,60,60,60,60,60,60,60,60],"card_choices":[{"not_picked":["Night Terror","Doppelganger"],"picked":"Unload","floor":0},{"not_picked":["Dodge and Roll","Deflect"],"picked":"Tactician","floor":1},{"not_picked":["Slice","Dodge and Roll"],"picked":"Bouncing Flask","floor":2},{"not_picked":["Outmaneuver","Poisoned Stab"],"picked":"Dodge and Roll","floor":3},{"not_picked":["Accuracy","Poisoned Stab"],"picked":"Reflex","floor":4},{"not_picked":["Slice","Dodge and Roll"],"picked":"Terror","floor":5},{"not_picked":["Crippling Poison","Distraction"],"picked":"Caltrops","floor":7},{"not_picked":["After Image","Poisoned Stab"],"picked":"Catalyst","floor":11}],"player_experience":764800,"relics_obtained":[{"floor":9,"key":"Lantern"}],"event_choices":[{"damage_healed":20,"gold_gain":0,"player_choice":"Banana","damage_taken":0,"max_hp_gain":0,"max_hp_loss":0,"event_name":"Big Fish","floor":8,"gold_loss":0}],"is_beta":false,"boss_relics":[],"items_purged_floors":[],"is_endless":false,"potions_floor_spawned":[2,4,5],"killed_by":"3 Sentries","ascension_level":20}