{"gold_per_floor":[115,115,132,132,12,46,46,57,57,57,75,106,123,151,151,151],"floor_reached":16,"playtime":1651,"items_purged":[],"score":127,"play_id":"d1cd2ae9-10c1-451c-afd4-da3f4727390e","local_time":"20190710144722","is_ascension_mode":true,"campfire_choices":[{"floor":7,"key":"REST"},{"floor":10,"key":"REST"},{"floor":15,"key":"REST"}],"neow_cost":"NONE","seed_source_timestamp":705254259792753,"circlet_count":0,"master_deck":["Strike_G","Strike_G","Strike_G","Defend_G","Defend_G","Defend_G","Defend_G","Defend_G","Survivor","Neutralize","Footwork","PiercingWail","Venomology","Leg Sweep","Backflip","Footwork","Masterful Stab","Heel Hook","Skewer","Eviscerate","Deadly Poison"],"relics":["Ring of the Snake","Ninja Scroll","Ginger","Ancient Tea Set","Odd Mushroom"],"potions_floor_usage":[6,8,16,16,16,16],"damage_taken":[{"damage":1,"enemies":"Small Slimes","floor":1,"turns":4},{"damage":4,"enemies":"Cultist","floor":3,"turns":6},{"damage":70,"enemies":"Lagavulin","floor":6,"turns":21},{"damage":0,"enemies":"2 Louse","floor":8,"turns":3},{"damage":0,"enemies":"Lots of Slimes","floor":11,"turns":5},{"damage":19,"enemies":"3 Sentries","floor":12,"turns":13},{"damage":0,"enemies":"Large Slime","floor":13,"turns":6},{"damage":10,"enemies":"The Mushroom Lair","floor":14,"turns":5},{"damage":57,"enemies":"Hexaghost","floor":16,"turns":18}],"seed_played":"391988088047128481","potions_obtained":[{"floor":1,"key":"EssenceOfSteel"},{"floor":3,"key":"Poison Potion"},{"floor":6,"key":"Explosive Potion"},{"floor":12,"key":"Swift Potion"},{"floor":13,"key":"Regen Potion"}],"is_trial":false,"path_per_floor":["M","?","M","?","$","E","R","M","T","R","M","E","M","?","R","B"],"character_chosen":"THE_SILENT","items_purchased":["Leg Sweep","Backflip"],"campfire_rested":3,"item_purchase_floors":[5,5],"current_hp_per_floor":[76,76,72,72,72,2,25,25,25,48,48,29,29,19,42,0],"gold":151,"neow_bonus":"TEN_PERCENT_HP_BONUS","is_prod":false,"is_daily":false,"chose_seed":false,"campfire_upgraded":0,"win_rate":0,"timestamp":1562795242,"path_taken":["M","?","?","?","$","E","R","M","T","R","?","E","M","?","R","BOSS"],"build_version":"2019-07-05","purchased_purges":0,"victory":false,"max_hp_per_floor":[77,77,77,77,77,77,77,77,77,77,77,77,77,77,77,77],"card_choices":[{"not_picked":["Sucker Punch","Bane"],"picked":"Footwork","floor":1},{"not_picked":["Eviscerate","Blade Dance"],"picked":"PiercingWail","floor":3},{"not_picked":["Riddle With Holes","Deflect"],"picked":"Footwork","floor":6},{"not_picked":["Deadly Poison","PiercingWail"],"picked":"Masterful Stab","floor":8},{"not_picked":["Backstab","Dagger Throw"],"picked":"Heel Hook","floor":11},{"not_picked":["Expertise","Setup"],"picked":"Skewer","floor":12},{"not_picked":["Catalyst","Well Laid Plans"],"picked":"Eviscerate","floor":13},{"not_picked":["Blade Dance","Bane"],"picked":"Deadly Poison","floor":14}],"player_experience":191960,"relics_obtained":[{"floor":6,"key":"Ninja Scroll"},{"floor":9,"key":"Ginger"},{"floor":12,"key":"Ancient Tea Set"},{"floor":14,"key":"Odd Mushroom"}],"event_choices":[{"cards_removed":["Strike_G"],"damage_healed":0,"gold_gain":0,"player_choice":"Offered Basic","damage_taken":0,"max_hp_gain":0,"max_hp_loss":0,"event_name":"Bonfire Elementals","floor":2,"gold_loss":0},{"damage_healed":0,"gold_gain":0,"cards_transformed":["Strike_G"],"player_choice":"Transformed","damage_taken":0,"max_hp_gain":0,"max_hp_loss":0,"event_name":"Transmorgrifier","floor":4,"gold_loss":0,"cards_obtained":["Venomology"]},{"damage_healed":0,"gold_gain":0,"player_choice":"Fought Mushrooms","damage_taken":0,"max_hp_gain":0,"max_hp_loss":0,"event_name":"Mushrooms","floor":14,"gold_loss":0}],"is_beta":false,"boss_relics":[],"items_purged_floors":[],"is_endless":false,"potions_floor_spawned":[1,3,6,12,13],"killed_by":"Hexaghost","ascension_level":3}