{"gold_per_floor":[369,544,216,236,136,136,136,209,209,227,250,250,273,291,291,410,410,435,86,101,119,119],"floor_reached":22,"playtime":1052,"items_purged":["Doubt","Normality"],"score":216,"play_id":"ef00776f-68d3-4a70-b65d-3842c48e0cec","local_time":"20190211183958","is_ascension_mode":true,"campfire_choices":[{"floor":12.0,"key":"RECALL"},{"floor":15.0,"key":"REST"}],"neow_cost":"CURSE","seed_source_timestamp":0,"circlet_count":0,"master_deck":["Strike_R","Strike_R","Strike_R","Defend_R","Defend_R","Defend_R","Defend_R","Bash","Shrug It Off","Rampage","Clash","Anger","Brutality","Headbutt","Feed"],"special_seed":0,"relics":["Burning Blood","Bronze Scales","Golden Idol","Empty Cage","HandDrill","Bag of Preparation"],"potions_floor_usage":[22,22],"damage_taken":[{"damage":15.0,"enemies":"2 Louse","floor":1.0,"turns":3.0},{"damage":6.0,"enemies":"Jaw Worm","floor":4.0,"turns":3.0},{"damage":0.0,"enemies":"Lagavulin","floor":6.0,"turns":1.0},{"damage":4.0,"enemies":"Small Slimes","floor":10.0,"turns":3.0},{"damage":10.0,"enemies":"Exordium Wildlife","floor":11.0,"turns":4.0},{"damage":14.0,"enemies":"Large Slime","floor":13.0,"turns":4.0},{"damage":12.0,"enemies":"Lots of Slimes","floor":14.0,"turns":3.0},{"damage":46.0,"enemies":"The Guardian","floor":16.0,"turns":9.0},{"damage":5.0,"enemies":"Spheric Guardian","floor":18.0,"turns":3.0},{"damage":38.0,"enemies":"2 Thieves","floor":20.0,"turns":5.0},{"damage":47.0,"enemies":"Sentry and Sphere","floor":21.0,"turns":6.0},{"damage":18,"enemies":"Snecko","floor":22,"turns":4}],"seed_played":"-1537416878674394262","potions_obtained":[{"floor":1.0,"key":"SmokeBomb"},{"floor":10.0,"key":"GamblersBrew"},{"floor":11.0,"key":"GamblersBrew"},{"floor":13.0,"key":"BloodPotion"},{"floor":16.0,"key":"Fire Potion"},{"floor":18.0,"key":"Poison Potion"}],"is_trial":false,"path_per_floor":["M","?","$","M","$","E","?","?","T","M","M","R","M","M","R","B",null,"M","$","M","M","M"],"character_chosen":"IRONCLAD","items_purchased":["Rampage","Clash","Bronze Scales","HandDrill","Bag of Preparation"],"campfire_rested":1,"item_purchase_floors":[3,3,3,19,19],"current_hp_per_floor":[71,71,71,71,71,77,57,57,57,59,55,55,47,41,65,25,80,80,80,59,21,3],"gold":119,"neow_bonus":"TWO_FIFTY_GOLD","is_prod":false,"is_daily":false,"chose_seed":false,"campfire_upgraded":0,"win_rate":0,"timestamp":1549931998,"path_taken":["M","?","$","M","$","E","?","?","T","M","M","R","?","M","R","BOSS","M","$","M","M","M"],"build_version":"2019-01-23","purchased_purges":2,"victory":false,"max_hp_per_floor":[80,80,80,80,80,80,80,80,80,80,80,80,80,80,80,80,80,80,80,83,86,86],"card_choices":[{"not_picked":["True Grit","Bloodletting"],"picked":"Shrug It Off","floor":1.0},{"not_picked":["Cleave","Feel No Pain","Sword Boomerang"],"picked":"SKIP","floor":4.0},{"not_picked":["Entrench","Blood for Blood"],"picked":"Anger","floor":10.0},{"not_picked":["Body Slam","Perfected Strike","Intimidate"],"picked":"SKIP","floor":11.0},{"not_picked":["Sword Boomerang","Body Slam"],"picked":"Brutality","floor":13.0},{"not_picked":["Cleave","Havoc"],"picked":"Headbutt","floor":14.0},{"not_picked":["Juggernaut","Limit Break"],"picked":"Feed","floor":16.0},{"not_picked":["Anger","Bloodletting+1","Thunderclap"],"picked":"SKIP","floor":18.0},{"not_picked":["Shockwave","Warcry","Thunderclap"],"picked":"SKIP","floor":20.0},{"not_picked":["Entrench+1","Thunderclap","Flex+1"],"picked":"SKIP","floor":21.0}],"player_experience":477400,"relics_obtained":[],"event_choices":[{"damage_healed":0.0,"max_hp_gain":0.0,"max_hp_loss":0.0,"gold_gain":175.0,"event_name":"Liars Game","player_choice":"AGREE","floor":2.0,"gold_loss":0.0,"damage_taken":0.0,"cards_obtained":["Doubt"]},{"damage_healed":0.0,"max_hp_gain":0.0,"max_hp_loss":0.0,"gold_gain":0.0,"event_name":"Golden Idol","player_choice":"Take Damage","floor":7.0,"gold_loss":0.0,"damage_taken":20.0,"relics_obtained":["Golden Idol"]},{"damage_healed":0.0,"max_hp_gain":0.0,"max_hp_loss":0.0,"gold_gain":73.0,"event_name":"Golden Wing","player_choice":"Gained Gold","floor":8.0,"gold_loss":0.0,"damage_taken":0.0}],"is_beta":false,"boss_relics":[{"not_picked":["Orrery","Sozu"],"picked":"Empty Cage"}],"items_purged_floors":[3,5],"is_endless":false,"potions_floor_spawned":[1,10,11,13,16,18],"killed_by":"Snecko","ascension_level":3}