{"gold_per_floor":[113,113,126,126,126,126,157,177,177,177,190,190,209,244,244,244],"floor_reached":16,"playtime":614,"items_purged":[],"score":149,"play_id":"0a0bf595-8cda-44f3-b5cf-fc6cb06eee09","local_time":"20190204141443","is_ascension_mode":true,"campfire_choices":[{"data":"Regret","floor":6,"key":"PURGE"},{"data":"Warcry","floor":10,"key":"PURGE"},{"data":"Defend_R","floor":12,"key":"PURGE"},{"floor":15,"key":"REST"}],"neow_cost":"NONE","seed_source_timestamp":54052151401551,"circlet_count":0,"master_deck":["Strike_R","Strike_R","Strike_R","Strike_R","Defend_R","Defend_R","Defend_R","Bash","Finesse","Headbutt","Headbutt","Clash","Infernal Blade","Anger"],"relics":["Burning Blood","Peace Pipe","Dodecahedron","Letter Opener","Orichalcum"],"potions_floor_usage":[7,16,16],"damage_taken":[{"damage":11,"enemies":"Jaw Worm","floor":1,"turns":4},{"damage":0,"enemies":"Small Slimes","floor":3,"turns":3},{"damage":0,"enemies":"Gremlin Nob","floor":7,"turns":2},{"damage":0,"enemies":"Cultist","floor":8,"turns":3},{"damage":14,"enemies":"Red Slaver","floor":11,"turns":2},{"damage":12,"enemies":"Exordium Wildlife","floor":13,"turns":3},{"damage":36,"enemies":"Lagavulin","floor":14,"turns":7},{"damage":56,"enemies":"The Guardian","floor":16,"turns":12}],"seed_played":"-4541237734156357747","potions_obtained":[{"floor":3,"key":"AttackPotion"},{"floor":8,"key":"BloodPotion"},{"floor":14,"key":"BloodPotion"}],"is_trial":false,"path_per_floor":["M","?","M","$","?","R","E","M","T","R","M","R","M","E","R","B"],"character_chosen":"IRONCLAD","items_purchased":[],"campfire_rested":1,"item_purchase_floors":[],"current_hp_per_floor":[75,75,80,80,80,80,80,80,80,80,72,72,66,36,60,20],"gold":244,"neow_bonus":"RANDOM_COLORLESS","is_prod":false,"is_daily":false,"chose_seed":false,"campfire_upgraded":0,"win_rate":0,"timestamp":1549311283,"path_taken":["M","?","M","$","?","R","E","M","T","R","?","R","M","E","R","BOSS"],"build_version":"2019-01-23","purchased_purges":0,"victory":false,"max_hp_per_floor":[80,80,80,80,80,80,80,80,80,80,80,80,80,80,80,80],"card_choices":[{"not_picked":["Second Wind","Havoc"],"picked":"Headbutt","floor":1},{"not_picked":["Havoc","Perfected Strike"],"picked":"Headbutt","floor":3},{"not_picked":["Iron Wave","Wild Strike"],"picked":"Warcry","floor":7},{"not_picked":["Flex","Havoc"],"picked":"Clash","floor":8},{"not_picked":["Warcry","Barricade","Thunderclap"],"picked":"SKIP","floor":11},{"not_picked":["Perfected Strike","Entrench"],"picked":"Infernal Blade","floor":13},{"not_picked":["Wild Strike","Pummel"],"picked":"Anger","floor":14}],"player_experience":448356,"relics_obtained":[{"floor":7,"key":"Dodecahedron"},{"floor":9,"key":"Letter Opener"},{"floor":14,"key":"Orichalcum"}],"event_choices":[{"damage_healed":0,"gold_gain":0,"player_choice":"Box","damage_taken":0,"relics_obtained":["Peace Pipe"],"max_hp_gain":0,"max_hp_loss":0,"event_name":"Big Fish","floor":2,"gold_loss":0,"cards_obtained":["Regret"]},{"cards_removed":["Strike_R"],"damage_healed":0,"gold_gain":0,"player_choice":"Purged","damage_taken":0,"max_hp_gain":0,"max_hp_loss":0,"event_name":"Purifier","floor":5,"gold_loss":0}],"is_beta":false,"boss_relics":[],"items_purged_floors":[],"is_endless":false,"potions_floor_spawned":[3,8,14],"killed_by":"The Guardian","ascension_level":2}