{"gold_per_floor":[112,112,130,55,65,98,98,98,98,98,53,53,18,18,18,123,173,191,207,36,48,59,93,93,93,118,129,129,129,161,261,261,358,358,375,198,198,211,230,256,307,307,307,322,347,23,23],"floor_reached":47,"playtime":3135,"items_purged":["Defend_B","Dualcast","Strike_B+1"],"score":675,"play_id":"e1ec5860-8195-427c-be2c-39a26190abb4","local_time":"20190326185300","is_ascension_mode":true,"campfire_choices":[{"floor":8,"key":"REST"},{"data":"Auto Shields","floor":10,"key":"SMITH"},{"data":"Conserve Battery","floor":12,"key":"SMITH"},{"data":"Zap","floor":15,"key":"SMITH"},{"data":"Metamorphosis","floor":25,"key":"SMITH"},{"data":"Skim","floor":29,"key":"SMITH"},{"floor":32,"key":"REST"},{"floor":42,"key":"RECALL"}],"neow_cost":"NONE","seed_source_timestamp":151648619918988,"circlet_count":0,"master_deck":["Strike_B+1","Strike_B+1","Defend_B+1","Defend_B+1","Zap+1","Conserve Battery+1","Auto Shields+1","Gash+1","Gash+1","Skim+1","Reboot+1","Gash+1","Hologram+1","Metamorphosis+1","Hologram","Steam+1","Sunder+1","RitualDagger+1","Go for the Eyes+1","Reboot+1","Steam Power+1","Reprogram+1","Parasite","Recycle+1","Steam+1"],"relics":["Cracked Core","NeowsBlessing","Molten Egg 2","Sundial","Tiny House","Pantograph","Pen Nib","Darkstone Periapt","Gambling Chip","Toxic Egg 2","Black Star","Ornamental Fan","Vajra","Peace Pipe","Mercury Hourglass","Centennial Puzzle","Whetstone"],"potions_floor_usage":[16,23,23,30,31,40,47,47],"damage_taken":[{"damage":0,"enemies":"Jaw Worm","floor":1,"turns":1},{"damage":0,"enemies":"2 Louse","floor":3,"turns":1},{"damage":0,"enemies":"Small Slimes","floor":5,"turns":1},{"damage":54,"enemies":"3 Sentries","floor":6,"turns":14},{"damage":2,"enemies":"Hexaghost","floor":16,"turns":6},{"damage":0,"enemies":"Shell Parasite","floor":18,"turns":3},{"damage":0,"enemies":"3 Byrds","floor":19,"turns":4},{"damage":0,"enemies":"Cultist and Chosen","floor":21,"turns":3},{"damage":5,"enemies":"3 Cultists","floor":22,"turns":4},{"damage":25,"enemies":"Gremlin Leader","floor":23,"turns":6},{"damage":0,"enemies":"Centurion and Healer","floor":27,"turns":4},{"damage":20,"enemies":"Book of Stabbing","floor":30,"turns":3},{"damage":0,"enemies":"Colosseum Slavers","floor":31,"turns":2},{"damage":2,"enemies":"Colosseum Nobs","floor":31,"turns":4},{"damage":1,"enemies":"Champ","floor":33,"turns":5},{"damage":6,"enemies":"3 Darklings","floor":35,"turns":4},{"damage":0,"enemies":"Orb Walker","floor":38,"turns":2},{"damage":14,"enemies":"Jaw Worm Horde","floor":39,"turns":4},{"damage":29,"enemies":"Nemesis","floor":40,"turns":6},{"damage":0,"enemies":"2 Orb Walkers","floor":41,"turns":2},{"damage":0,"enemies":"Writhing Mass","floor":44,"turns":5},{"damage":24,"enemies":"Reptomancer","floor":45,"turns":5},{"damage":11,"enemies":"Spire Growth","floor":47,"turns":2}],"seed_played":"-5804244060078602503","potions_obtained":[{"floor":6,"key":"AttackPotion"},{"floor":17,"key":"SpeedPotion"},{"floor":19,"key":"SkillPotion"},{"floor":23,"key":"SpeedPotion"},{"floor":27,"key":"Ancient Potion"},{"floor":39,"key":"FearPotion"},{"floor":41,"key":"FocusPotion"},{"floor":44,"key":"FearPotion"},{"floor":45,"key":"EssenceOfSteel"}],"is_trial":false,"path_per_floor":["M","?","M","$","M","E","?","R","T","R","$","R","$","?","R","B",null,"M","M","$","M","M","E","?","R","T","M","?","R","E","?","R","B",null,"M","$","?","M","M","E","?","R","T","M","E","$","M"],"character_chosen":"DEFECT","items_purchased":["Gash+1","Skim","Metamorphosis","Steam Power+1","Block Potion","SpeedPotion","Recycle+1","Steam+1"],"campfire_rested":2,"item_purchase_floors":[11,13,20,36,46,46,46,46],"current_hp_per_floor":[68,61,61,61,61,7,7,29,29,29,29,29,29,29,29,27,68,68,68,68,68,63,38,32,32,32,32,32,32,12,10,34,58,75,69,69,69,69,55,26,26,26,26,32,8,8,0],"gold":23,"neow_bonus":"THREE_ENEMY_KILL","is_prod":false,"is_daily":false,"chose_seed":false,"campfire_upgraded":5,"win_rate":0,"timestamp":1553644380,"path_taken":["M","?","M","$","M","E","?","R","T","R","?","R","$","?","R","BOSS","M","M","$","M","M","E","?","R","T","M","?","R","E","?","R","BOSS","M","$","?","M","M","E","?","R","T","M","E","?","M"],"build_version":"2019-01-23","purchased_purges":3,"victory":false,"max_hp_per_floor":[75,75,75,75,75,75,75,75,75,75,75,75,75,75,75,75,80,80,80,80,80,80,80,80,80,80,80,80,80,80,80,80,80,80,80,80,80,80,80,80,80,80,80,86,86,86,86],"card_choices":[{"not_picked":["Turbo","Leap"],"picked":"Conserve Battery","floor":1},{"not_picked":["Chill","Defragment"],"picked":"Auto Shields","floor":3},{"not_picked":["Rebound","Beam Cell","Rip and Tear"],"picked":"SKIP","floor":5},{"not_picked":["Self Repair","Rebound"],"picked":"Gash","floor":6},{"not_picked":["Buffer","Biased Cognition"],"picked":"Reboot","floor":16},{"not_picked":["Streamline+1","Barrage+1"],"picked":"Gash+1","floor":17},{"not_picked":["Consume","Cold Snap+1","Gash+1"],"picked":"SKIP","floor":18},{"not_picked":["Conserve Battery","Loop"],"picked":"Hologram+1","floor":19},{"not_picked":["Multi-Cast","Consume"],"picked":"Hologram","floor":21},{"not_picked":["Stack","Sweeping Beam+1"],"picked":"Steam+1","floor":22},{"not_picked":["Blizzard+1","Rip and Tear+1"],"picked":"Sunder+1","floor":23},{"not_picked":["Redo","Cold Snap+1"],"picked":"Go for the Eyes+1","floor":27},{"not_picked":["Force Field+1","Sunder+1","Heatsinks"],"picked":"SKIP","floor":30},{"not_picked":["Buffer","Creative AI"],"picked":"Reboot+1","floor":33},{"not_picked":["Cold Snap+1","Recycle+1"],"picked":"Beam Cell+1","floor":35},{"not_picked":["Sweeping Beam+1","Loop+1"],"picked":"Reprogram+1","floor":38},{"not_picked":["Force Field+1","Hologram+1","Genetic Algorithm+1"],"picked":"SKIP","floor":39},{"not_picked":["Glacier+1","Redo+1","Undo+1"],"picked":"SKIP","floor":40},{"not_picked":["Redo+1","Coolheaded+1","Aggregate+1"],"picked":"SKIP","floor":44},{"not_picked":["Rebound+1","Auto Shields+1","Hello World"],"picked":"SKIP","floor":45}],"player_experience":96432,"relics_obtained":[{"floor":6,"key":"Molten Egg 2"},{"floor":9,"key":"Sundial"},{"floor":23,"key":"Pantograph"},{"floor":26,"key":"Pen Nib"},{"floor":30,"key":"Darkstone Periapt"},{"floor":31,"key":"Gambling Chip"},{"floor":31,"key":"Toxic Egg 2"},{"floor":40,"key":"Ornamental Fan"},{"floor":40,"key":"Vajra"},{"floor":41,"key":"Peace Pipe"},{"floor":43,"key":"Mercury Hourglass"},{"floor":45,"key":"Centennial Puzzle"},{"floor":45,"key":"Whetstone"}],"event_choices":[{"cards_removed":["Strike_B"],"damage_healed":0,"gold_gain":0,"player_choice":"Card Removal","damage_taken":7,"max_hp_gain":0,"max_hp_loss":0,"event_name":"Golden Wing","floor":2,"gold_loss":0},{"damage_healed":0,"gold_gain":0,"player_choice":"Fled","damage_taken":0,"max_hp_gain":0,"max_hp_loss":0,"event_name":"Scrap Ooze","floor":7,"gold_loss":0},{"cards_removed":["Defend_B"],"damage_healed":0,"gold_gain":0,"player_choice":"Forget","damage_taken":0,"max_hp_gain":0,"max_hp_loss":0,"event_name":"Living Wall","floor":14,"gold_loss":0},{"damage_healed":0,"gold_gain":0,"player_choice":"Joined the Cult","damage_taken":6,"max_hp_gain":0,"max_hp_loss":0,"event_name":"Nest","floor":24,"gold_loss":0,"cards_obtained":["RitualDagger"]},{"damage_healed":0,"gold_gain":0,"player_choice":"Simplicity","damage_taken":0,"max_hp_gain":0,"max_hp_loss":0,"event_name":"Back to Basics","floor":28,"gold_loss":0,"cards_upgraded":["Strike_B","Strike_B","Strike_B","Defend_B","Defend_B"]},{"damage_healed":0,"gold_gain":0,"player_choice":"Fight","damage_taken":0,"max_hp_gain":0,"max_hp_loss":0,"event_name":"Colosseum","floor":31,"gold_loss":0},{"damage_healed":0,"gold_gain":0,"player_choice":"Fought Nobs","damage_taken":0,"max_hp_gain":0,"max_hp_loss":0,"event_name":"Colosseum","floor":31,"gold_loss":0},{"cards_removed":["Beam Cell"],"damage_healed":0,"gold_gain":0,"player_choice":"Removed Attack","damage_taken":0,"max_hp_gain":0,"max_hp_loss":0,"event_name":"Falling","floor":37,"gold_loss":0},{"damage_healed":0,"gold_gain":0,"player_choice":"Fight","damage_taken":0,"max_hp_gain":0,"max_hp_loss":0,"event_name":"Mysterious Sphere","floor":41,"gold_loss":0}],"is_beta":false,"boss_relics":[{"not_picked":["Fusion Hammer","White Beast Statue"],"picked":"Tiny House"},{"not_picked":["Astrolabe","Cursed Key"],"picked":"Black Star"}],"items_purged_floors":[4,36,46],"is_endless":false,"potions_floor_spawned":[6,19,23,27,31,39,41,44,45],"killed_by":"Spire Growth","ascension_level":6}