{"gold_per_floor":[111,128,128,128,183,183,183,183,183,42,53,53,28,41,41,41],"floor_reached":16,"playtime":371,"items_purged":[],"score":172,"play_id":"1a767b3c-793a-40ca-9212-eafdec506f1d","local_time":"20190325183023","is_ascension_mode":true,"campfire_choices":[{"floor":6,"key":"REST"},{"data":"Zap","floor":8,"key":"SMITH"},{"data":"Madness","floor":12,"key":"SMITH"},{"floor":15,"key":"REST"}],"neow_cost":"NONE","seed_source_timestamp":422537797200194,"circlet_count":0,"master_deck":["AscendersBane","Strike_B+1","Strike_B","Defend_B","Defend_B","Defend_B","Defend_B","Zap+1","Dualcast","Leap","Cold Snap+1","Madness+1","FTL","Rebound","Echo Form"],"relics":["Empty Cage","Singing Bowl","Whetstone","Meat on the Bone"],"potions_floor_usage":[],"damage_taken":[{"damage":7,"enemies":"2 Louse","floor":1,"turns":4},{"damage":9,"enemies":"Jaw Worm","floor":2,"turns":6},{"damage":2,"enemies":"Small Slimes","floor":11,"turns":4},{"damage":9,"enemies":"Looter","floor":14,"turns":3},{"damage":64,"enemies":"Hexaghost","floor":16,"turns":11}],"seed_played":"-5182461472960287774","potions_obtained":[{"floor":2,"key":"GamblersBrew"}],"is_trial":false,"path_per_floor":["M","M","?","?","T","R","?","R","T","$","M","R","$","M","R","B"],"character_chosen":"DEFECT","items_purchased":["Madness","FTL","Rebound"],"campfire_rested":2,"item_purchase_floors":[10,10,13],"current_hp_per_floor":[57,48,48,43,43,64,64,64,64,64,64,64,64,55,73,9],"gold":41,"neow_bonus":"BOSS_RELIC","is_prod":false,"is_daily":false,"chose_seed":false,"campfire_upgraded":2,"win_rate":0,"timestamp":1553556623,"path_taken":["M","M","?","?","?","R","?","R","T","$","M","R","$","M","R","BOSS"],"build_version":"2019-01-23","purchased_purges":0,"victory":false,"max_hp_per_floor":[71,71,71,71,71,71,71,71,71,71,73,73,73,73,73,73],"card_choices":[{"not_picked":["Steam","Skim"],"picked":"Leap","floor":1},{"not_picked":["Go for the Eyes","Ball Lightning"],"picked":"Cold Snap","floor":2},{"not_picked":["Turbo","Chaos","Sweeping Beam"],"picked":"Singing Bowl","floor":11},{"not_picked":["Conserve Battery","Tempest"],"picked":"Echo Form","floor":14}],"player_experience":837376,"relics_obtained":[{"floor":5,"key":"Whetstone"},{"floor":9,"key":"Meat on the Bone"}],"event_choices":[{"damage_healed":0,"gold_gain":0,"player_choice":"Ignored","damage_taken":0,"max_hp_gain":0,"max_hp_loss":0,"event_name":"Shining Light","floor":3,"gold_loss":0},{"damage_healed":0,"gold_gain":0,"player_choice":"Success","damage_taken":5,"relics_obtained":["Singing Bowl"],"max_hp_gain":0,"max_hp_loss":0,"event_name":"Scrap Ooze","floor":4,"gold_loss":0},{"damage_healed":0,"gold_gain":0,"player_choice":"Ignored","damage_taken":0,"max_hp_gain":0,"max_hp_loss":0,"event_name":"Golden Wing","floor":7,"gold_loss":0}],"is_beta":false,"boss_relics":[],"items_purged_floors":[],"is_endless":false,"potions_floor_spawned":[2],"killed_by":"Hexaghost","ascension_level":19}