{"gold_per_floor":[114,114,114,114,129,160,160,190,190,216,236,236,247,281,281,382,382,401,101,101,101,115,115,150,150,150,161,161,208,220,245,257,368,380,404,435,447,478,501,547,659,671,707,738,769,781,826,838,850,862],"floor_reached":51,"playtime":1402,"items_purged":[],"score":1353,"play_id":"0c394a4a-c2e5-4957-89a2-553b47241e0c","local_time":"20190407221243","is_ascension_mode":true,"campfire_choices":[{"floor":7.0,"key":"RECALL"},{"floor":12.0,"key":"REST"},{"floor":15.0,"key":"REST"},{"floor":23.0,"key":"DIG"},{"floor":25.0,"key":"DIG"},{"floor":28.0,"key":"DIG"},{"floor":30.0,"key":"DIG"},{"floor":32.0,"key":"DIG"},{"floor":42.0,"key":"DIG"},{"floor":46,"key":"DIG"},{"floor":49,"key":"DIG"}],"neow_cost":"NONE","seed_source_timestamp":268403318292058,"circlet_count":0,"master_deck":["Double Tap+1","Dropkick+1","Trip+1","Dropkick+1","Dropkick+1"],"special_seed":0,"relics":["Burning Blood","Seething Fire","Hammer of Thor","Anvil of the Gods","NeowsBlessing","Ornamental Fan","Potion Belt","Calipers","Paper Frog","Gambling Chip","Runic Cube","Shovel","Regal Pillow","Strawberry","Bronze Scales","Kunai","MawBank","Magic Flower","Letter Opener","Anchor","Runic Pyramid","Smiling Mask","Incense Burner","Sundial","Lantern","Prayer Wheel","Shuriken","Ginger","Bottled Flame"],"potions_floor_usage":[],"damage_taken":[{"damage":8.0,"enemies":"2 Louse","floor":1.0,"turns":2.0},{"damage":0.0,"enemies":"Jaw Worm","floor":5.0,"turns":1.0},{"damage":0.0,"enemies":"Gremlin Nob","floor":6.0,"turns":1.0},{"damage":6.0,"enemies":"3 Sentries","floor":8.0,"turns":2.0},{"damage":0.0,"enemies":"Gremlin Nob","floor":10.0,"turns":1.0},{"damage":0.0,"enemies":"Small Slimes","floor":11.0,"turns":1.0},{"damage":0.0,"enemies":"Looter","floor":13.0,"turns":1.0},{"damage":0.0,"enemies":"Lagavulin","floor":14.0,"turns":1.0},{"damage":0.0,"enemies":"The Guardian","floor":16.0,"turns":1.0},{"damage":0.0,"enemies":"Chosen","floor":18.0,"turns":1.0},{"damage":0.0,"enemies":"Shell Parasite","floor":22.0,"turns":1.0},{"damage":0.0,"enemies":"Gremlin Leader","floor":24.0,"turns":1.0},{"damage":0.0,"enemies":"Sentry and Sphere","floor":27.0,"turns":2.0},{"damage":0.0,"enemies":"Book of Stabbing","floor":29.0,"turns":1.0},{"damage":0.0,"enemies":"Centurion and Healer","floor":31.0,"turns":1.0},{"damage":0.0,"enemies":"Collector","floor":33.0,"turns":1.0},{"damage":0.0,"enemies":"3 Darklings","floor":35.0,"turns":1.0},{"damage":0.0,"enemies":"3 Shapes","floor":36.0,"turns":1.0},{"damage":0.0,"enemies":"Spire Growth","floor":38.0,"turns":1.0},{"damage":2.0,"enemies":"Sphere and 2 Shapes","floor":39.0,"turns":1.0},{"damage":0.0,"enemies":"Reptomancer","floor":40.0,"turns":1.0},{"damage":0.0,"enemies":"Mind Bloom Boss Battle","floor":41.0,"turns":1.0},{"damage":0,"enemies":"Transient","floor":44,"turns":2},{"damage":0,"enemies":"Writhing Mass","floor":45,"turns":1},{"damage":0,"enemies":"Giant Head","floor":47,"turns":1},{"damage":14,"enemies":"Donu and Deca","floor":50,"turns":3}],"seed_played":"7630850909033824965","potions_obtained":[{"floor":5.0,"key":"PowerPotion"},{"floor":8.0,"key":"SpeedPotion"},{"floor":10.0,"key":"FearPotion"},{"floor":16.0,"key":"BloodPotion"},{"floor":22.0,"key":"SkillPotion"},{"floor":29.0,"key":"Fire Potion"},{"floor":31.0,"key":"SkillPotion"},{"floor":35.0,"key":"Strength Potion"},{"floor":36.0,"key":"Regen Potion"},{"floor":39.0,"key":"Dexterity Potion"}],"is_trial":false,"path_per_floor":["M","$","?","?","M","E","R","E","T","E","M","R","M","E","R","B",null,"M","$","?","?","M","R","E","R","T","M","R","E","R","M","R","B",null,"M","M","?","M","M","E","?","R","T","M","M","R","E","?","R","B",null],"character_chosen":"IRONCLAD","items_purchased":["Shovel"],"campfire_rested":2,"item_purchase_floors":[19],"current_hp_per_floor":[78,78,78,78,80,80,80,80,80,80,80,80,80,80,80,80,80,80,80,80,80,80,80,87,87,87,87,87,87,87,87,87,87,87,87,87,87,87,87,87,87,87,87,87,87,87,87,87,87,82],"gold":874,"neow_bonus":"THREE_ENEMY_KILL","is_prod":false,"is_daily":false,"chose_seed":false,"campfire_upgraded":0,"win_rate":0,"timestamp":1554693163,"path_taken":["M","$","?","?","M","E","R","E","T","E","M","R","M","E","R","BOSS","M","$","?","?","M","R","E","R","T","M","R","E","R","M","R","BOSS","M","M","?","M","M","E","?","R","T","M","M","R","E","?","R","BOSS"],"build_version":"2019-01-23","purchased_purges":0,"victory":true,"max_hp_per_floor":[80,80,80,80,80,80,80,80,80,80,80,80,80,80,80,80,80,80,80,80,80,80,80,87,87,87,87,87,87,87,87,87,87,87,87,87,87,87,87,87,87,87,87,87,87,87,87,87,87,87],"card_choices":[{"not_picked":["Thunderclap","Rampage","Sword Boomerang"],"picked":"SKIP","floor":1.0},{"not_picked":["Thunderclap","Rampage","Sword Boomerang"],"picked":"SKIP","floor":1.0},{"not_picked":["Thunderclap","Rampage","Sword Boomerang"],"picked":"SKIP","floor":1.0},{"not_picked":["Armaments","Evolve","Power Through"],"picked":"SKIP","floor":5.0},{"not_picked":["Twin Strike","Thunderclap","Perfected Strike"],"picked":"SKIP","floor":6.0},{"not_picked":["Anger","Metallicize","Perfected Strike"],"picked":"SKIP","floor":8.0},{"not_picked":["Heavy Blade","Sever Soul","Second Wind"],"picked":"SKIP","floor":10.0},{"not_picked":["Entrench","Armaments","Rage"],"picked":"SKIP","floor":11.0},{"not_picked":["Carnage","Clash","Power Through"],"picked":"SKIP","floor":13.0},{"not_picked":["Body Slam","Disarm","Barricade"],"picked":"SKIP","floor":14.0},{"not_picked":["Entrench+1","Wild Strike"],"picked":"Dropkick+1","floor":18.0},{"not_picked":["Clothesline+1","Burning Pact","Warcry"],"picked":"SKIP","floor":22.0},{"not_picked":["Entrench+1","Clash+1","Iron Wave"],"picked":"SKIP","floor":24.0},{"not_picked":["Wild Strike+1","Flex","Clothesline+1"],"picked":"SKIP","floor":27.0},{"not_picked":["True Grit+1","Body Slam+1","Cleave+1"],"picked":"SKIP","floor":29.0},{"not_picked":["Wild Strike","Inflame","Feed"],"picked":"SKIP","floor":31.0},{"not_picked":["Seeing Red+1","Flex+1","Pommel Strike+1"],"picked":"SKIP","floor":35.0},{"not_picked":["Armaments","Havoc","Thunderclap+1"],"picked":"SKIP","floor":36.0},{"not_picked":["Wild Strike+1","Uppercut+1","Perfected Strike+1"],"picked":"SKIP","floor":38.0},{"not_picked":["Warcry+1","Armaments+1","Heavy Blade+1"],"picked":"SKIP","floor":39.0},{"not_picked":["Searing Blow","Reaper","Wild Strike"],"picked":"SKIP","floor":40.0},{"not_picked":["Searing Blow+1","Bloodletting+1","True Grit+1"],"picked":"SKIP","floor":44},{"not_picked":["Pummel","Hemokinesis+1","Fire Breathing+1"],"picked":"SKIP","floor":45},{"not_picked":["Iron Wave+1","Offering","True Grit"],"picked":"SKIP","floor":47}],"player_experience":905802,"relics_obtained":[{"floor":6.0,"key":"Ornamental Fan"},{"floor":8.0,"key":"Potion Belt"},{"floor":9.0,"key":"Calipers"},{"floor":10.0,"key":"Paper Frog"},{"floor":14.0,"key":"Gambling Chip"},{"floor":23.0,"key":"Regal Pillow"},{"floor":24.0,"key":"Strawberry"},{"floor":25.0,"key":"Bronze Scales"},{"floor":26.0,"key":"Kunai"},{"floor":28.0,"key":"MawBank"},{"floor":29.0,"key":"Magic Flower"},{"floor":30.0,"key":"Letter Opener"},{"floor":32.0,"key":"Anchor"},{"floor":40.0,"key":"Smiling Mask"},{"floor":41.0,"key":"Incense Burner"},{"floor":42.0,"key":"Sundial"},{"floor":43.0,"key":"Lantern"},{"floor":46,"key":"Prayer Wheel"},{"floor":47,"key":"Shuriken"},{"floor":49,"key":"Bottled Flame"}],"event_choices":[{"cards_removed":["Double Tap"],"damage_healed":0.0,"max_hp_gain":0.0,"max_hp_loss":0.0,"gold_gain":0.0,"event_name":"Living Wall","player_choice":"Forget","floor":3.0,"gold_loss":0.0,"damage_taken":0.0},{"damage_healed":0.0,"max_hp_gain":0.0,"max_hp_loss":0.0,"gold_gain":0.0,"event_name":"Scrap Ooze","player_choice":"Fled","floor":4.0,"gold_loss":0.0,"damage_taken":0.0},{"damage_healed":0.0,"max_hp_gain":0.0,"max_hp_loss":0.0,"gold_gain":0.0,"event_name":"Beggar","player_choice":"Ignored","floor":20.0,"gold_loss":0.0,"damage_taken":0.0},{"damage_healed":0.0,"max_hp_gain":0.0,"max_hp_loss":0.0,"gold_gain":0.0,"event_name":"Cursed Tome","player_choice":"Ignored","floor":21.0,"gold_loss":0.0,"damage_taken":0.0},{"damage_healed":0.0,"max_hp_gain":0.0,"max_hp_loss":0.0,"gold_gain":0.0,"event_name":"SensoryStone","player_choice":"Memory 1","floor":37.0,"gold_loss":0.0,"damage_taken":0.0},{"damage_healed":0.0,"max_hp_gain":0.0,"max_hp_loss":0.0,"gold_gain":0.0,"event_name":"MindBloom","player_choice":"Fight","floor":41.0,"gold_loss":0.0,"damage_taken":0.0},{"damage_healed":0,"gold_gain":0,"player_choice":"Gave Potion","damage_taken":0,"relics_obtained":["Ginger"],"max_hp_gain":0,"max_hp_loss":0,"event_name":"WeMeetAgain","floor":48,"gold_loss":0}],"is_beta":false,"boss_relics":[{"not_picked":["Ectoplasm","Mark of Pain"],"picked":"Runic Cube"},{"not_picked":["Eternal Feather","Coffee Dripper"],"picked":"Runic Pyramid"}],"items_purged_floors":[],"is_endless":false,"potions_floor_spawned":[5,8,10,16,22,29,31,35,36,39,41],"ascension_level":4}