{"path_per_floor":["M","?","M","?","M","R","E","M","T","M","$","R","M","M","R","B",null,"M","M","$","?","M","R","$","?","T","R","$","?","M","$","R"],"character_chosen":"THE_SILENT","items_purchased":["Ice Cream","Happy Flower","Fire Potion","Explosive Potion"],"gold_per_floor":[211,386,400,380,394,394,429,448,520,539,20,20,30,0,0,101,101,120,133,8,8,28,28,28,28,28,28,28,28,41,41,41,41],"floor_reached":33,"campfire_rested":5,"playtime":1748,"current_hp_per_floor":[67,67,63,63,62,62,25,23,23,32,32,53,50,45,66,1,70,60,29,29,29,25,46,46,46,46,67,67,67,8,8,29,29],"items_purged":["Doubt"],"gold":41,"score":245,"play_id":"62d8503d-6709-4588-b918-a742cc87aa7b","local_time":"20180512175625","is_prod":false,"is_daily":false,"chose_seed":false,"is_ascension_mode":false,"campfire_upgraded":1,"timestamp":1526172985,"path_taken":["M","?","?","?","M","R","E","M","T","M","?","R","M","M","R","BOSS","M","?","$","?","M","R","$","?","T","R","?","?","M","?","R","BOSS"],"build_version":"2018-05-10","seed_source_timestamp":0,"purchased_purges":1,"victory":false,"master_deck":["Defend_G","Defend_G","Defend_G","Defend_G","Defend_G","Strike_G","Strike_G","Strike_G","Strike_G","Strike_G","Survivor+1","Neutralize","Outmaneuver","Deadly Poison","Quick Slash","Doppelganger","Footwork+1","Bane","Dagger Spray","Adrenaline"],"max_hp_per_floor":[70,70,70,70,70,70,70,70,70,70,70,70,70,70,70,70,70,70,70,70,70,70,70,70,70,70,70,70,70,70,70,70,70],"relics":["Ring of the Snake","Peace Pipe","Ornamental Fan","Ice Cream","Happy Flower","Snecko Eye","Lantern","Nloth\u0027s Gift"],"card_choices":[{"not_picked":["Flying Knee","Predator"],"picked":"Outmaneuver","floor":5.0},{"not_picked":["Cloak And Dagger","Crippling Poison"],"picked":"Deadly Poison","floor":7},{"not_picked":["Well Laid Plans","Bane"],"picked":"Quick Slash","floor":14},{"not_picked":["Burst","Phantasmal Killer"],"picked":"Doppelganger","floor":16},{"not_picked":["PiercingWail","All Out Attack"],"picked":"Footwork","floor":18},{"not_picked":["All Out Attack","Prepared"],"picked":"Bane","floor":19},{"not_picked":["Dodge and Roll","Underhanded Strike"],"picked":"Dagger Spray","floor":22},{"not_picked":["Dagger Spray","Backflip"],"picked":"Adrenaline","floor":30}],"player_experience":58300,"potions_floor_usage":[8,10,13,16,22,22,30],"damage_taken":[{"damage":3.0,"enemies":"Jaw Worm","floor":1.0,"turns":4.0},{"damage":4.0,"enemies":"2 Louse","floor":3.0,"turns":3.0},{"damage":1.0,"enemies":"Cultist","floor":5.0,"turns":4.0},{"damage":37.0,"enemies":"Gremlin Nob","floor":7.0,"turns":6.0},{"damage":17,"enemies":"Lots of Slimes","floor":8,"turns":7},{"damage":0,"enemies":"3 Louse","floor":10,"turns":5},{"damage":3,"enemies":"Gremlin Gang","floor":13,"turns":6},{"damage":5,"enemies":"Looter","floor":14,"turns":4},{"damage":80,"enemies":"Hexaghost","floor":16,"turns":16},{"damage":10,"enemies":"Shell Parasite","floor":18,"turns":7},{"damage":31,"enemies":"3 Byrds","floor":19,"turns":11},{"damage":4,"enemies":"Snake Plant","floor":22,"turns":6},{"damage":59,"enemies":"3 Cultists","floor":30,"turns":8},{"damage":0,"enemies":"Automaton","floor":33,"turns":2}],"event_choices":[{"event_name":"Liars Game","player_choice":"agreed","floor":2.0,"damage_taken":0.0},{"event_name":"The Woman in Blue","player_choice":"Bought 1 Potion","floor":4.0,"damage_taken":0.0},{"event_name":"Drug Dealer","player_choice":"Ignored","floor":21,"damage_taken":0},{"event_name":"The Mausoleum","player_choice":"Yes","floor":25,"damage_taken":0},{"event_name":"N\u0027loth","player_choice":"Traded a Frozen Egg 2","floor":29,"damage_taken":0}],"boss_relics":[{"not_picked":["Runic Pyramid","Runic Dome"],"picked":"Snecko Eye"}],"potions_floor_spawned":[7,8,10,19,22],"seed_played":"4015284721342416348","killed_by":"Automaton","ascension_level":0,"is_trial":false}