{"gold_per_floor":[116,126,142,157,7,7,7,7,7,7,40,53,69,81,81,176,176,188,188,37,56,72,72,72,72,72,100,100,100,135,38,38,133,133,151,164,164,104,29,29,42,42,42,59,159,177,177,258,258,258],"floor_reached":50,"playtime":2713,"items_purged":["Strike_G"],"score":530,"play_id":"ecf624f3-8d22-4c02-84ef-56196b1124ef","local_time":"20190327141245","is_ascension_mode":true,"campfire_choices":[{"data":"Skewer","floor":6.0,"key":"SMITH"},{"data":"Predator","floor":8.0,"key":"SMITH"},{"data":"Poisoned Stab","floor":10.0,"key":"SMITH"},{"data":"Poisoned Stab","floor":15.0,"key":"SMITH"},{"data":"Corpse Explosion","floor":23.0,"key":"SMITH"},{"data":"Strike_G","floor":25.0,"key":"PURGE"},{"floor":32.0,"key":"REST"},{"floor":40.0,"key":"REST"},{"data":"Night Terror","floor":42.0,"key":"SMITH"},{"floor":47.0,"key":"REST"},{"data":"Regret","floor":49.0,"key":"PURGE"}],"neow_cost":"NONE","seed_source_timestamp":1104799058944807,"circlet_count":0,"master_deck":["Defend_G","Defend_G","Defend_G","Strike_G","Survivor","Neutralize","Predator+1","Backflip","Skewer+1","Flying Knee","Doppelganger","Flying Knee","Poisoned Stab","Poisoned Stab+1","Malaise","Corpse Explosion+1","PiercingWail+1","Expertise","PiercingWail","Dagger Spray","Concentrate","Malaise","Night Terror+1","PiercingWail+1","Backstab","Poisoned Stab","Well Laid Plans+1","Catalyst+1","Footwork","Pain"],"special_seed":0,"relics":["Velvet Choker","The Specimen","Peace Pipe","Cursed Key","Regal Pillow","WingedGreaves","Thread and Needle","Philosopher\u0027s Stone","Tingsha","The Courier"],"potions_floor_usage":[50,50],"damage_taken":[{"damage":0.0,"enemies":"2 Louse","floor":1.0,"turns":4.0},{"damage":6.0,"enemies":"Jaw Worm","floor":2.0,"turns":4.0},{"damage":0.0,"enemies":"Cultist","floor":3.0,"turns":3.0},{"damage":1.0,"enemies":"Blue Slaver","floor":4.0,"turns":2.0},{"damage":10.0,"enemies":"3 Sentries","floor":11.0,"turns":6.0},{"damage":1.0,"enemies":"Red Slaver","floor":12.0,"turns":2.0},{"damage":0.0,"enemies":"2 Fungi Beasts","floor":13.0,"turns":3.0},{"damage":0.0,"enemies":"Exordium Wildlife","floor":14.0,"turns":3.0},{"damage":33.0,"enemies":"The Guardian","floor":16.0,"turns":7.0},{"damage":3.0,"enemies":"2 Thieves","floor":18.0,"turns":3.0},{"damage":3.0,"enemies":"3 Byrds","floor":21.0,"turns":5.0},{"damage":10.0,"enemies":"Sentry and Sphere","floor":22.0,"turns":3.0},{"damage":19.0,"enemies":"Slavers","floor":27.0,"turns":4.0},{"damage":14.0,"enemies":"Book of Stabbing","floor":30.0,"turns":5.0},{"damage":54.0,"enemies":"Automaton","floor":33.0,"turns":12.0},{"damage":15.0,"enemies":"Orb Walker","floor":35.0,"turns":3.0},{"damage":10.0,"enemies":"3 Shapes","floor":36.0,"turns":3.0},{"damage":0.0,"enemies":"3 Darklings","floor":41.0,"turns":3.0},{"damage":12.0,"enemies":"Sphere and 2 Shapes","floor":44.0,"turns":5.0},{"damage":0.0,"enemies":"Mind Bloom Boss Battle","floor":45.0,"turns":5.0},{"damage":31.0,"enemies":"Transient","floor":46.0,"turns":5.0},{"damage":55,"enemies":"Donu and Deca","floor":50,"turns":7}],"seed_played":"-5243889230149126828","potions_obtained":[{"floor":4.0,"key":"GhostInAJar"},{"floor":11.0,"key":"Block Potion"},{"floor":12.0,"key":"EntropicBrew"},{"floor":14.0,"key":"GamblersBrew"},{"floor":18.0,"key":"AttackPotion"},{"floor":30.0,"key":"Strength Potion"},{"floor":36.0,"key":"LiquidBronze"},{"floor":44.0,"key":"Weak Potion"},{"floor":46.0,"key":"Dexterity Potion"}],"is_trial":false,"path_per_floor":["M","M","M","M","$","R","$","R","T","R","E","M","M","M","R","B",null,"M","?","$","M","M","R","?","R","T","E","$","?","E","$","R","B",null,"M","M","?","?","$","R","M","R","T","M","?","M","R","T","R","B"],"character_chosen":"THE_SILENT","items_purchased":["Flying Knee","Energy Potion","Corpse Explosion","Fire Potion","SkillPotion","EssenceOfSteel"],"campfire_rested":3,"item_purchase_floors":[5,5,20,31,31,39],"current_hp_per_floor":[70,64,64,63,63,63,63,63,63,63,53,52,52,52,52,19,70,67,67,67,64,54,54,54,54,54,35,35,35,21,21,57,3,70,55,45,45,45,45,70,70,70,70,58,58,27,63,63,63,8],"gold":258,"neow_bonus":"BOSS_RELIC","is_prod":false,"is_daily":false,"chose_seed":false,"campfire_upgraded":6,"win_rate":0,"timestamp":1553721165,"path_taken":["M","M","M","M","$","R","$","R","T","R","E","M","M","M","R","BOSS","M","?","$","M","M","R","?","R","T","E","$","?","E","?","R","BOSS","M","M","?","?","$","R","?","R","T","M","?","M","R","?","R","BOSS"],"build_version":"2019-01-23","purchased_purges":1,"victory":false,"max_hp_per_floor":[70,70,70,70,70,70,70,70,70,70,70,70,70,70,70,70,70,70,70,70,70,70,70,70,70,70,70,70,70,70,70,70,70,70,70,70,70,70,70,70,70,70,70,70,70,70,70,70,70,70],"card_choices":[{"not_picked":["Dagger Throw","Backflip"],"picked":"Poisoned Stab","floor":1.0},{"not_picked":["Flying Knee","Slice"],"picked":"Predator","floor":2.0},{"not_picked":["Slice","Underhanded Strike"],"picked":"Backflip","floor":3.0},{"not_picked":["Heel Hook","Expertise"],"picked":"Skewer","floor":4.0},{"not_picked":["Dagger Spray","Concentrate"],"picked":"Doppelganger","floor":11.0},{"not_picked":["Dodge and Roll","Slice"],"picked":"Flying Knee","floor":12.0},{"not_picked":["Underhanded Strike","Eviscerate"],"picked":"Poisoned Stab","floor":13.0},{"not_picked":["Backflip","Deadly Poison"],"picked":"Poisoned Stab","floor":14.0},{"not_picked":["Burst","After Image"],"picked":"Malaise","floor":16.0},{"not_picked":["Cloak And Dagger","Prepared+1","Outmaneuver"],"picked":"SKIP","floor":18.0},{"not_picked":["Prepared","Dagger Throw"],"picked":"PiercingWail+1","floor":21.0},{"not_picked":["Bane","Reflex"],"picked":"Expertise","floor":22.0},{"not_picked":["Expertise","Acrobatics"],"picked":"PiercingWail","floor":27.0},{"not_picked":["Tools of the Trade","Infinite Blades"],"picked":"Malaise","floor":30.0},{"not_picked":["Adrenaline","Envenom"],"picked":"Night Terror","floor":33.0},{"not_picked":["Bane+1","Dagger Throw+1","Slice+1"],"picked":"SKIP","floor":35.0},{"not_picked":["Leg Sweep","Backflip+1"],"picked":"PiercingWail+1","floor":36.0},{"not_picked":["Slice+1","Cloak And Dagger+1"],"picked":"Well Laid Plans+1","floor":41.0},{"not_picked":["Slice","Sucker Punch+1"],"picked":"Catalyst+1","floor":44.0},{"not_picked":["Deflect+1","Deadly Poison"],"picked":"Footwork","floor":46.0}],"player_experience":256226,"relics_obtained":[{"floor":9.0,"key":"The Specimen"},{"floor":11.0,"key":"Peace Pipe"},{"floor":27.0,"key":"WingedGreaves"},{"floor":30.0,"key":"Thread and Needle"},{"floor":45.0,"key":"Tingsha"},{"floor":48.0,"key":"The Courier"}],"event_choices":[{"damage_healed":0.0,"max_hp_gain":0.0,"max_hp_loss":0.0,"gold_gain":0.0,"event_name":"Vampires","player_choice":"Ignored","floor":19.0,"gold_loss":0.0,"damage_taken":0.0},{"damage_healed":0.0,"max_hp_gain":0.0,"max_hp_loss":0.0,"gold_gain":0.0,"event_name":"The Mausoleum","player_choice":"Opened","floor":24.0,"gold_loss":0.0,"damage_taken":0.0,"relics_obtained":["Regal Pillow"]},{"damage_healed":0.0,"max_hp_gain":0.0,"max_hp_loss":0.0,"gold_gain":0.0,"cards_transformed":["Defend_G","Defend_G"],"event_name":"Drug Dealer","player_choice":"Became Test Subject","floor":29.0,"gold_loss":0.0,"damage_taken":0.0,"cards_obtained":["Dagger Spray","Concentrate"]},{"cards_removed":["Poisoned Stab"],"damage_healed":0.0,"max_hp_gain":0.0,"max_hp_loss":0.0,"gold_gain":0.0,"event_name":"Falling","player_choice":"Removed Attack","floor":37.0,"gold_loss":0.0,"damage_taken":0.0},{"damage_healed":0.0,"max_hp_gain":0.0,"max_hp_loss":0.0,"gold_gain":0.0,"cards_transformed":["Strike_G","Strike_G"],"event_name":"Designer","player_choice":"Transformed Cards","floor":38.0,"gold_loss":60.0,"damage_taken":0.0,"cards_obtained":["Backstab","Poisoned Stab"]},{"damage_healed":0.0,"max_hp_gain":0.0,"max_hp_loss":0.0,"gold_gain":0.0,"event_name":"MindBloom","player_choice":"Fight","floor":45.0,"gold_loss":0.0,"damage_taken":0.0}],"is_beta":false,"boss_relics":[{"not_picked":["Black Star","Snecko Eye"],"picked":"Cursed Key"},{"not_picked":["HoveringKite","Tiny House"],"picked":"Philosopher\u0027s Stone"}],"items_purged_floors":[5],"is_endless":false,"potions_floor_spawned":[4,11,12,14,18,30,36,44,46],"killed_by":"Donu and Deca","ascension_level":1}