{"gold_per_floor":[112,13,25,100,19,19,49,224,249,284,297,310,310,321,321,421,421,438,438,453,453,472,472],"floor_reached":23,"playtime":798,"items_purged":[],"score":211,"play_id":"f369d1a0-0c15-4961-ae9e-416a71a887d2","local_time":"20190410190849","is_ascension_mode":true,"campfire_choices":[{"data":"Zap","floor":6,"key":"SMITH"},{"floor":13,"key":"REST"},{"floor":15,"key":"REST"}],"neow_cost":"NONE","seed_source_timestamp":45423220274439,"circlet_count":0,"master_deck":["Strike_B","Strike_B","Strike_B","Strike_B","Defend_B","Defend_B","Defend_B","Zap+1","Dualcast","Seek","Melter","Ball Lightning","Go for the Eyes","Coolheaded","Capacitor","Skim","Fission","Rebound","Go for the Eyes","Machine Learning","Hologram+1","Injury","Gash","FTL"],"relics":["Cracked Core","Blue Candle","Juzu Bracelet","Ancient Tea Set","Sozu","MutagenicStrength"],"potions_floor_usage":[16,16],"damage_taken":[{"damage":0,"enemies":"Cultist","floor":1,"turns":3},{"damage":0,"enemies":"Small Slimes","floor":3,"turns":2},{"damage":19,"enemies":"Lagavulin","floor":7,"turns":6},{"damage":24,"enemies":"3 Sentries","floor":10,"turns":7},{"damage":7,"enemies":"2 Louse","floor":11,"turns":2},{"damage":9,"enemies":"Looter","floor":12,"turns":3},{"damage":13,"enemies":"Gremlin Gang","floor":14,"turns":4},{"damage":24,"enemies":"Hexaghost","floor":16,"turns":8},{"damage":0,"enemies":"Spheric Guardian","floor":18,"turns":3},{"damage":29,"enemies":"3 Byrds","floor":20,"turns":5},{"damage":28,"enemies":"Snake Plant","floor":22,"turns":5},{"damage":28,"enemies":"Slavers","floor":23,"turns":1}],"seed_played":"-2065945500011441995","potions_obtained":[{"floor":1,"key":"FearPotion"},{"floor":7,"key":"EssenceOfSteel"}],"is_trial":false,"path_per_floor":["M","$","M","?","$","R","E","?","T","E","M","M","R","M","R","B",null,"M","?","M","?","M","E"],"character_chosen":"DEFECT","items_purchased":["Ball Lightning","Go for the Eyes","Capacitor"],"campfire_rested":2,"item_purchase_floors":[2,2,5],"current_hp_per_floor":[75,75,75,64,64,64,45,45,45,21,14,5,27,14,36,12,75,75,75,46,46,18,0],"gold":472,"neow_bonus":"TRANSFORM_CARD","is_prod":false,"is_daily":false,"chose_seed":false,"campfire_upgraded":1,"win_rate":0,"timestamp":1554941329,"path_taken":["M","$","M","?","$","R","E","?","T","E","M","M","R","M","R","BOSS","M","?","M","?","M","E"],"build_version":"2019-01-23","purchased_purges":0,"victory":false,"max_hp_per_floor":[75,75,75,75,75,75,75,75,75,75,75,75,75,75,75,75,75,75,75,75,75,75,75],"card_choices":[{"not_picked":["Barrage","Compile Driver"],"picked":"Melter","floor":1},{"not_picked":["Sweeping Beam","Hologram"],"picked":"Coolheaded","floor":3},{"not_picked":["Barrage","Ball Lightning"],"picked":"Skim","floor":7},{"not_picked":["Undo","Steam Power"],"picked":"Fission","floor":10},{"not_picked":["Hologram","Reinforced Body"],"picked":"Rebound","floor":11},{"not_picked":["Force Field","Barrage","Stack"],"picked":"SKIP","floor":12},{"not_picked":["Rip and Tear","Skim"],"picked":"Go for the Eyes","floor":14},{"not_picked":["Amplify","Echo Form"],"picked":"Machine Learning","floor":16},{"not_picked":["Rebound","Fusion"],"picked":"Hologram+1","floor":18},{"not_picked":["Sweeping Beam","Turbo"],"picked":"Gash","floor":20},{"not_picked":["Rip and Tear","Loop+1"],"picked":"FTL","floor":22}],"player_experience":145333,"relics_obtained":[{"floor":7,"key":"Blue Candle"},{"floor":9,"key":"Juzu Bracelet"},{"floor":10,"key":"Ancient Tea Set"}],"event_choices":[{"damage_healed":0,"gold_gain":75,"player_choice":"Gather Gold","damage_taken":11,"max_hp_gain":0,"max_hp_loss":0,"event_name":"World of Goop","floor":4,"gold_loss":0},{"damage_healed":0,"gold_gain":175,"player_choice":"AGREE","damage_taken":0,"max_hp_gain":0,"max_hp_loss":0,"event_name":"Liars Game","floor":8,"gold_loss":0,"cards_obtained":["Doubt"]},{"damage_healed":0,"gold_gain":0,"cards_transformed":["Doubt"],"player_choice":"Transformed","damage_taken":0,"max_hp_gain":0,"max_hp_loss":0,"event_name":"Transmorgrifier","floor":19,"gold_loss":0,"cards_obtained":["Injury"]},{"damage_healed":0,"gold_gain":0,"player_choice":"Inject Mutagens","damage_taken":0,"relics_obtained":["MutagenicStrength"],"max_hp_gain":0,"max_hp_loss":0,"event_name":"Drug Dealer","floor":21,"gold_loss":0}],"is_beta":false,"boss_relics":[{"not_picked":["FrozenCore","Lizard Tail"],"picked":"Sozu"}],"items_purged_floors":[],"is_endless":false,"potions_floor_spawned":[1,7,20,22],"killed_by":"Slavers","ascension_level":1}