{"gold_per_floor":[113,1,76,94,104,132,132,132,132,132,152,180,198,198,198,302,302,312,312,412,426,446,446,461,560,560,560,560,594,613,613,613,715,715,730,749,768,768,85,85,103,103],"floor_reached":42,"playtime":2163,"items_purged":["Strike_G","Writhe"],"score":428,"play_id":"2cacf6f8-234e-46a7-9b74-4e9a326b8580","local_time":"20190406174756","is_ascension_mode":false,"campfire_choices":[{"data":"Corpse Explosion","floor":8.0,"key":"SMITH"},{"floor":10.0,"key":"REST"},{"floor":15.0,"key":"REST"},{"floor":23.0,"key":"REST"},{"floor":28.0,"key":"REST"},{"floor":32.0,"key":"REST"},{"floor":40.0,"key":"RECALL"}],"neow_cost":"NONE","seed_source_timestamp":0,"circlet_count":0,"master_deck":["Defend_G","Defend_G","Defend_G","Defend_G","Defend_G+1","Survivor","Neutralize","Slice","Noxious Fumes","All Out Attack","Cloak And Dagger","Corpse Explosion+1","Deflect","Dodge and Roll","Backflip+1","Malaise","Predator","Dagger Spray+1","All Out Attack+1","Burst","Die Die Die+1","Concentrate","Dagger Throw+1","Caltrops+1","Escape Plan+1","Blur","Underhanded Strike+1","Acrobatics"],"special_seed":0,"relics":["Ring of the Snake","NeowsBlessing","Ginger","PreservedInsect","Gambling Chip","Frozen Egg 2","Empty Cage","Centennial Puzzle","Incense Burner","Molten Egg 2","Mercury Hourglass","Bottled Lightning","HoveringKite","Unceasing Top","Question Card"],"potions_floor_usage":[],"damage_taken":[{"damage":0.0,"enemies":"Cultist","floor":1.0,"turns":1.0},{"damage":0.0,"enemies":"2 Louse","floor":4.0,"turns":1.0},{"damage":0.0,"enemies":"Jaw Worm","floor":5.0,"turns":1.0},{"damage":29.0,"enemies":"Lagavulin","floor":6.0,"turns":9.0},{"damage":2.0,"enemies":"Blue Slaver","floor":11.0,"turns":4.0},{"damage":22.0,"enemies":"Gremlin Nob","floor":12.0,"turns":4.0},{"damage":6.0,"enemies":"Large Slime","floor":13.0,"turns":6.0},{"damage":2.0,"enemies":"Hexaghost","floor":16.0,"turns":9.0},{"damage":20.0,"enemies":"3 Byrds","floor":18.0,"turns":3.0},{"damage":18.0,"enemies":"Colosseum Slavers","floor":20.0,"turns":4.0},{"damage":13.0,"enemies":"Colosseum Nobs","floor":20.0,"turns":3.0},{"damage":0.0,"enemies":"Chosen","floor":21.0,"turns":6.0},{"damage":12.0,"enemies":"Snake Plant","floor":22.0,"turns":7.0},{"damage":19.0,"enemies":"Shelled Parasite and Fungi","floor":24.0,"turns":6.0},{"damage":1.0,"enemies":"Book of Stabbing","floor":29.0,"turns":7.0},{"damage":8.0,"enemies":"3 Cultists","floor":30.0,"turns":3.0},{"damage":32.0,"enemies":"Collector","floor":33.0,"turns":8.0},{"damage":4.0,"enemies":"3 Shapes","floor":35.0,"turns":2.0},{"damage":1.0,"enemies":"Orb Walker","floor":36.0,"turns":4.0},{"damage":7.0,"enemies":"Writhing Mass","floor":37.0,"turns":6.0},{"damage":35.0,"enemies":"3 Darklings","floor":41.0,"turns":3.0},{"damage":24,"enemies":"Spire Growth","floor":42,"turns":5}],"seed_played":"6466267264980745092","potions_obtained":[{"floor":4.0,"key":"FearPotion"},{"floor":12.0,"key":"Poison Potion"},{"floor":13.0,"key":"GamblersBrew"},{"floor":18.0,"key":"Poison Potion"},{"floor":22.0,"key":"Explosive Potion"},{"floor":29.0,"key":"Poison Potion"},{"floor":33.0,"key":"EssenceOfSteel"},{"floor":37.0,"key":"GamblersBrew"}],"is_trial":false,"path_per_floor":["M","$","?","M","M","E","?","R","T","R","M","E","M","?","R","B",null,"M","?","?","M","M","R","M","?","T","?","R","E","M","T","R","B",null,"M","M","M","?","$","R","M","M"],"character_chosen":"THE_SILENT","items_purchased":["Noxious Fumes","Unceasing Top","Acrobatics","Question Card"],"campfire_rested":5,"item_purchase_floors":[2,39,39,39],"current_hp_per_floor":[70,70,59,59,59,30,30,30,30,51,49,27,21,7,28,26,70,50,50,19,19,7,28,9,9,9,9,30,29,21,21,42,10,70,66,65,58,58,58,58,23,0],"gold":103,"neow_bonus":"THREE_ENEMY_KILL","is_prod":false,"is_daily":false,"chose_seed":false,"campfire_upgraded":1,"win_rate":0,"timestamp":1554594476,"path_taken":["M","$","?","M","M","E","?","R","T","R","?","E","M","?","R","BOSS","M","?","?","M","M","R","M","?","T","?","R","E","M","?","R","BOSS","M","?","?","?","?","R","M","?"],"build_version":"2019-01-23","purchased_purges":2,"victory":false,"max_hp_per_floor":[70,70,70,70,70,70,70,70,70,70,70,70,70,70,70,70,70,70,70,70,70,70,70,70,70,70,70,70,70,70,70,70,70,70,70,70,70,66,66,66,66,66],"card_choices":[{"not_picked":["Flying Knee","Outmaneuver"],"picked":"Slice","floor":1.0},{"not_picked":["Deflect","Acrobatics"],"picked":"All Out Attack","floor":4.0},{"not_picked":["Acrobatics","Flechettes"],"picked":"Cloak And Dagger","floor":5.0},{"not_picked":["Catalyst","Dagger Spray"],"picked":"Corpse Explosion","floor":6.0},{"not_picked":["Acrobatics","Dagger Spray"],"picked":"Deflect","floor":11.0},{"not_picked":["Bane","Bullet Time"],"picked":"Dodge and Roll","floor":12.0},{"not_picked":["Masterful Stab","Concentrate"],"picked":"Backflip","floor":13.0},{"not_picked":["Bullet Time","Night Terror"],"picked":"Malaise","floor":16.0},{"not_picked":["Deflect","Flechettes"],"picked":"Predator","floor":18.0},{"not_picked":["Cloak And Dagger","Finisher+1"],"picked":"Dagger Spray+1","floor":21.0},{"not_picked":["Outmaneuver","Blade Dance+1"],"picked":"All Out Attack+1","floor":22.0},{"not_picked":["Expertise","Outmaneuver+1"],"picked":"Burst","floor":24.0},{"not_picked":["Riddle With Holes+1","Outmaneuver+1"],"picked":"Dagger Throw+1","floor":29.0},{"not_picked":["Dodge and Roll","Heel Hook+1"],"picked":"Caltrops+1","floor":30.0},{"not_picked":["Poisoned Stab+1","Sucker Punch+1"],"picked":"Escape Plan+1","floor":35.0},{"not_picked":["Blade Dance","Prepared"],"picked":"Blur","floor":36.0},{"not_picked":["Underhanded Strike+1","Sucker Punch+1","Flying Knee+1"],"picked":"SKIP","floor":37.0},{"not_picked":["Sucker Punch+1","Flying Knee+1"],"picked":"Underhanded Strike+1","floor":37.0},{"not_picked":["Dagger Spray+1","Poisoned Stab+1","Terror","Dagger Throw+1"],"picked":"SKIP","floor":41.0}],"player_experience":188669,"relics_obtained":[{"floor":6.0,"key":"Ginger"},{"floor":9.0,"key":"Gambling Chip"},{"floor":12.0,"key":"Frozen Egg 2"},{"floor":20.0,"key":"Incense Burner"},{"floor":20.0,"key":"Molten Egg 2"},{"floor":26.0,"key":"Mercury Hourglass"},{"floor":29.0,"key":"Bottled Lightning"}],"event_choices":[{"damage_healed":0.0,"max_hp_gain":0.0,"max_hp_loss":0.0,"gold_gain":75.0,"event_name":"World of Goop","player_choice":"Gather Gold","floor":3.0,"gold_loss":0.0,"damage_taken":11.0},{"damage_healed":0.0,"max_hp_gain":0.0,"max_hp_loss":0.0,"gold_gain":0.0,"event_name":"WeMeetAgain","player_choice":"Gave Potion","floor":7.0,"gold_loss":0.0,"damage_taken":0.0,"relics_obtained":["PreservedInsect"]},{"damage_healed":0.0,"max_hp_gain":0.0,"max_hp_loss":0.0,"gold_gain":0.0,"event_name":"Shining Light","player_choice":"Entered Light","floor":14.0,"gold_loss":0.0,"damage_taken":14.0,"cards_upgraded":["Backflip","Defend_G"]},{"damage_healed":0.0,"max_hp_gain":0.0,"max_hp_loss":0.0,"gold_gain":0.0,"event_name":"The Mausoleum","player_choice":"Opened","floor":19.0,"gold_loss":0.0,"damage_taken":0.0,"relics_obtained":["Centennial Puzzle"],"cards_obtained":["Writhe"]},{"damage_healed":0.0,"max_hp_gain":0.0,"max_hp_loss":0.0,"gold_gain":0.0,"event_name":"Colosseum","player_choice":"Fight","floor":20.0,"gold_loss":0.0,"damage_taken":0.0},{"damage_healed":0.0,"max_hp_gain":0.0,"max_hp_loss":0.0,"gold_gain":0.0,"event_name":"Colosseum","player_choice":"Fought Nobs","floor":20.0,"gold_loss":0.0,"damage_taken":0.0},{"damage_healed":0.0,"max_hp_gain":0.0,"max_hp_loss":0.0,"gold_gain":99.0,"event_name":"Nest","player_choice":"Stole From Cult","floor":25.0,"gold_loss":0.0,"damage_taken":0.0},{"damage_healed":0.0,"max_hp_gain":0.0,"max_hp_loss":0.0,"gold_gain":0.0,"cards_transformed":["Strike_G","Strike_G"],"event_name":"Drug Dealer","player_choice":"Became Test Subject","floor":27.0,"gold_loss":0.0,"damage_taken":0.0,"cards_obtained":["Die Die Die","Concentrate"]},{"damage_healed":0.0,"max_hp_gain":0.0,"max_hp_loss":4.0,"gold_gain":0.0,"event_name":"Winding Halls","player_choice":"Max HP","floor":38.0,"gold_loss":0.0,"damage_taken":0.0}],"is_beta":false,"boss_relics":[{"not_picked":["WristBlade","Eternal Feather"],"picked":"Empty Cage"},{"not_picked":["Coffee Dripper","Astrolabe"],"picked":"HoveringKite"}],"items_purged_floors":[2,39],"is_endless":false,"potions_floor_spawned":[4,12,13,18,22,29,30,33,37],"killed_by":"Spire Growth","ascension_level":0}