{"path_per_floor":["M","?","M","M","M","R","$","?","T","E","R","M","M","M","R","B",null,"M","?","?","?","M","R","E","?","T","R","M","M","R","?","R","B",null,"M","?","?","M","M"],"character_chosen":"DEFECT","items_purchased":["Capacitor"],"gold_per_floor":[115,115,125,138,154,154,33,33,60,85,85,97,107,124,124,222,222,232,147,147,147,165,165,192,0,24,24,40,51,51,51,51,146,146,166,166,166,185,202,202],"floor_reached":40,"campfire_rested":5,"playtime":1644,"current_hp_per_floor":[72,57,57,56,48,70,70,70,70,54,54,44,31,21,45,24,82,63,63,63,92,54,81,12,12,18,47,34,21,50,50,50,4,98,45,45,45,36,41,0],"items_purged":["Strike_B"],"gold":202,"score":483,"play_id":"0d4397fc-d499-43c3-8e46-aceb1794f314","local_time":"20180430215032","is_prod":false,"is_daily":false,"chose_seed":false,"is_ascension_mode":false,"campfire_upgraded":2,"timestamp":1525117832,"path_taken":["M","?","?","M","M","R","?","?","T","E","R","?","M","M","R","BOSS","M","?","?","?","M","R","E","?","T","R","M","?","R","?","R","BOSS","M","?","?","M","?","E"],"build_version":"2018-04-27v3","seed_source_timestamp":49148549863235,"purchased_purges":1,"victory":false,"master_deck":["Defend_B","Defend_B","Defend_B","Defend_B+1","Zap","Dualcast","White Noise+1","Barrage","Go for the Eyes","Capacitor+1","Beam Cell","Coolheaded","Coolheaded","Rip and Tear","Creative AI+1","Doom and Gloom","Defragment","Writhe","Capacitor+1","Auto Shields+1","Bite","Bite","Bite","Bite","Bite","Creative AI+1","Defragment+1","Nova"],"max_hp_per_floor":[75,75,75,75,75,75,75,75,75,82,82,82,82,82,82,82,82,82,82,82,92,92,92,92,92,98,98,98,98,98,98,98,98,98,98,98,98,98,98,98],"relics":["Cracked Core","Bag of Preparation","Strawberry","Cursed Key","Darkstone Periapt","Anchor","Lizard Tail"],"card_choices":[{"not_picked":["Rebound","Scrape"],"picked":"Loop","floor":1},{"not_picked":["Ball Lightning","Cold Snap"],"picked":"White Noise","floor":3},{"not_picked":["Skim","Axe Kick"],"picked":"Barrage","floor":4},{"not_picked":["Streamline","Hologram"],"picked":"Go for the Eyes","floor":5},{"not_picked":["Steam Power","All For One"],"picked":"Beam Cell","floor":10},{"not_picked":["Skim","Beam Cell"],"picked":"Coolheaded","floor":12},{"not_picked":["Go for the Eyes","Hologram"],"picked":"Coolheaded","floor":13},{"not_picked":["Heatsinks","Skim"],"picked":"Rip and Tear","floor":14},{"not_picked":["Thunder Strike","Meteor Strike"],"picked":"Creative AI","floor":16},{"not_picked":["Steam Power","Loop"],"picked":"Doom and Gloom","floor":22},{"not_picked":["Beam Cell","Sweeping Beam"],"picked":"Defragment","floor":24},{"not_picked":["Static Discharge","Go for the Eyes"],"picked":"Capacitor","floor":28},{"not_picked":["Buffer","Coolheaded"],"picked":"Auto Shields","floor":29},{"not_picked":["Redo","Fusion"],"picked":"Creative AI","floor":33},{"not_picked":["Reinforced Body","Barrage"],"picked":"Defragment","floor":38},{"not_picked":["Sweeping Beam","Hologram"],"picked":"Nova","floor":39}],"player_experience":15917,"potions_floor_usage":[10,12,16,16,16,24,35,40],"damage_taken":[{"damage":3,"enemies":"Small Slimes","floor":1,"turns":3},{"damage":0,"enemies":"2 Louse","floor":3,"turns":3},{"damage":1,"enemies":"Cultist","floor":4,"turns":3},{"damage":8,"enemies":"Red Slaver","floor":5,"turns":3},{"damage":23,"enemies":"3 Sentries","floor":10,"turns":7},{"damage":29,"enemies":"Large Slime","floor":12,"turns":5},{"damage":13,"enemies":"2 Fungi Beasts","floor":13,"turns":4},{"damage":10,"enemies":"Exordium Thugs","floor":14,"turns":5},{"damage":21,"enemies":"Slime Boss","floor":16,"turns":12},{"damage":19,"enemies":"Spheric Guardian","floor":18,"turns":4},{"damage":38,"enemies":"Chosen","floor":22,"turns":6},{"damage":69,"enemies":"Slavers","floor":24,"turns":7},{"damage":15,"enemies":"3 Cultists","floor":28,"turns":6},{"damage":15,"enemies":"Snecko","floor":29,"turns":8},{"damage":62,"enemies":"Automaton","floor":33,"turns":9},{"damage":67,"enemies":"Flame Bruiser 1 Orb","floor":35,"turns":9},{"damage":19,"enemies":"Orb Walker","floor":38,"turns":6},{"damage":58,"enemies":"Spire Growth","floor":39,"turns":6},{"damage":65,"enemies":"2 Orb Walkers","floor":40,"turns":4}],"event_choices":[{"event_name":"Shining Light","player_choice":"Entered Light","floor":2,"damage_taken":0},{"event_name":"Living Wall","player_choice":"Grow","floor":8,"damage_taken":0},{"event_name":"Addict","player_choice":"Obtained Relic","floor":19,"damage_taken":0},{"event_name":"Drug Dealer","player_choice":"Ignored","floor":20,"damage_taken":0},{"event_name":"Bonfire Elementals","player_choice":"RARE","floor":21,"damage_taken":0},{"event_name":"Masked Bandits","player_choice":"Paid Bandits 192 gold","floor":25,"damage_taken":0},{"event_name":"Vampires","player_choice":"Became a vampire (Vial)","floor":31,"damage_taken":0},{"event_name":"Upgrade Shrine","player_choice":"Upgraded","floor":36,"damage_taken":0}],"boss_relics":[{"not_picked":["Velvet Choker","Philosopher\u0027s Stone"],"picked":"Cursed Key"},{"not_picked":["Astrolabe","Snecko Eye"],"picked":"Lizard Tail"}],"potions_floor_spawned":[1,5,10,13,14,22,33,39],"seed_played":"-5316253167160421685","killed_by":"2 Orb Walkers","ascension_level":0,"is_trial":false}