{"gold_per_floor":[110,35,50,50,75,75,144,165,165,165,188,188,213,244,256,392,404,429,441,477,510,522,534,586,598,658,670,190,190,204,204,204,335,335,350,4,23,23,23,23,47,68,68,68,68,93,118,118,118,118],"floor_reached":51,"playtime":2069,"items_purged":["Dualcast","Strike_B","Strike_B"],"score":742,"play_id":"d7a8c81e-e1d8-48c4-8f17-a384daeec374","local_time":"20181109165154","is_ascension_mode":false,"campfire_choices":[{"data":"Defragment","floor":6.0,"key":"SMITH"},{"floor":12.0,"key":"REST"},{"floor":15.0,"key":"REST"},{"floor":23,"key":"REST"},{"floor":27,"key":"REST"},{"floor":29,"key":"REST"},{"data":"Thunder Strike","floor":32,"key":"SMITH"},{"floor":40,"key":"REST"},{"floor":45,"key":"REST"},{"floor":49,"key":"REST"}],"neow_cost":"NONE","seed_source_timestamp":0,"circlet_count":0,"master_deck":["Strike_B","Strike_B+1","Defend_B","Defend_B","Defend_B","Defend_B","Ball Lightning+1","Defragment+1","Capacitor","Ball Lightning","Ball Lightning","Thunder Strike+1","Barrage+1","Conserve Battery","Capacitor","Thunder Strike","Electrodynamics+1","Defragment+1","Conserve Battery","Tempest","Loop+1","Conserve Battery"],"special_seed":0,"relics":["Cracked Core","NeowsBlessing","Golden Idol","FossilizedHelix","Thread and Needle","Smiling Mask","MawBank","Philosopher\u0027s Stone","Whetstone","Ancient Tea Set","TheAbacus","Pear","Sozu","Mercury Hourglass","Frozen Egg 2"],"potions_floor_usage":[24,24,30,33],"damage_taken":[{"damage":0.0,"enemies":"2 Louse","floor":1.0,"turns":1.0},{"damage":0.0,"enemies":"Small Slimes","floor":3.0,"turns":1.0},{"damage":0.0,"enemies":"Cultist","floor":5.0,"turns":1.0},{"damage":14.0,"enemies":"Gremlin Nob","floor":7.0,"turns":3.0},{"damage":30.0,"enemies":"Lots of Slimes","floor":8.0,"turns":4.0},{"damage":0.0,"enemies":"Blue Slaver","floor":11.0,"turns":3.0},{"damage":27.0,"enemies":"Exordium Wildlife","floor":13.0,"turns":4.0},{"damage":0.0,"enemies":"Lagavulin","floor":14.0,"turns":5.0},{"damage":0,"enemies":"The Guardian","floor":16,"turns":8},{"damage":0,"enemies":"Spheric Guardian","floor":18,"turns":3},{"damage":24,"enemies":"3 Byrds","floor":20,"turns":4},{"damage":36,"enemies":"3 Cultists","floor":21,"turns":5},{"damage":23,"enemies":"Gremlin Leader","floor":24,"turns":5},{"damage":0,"enemies":"Chosen and Byrds","floor":30,"turns":4},{"damage":51,"enemies":"Champ","floor":33,"turns":9},{"damage":27,"enemies":"3 Darklings","floor":35,"turns":5},{"damage":1,"enemies":"Orb Walker","floor":37,"turns":4},{"damage":23,"enemies":"Spire Growth","floor":41,"turns":3},{"damage":0,"enemies":"3 Darklings","floor":42,"turns":3},{"damage":0,"enemies":"Sphere and 2 Shapes","floor":46,"turns":2},{"damage":11,"enemies":"Spire Growth","floor":47,"turns":4},{"damage":71,"enemies":"Donu and Deca","floor":50,"turns":6}],"seed_played":"-6988386382217478417","potions_obtained":[{"floor":1.0,"key":"Fire Potion"},{"floor":3.0,"key":"LiquidBronze"},{"floor":13.0,"key":"Block Potion"},{"floor":16,"key":"Ancient Potion"},{"floor":20,"key":"LiquidBronze"},{"floor":21,"key":"FocusPotion"},{"floor":24,"key":"SneckoOil"}],"is_trial":false,"path_per_floor":["M","$","M","?","M","R","?","M","T","?","M","R","M","E","R","B",null,"M","$","M","M","?","R","E","?","T","R","$","R","M","?","R","B",null,"M","$","M","?","?","R","M","M","T","$","R","M","M","?","R","B",null],"character_chosen":"DEFECT","items_purchased":["TheAbacus","Pear","Mercury Hourglass","Conserve Battery"],"campfire_rested":8,"item_purchase_floors":[28,28,36,36],"current_hp_per_floor":[75,75,75,57,57,57,43,13,13,13,13,35,8,8,30,30,75,75,75,51,15,15,37,14,14,14,36,46,71,71,71,71,20,85,58,58,57,57,57,82,59,59,59,59,84,84,73,73,85,14],"gold":118,"neow_bonus":"THREE_ENEMY_KILL","is_prod":false,"is_daily":false,"chose_seed":false,"campfire_upgraded":2,"win_rate":0.0,"timestamp":1541811114,"path_taken":["M","$","M","?","?","R","?","M","T","?","M","R","M","E","R","BOSS","M","$","M","M","?","R","E","?","T","R","?","R","?","?","R","BOSS","M","$","M","?","?","R","M","M","T","$","R","M","?","?","R","BOSS"],"build_version":"2018-11-08","purchased_purges":3,"victory":true,"max_hp_per_floor":[75,75,75,75,75,75,75,75,75,75,75,75,75,75,75,75,75,75,75,75,75,75,75,75,75,75,75,85,85,85,85,85,85,85,85,85,85,85,85,85,85,85,85,85,85,85,85,85,85,85],"card_choices":[{"not_picked":["Skim","Hologram","Sweeping Beam"],"picked":"SKIP","floor":1.0},{"not_picked":["Stack","Redo"],"picked":"Ball Lightning","floor":3.0},{"not_picked":["Force Field","Barrage"],"picked":"Defragment","floor":5.0},{"not_picked":["Consume","Recycle","Leap"],"picked":"SKIP","floor":8.0},{"not_picked":["Streamline","Gash"],"picked":"Capacitor","floor":11.0},{"not_picked":["FTL","Biased Cognition"],"picked":"Ball Lightning","floor":13.0},{"not_picked":["Auto Shields","Loop"],"picked":"Ball Lightning","floor":14.0},{"not_picked":["Fission","Core Surge"],"picked":"Thunder Strike","floor":16},{"not_picked":["BootSequence","Hologram"],"picked":"Barrage+1","floor":18},{"not_picked":["Leap+1","Sweeping Beam","Melter"],"picked":"SKIP","floor":20},{"not_picked":["Recycle","Barrage","Beam Cell"],"picked":"SKIP","floor":21},{"not_picked":["Hello World+1","Rebound"],"picked":"Conserve Battery","floor":24},{"not_picked":["Compile Driver","Rebound"],"picked":"Capacitor","floor":30},{"not_picked":["Machine Learning","Multi-Cast"],"picked":"Electrodynamics","floor":33},{"not_picked":["Reinforced Body+1","Storm+1"],"picked":"Defragment+1","floor":35},{"not_picked":["Beam Cell+1","Barrage"],"picked":"Tempest","floor":37},{"not_picked":["Redo","Blizzard","Chaos+1"],"picked":"SKIP","floor":41},{"not_picked":["White Noise","Aggregate+1","Stack"],"picked":"SKIP","floor":42},{"not_picked":["FTL","Hologram"],"picked":"Loop+1","floor":46},{"not_picked":["Glacier+1","Sweeping Beam"],"picked":"Conserve Battery","floor":47}],"player_experience":107057,"relics_obtained":[{"floor":7.0,"key":"FossilizedHelix"},{"floor":9.0,"key":"Thread and Needle"},{"floor":14.0,"key":"MawBank"},{"floor":24,"key":"Whetstone"},{"floor":26,"key":"Ancient Tea Set"},{"floor":43,"key":"Frozen Egg 2"}],"event_choices":[{"damage_healed":0.0,"max_hp_gain":0.0,"max_hp_loss":0.0,"gold_gain":0.0,"event_name":"Golden Idol","player_choice":"Take Damage","floor":4.0,"gold_loss":0.0,"damage_taken":18.0,"relics_obtained":["Golden Idol"]},{"damage_healed":0.0,"max_hp_gain":0.0,"max_hp_loss":0.0,"gold_gain":0.0,"event_name":"Dead Adventurer","player_choice":"Searched \u00271\u0027 times","floor":7.0,"gold_loss":0.0,"damage_taken":0.0},{"damage_healed":0.0,"max_hp_gain":0.0,"max_hp_loss":0.0,"gold_gain":0.0,"event_name":"WeMeetAgain","player_choice":"Gave Potion","floor":10.0,"gold_loss":0.0,"damage_taken":0.0,"relics_obtained":["Smiling Mask"]},{"cards_removed":["Zap"],"damage_healed":0,"gold_gain":0,"player_choice":"Elegance","damage_taken":0,"max_hp_gain":0,"max_hp_loss":0,"event_name":"Back to Basics","floor":22,"gold_loss":0},{"damage_healed":0,"gold_gain":0,"player_choice":"Ignored","damage_taken":0,"max_hp_gain":0,"max_hp_loss":0,"event_name":"Vampires","floor":25,"gold_loss":0},{"damage_healed":0,"gold_gain":0,"player_choice":"Read","damage_taken":0,"max_hp_gain":0,"max_hp_loss":0,"event_name":"The Library","floor":31,"gold_loss":0,"cards_obtained":["Thunder Strike"]},{"damage_healed":0,"gold_gain":0,"player_choice":"Memory 1","damage_taken":0,"max_hp_gain":0,"max_hp_loss":0,"event_name":"SensoryStone","floor":38,"gold_loss":0},{"damage_healed":0,"gold_gain":0,"player_choice":"Forge","damage_taken":0,"max_hp_gain":0,"max_hp_loss":0,"event_name":"Accursed Blacksmith","floor":39,"gold_loss":0,"cards_upgraded":["Electrodynamics"]},{"damage_healed":0,"gold_gain":0,"player_choice":"Ignored","damage_taken":0,"max_hp_gain":0,"max_hp_loss":0,"event_name":"The Moai Head","floor":48,"gold_loss":0}],"is_beta":false,"boss_relics":[{"not_picked":["Pandora\u0027s Box","Snecko Eye"],"picked":"Philosopher\u0027s Stone"},{"not_picked":["Coffee Dripper","White Beast Statue"],"picked":"Sozu"}],"items_purged_floors":[2,28,36],"is_endless":false,"potions_floor_spawned":[1,3,13,16,20,21,24,41,46],"ascension_level":0}