{"path_per_floor":["M","?","?","M","M","E","M","R","T","?","E","M","$","T","R","B",null,"M","?","$","M","M","R","?"],"character_chosen":"DEFECT","items_purchased":["Kunai","Self Repair"],"gold_per_floor":[113,213,213,233,252,286,300,300,300,300,333,345,9,90,90,187,187,198,198,58,70,90,90,90,90],"floor_reached":25,"campfire_rested":3,"playtime":2176,"item_purchase_floors":[13,20],"current_hp_per_floor":[68,68,68,66,62,26,19,41,41,41,19,19,19,19,41,11,59,37,43,43,40,30,62,56,0],"items_purged":["Strike_B","Writhe"],"gold":90,"score":295,"play_id":"e105b6f0-7f81-4b2e-9de7-495c72a0d664","local_time":"20180620002333","is_prod":false,"is_daily":false,"chose_seed":false,"is_ascension_mode":true,"campfire_upgraded":0,"win_rate":0,"timestamp":1529447013,"campfire_choices":[{"floor":8,"key":"REST"},{"floor":15,"key":"REST"},{"floor":23,"key":"REST"}],"path_taken":["M","?","?","M","M","E","M","R","T","?","E","M","?","?","R","BOSS","M","?","$","?","M","R","?","E"],"build_version":"2018-06-18","seed_source_timestamp":349280609238052,"purchased_purges":2,"circlet_count":0,"victory":false,"master_deck":["Strike_B","Strike_B","Strike_B","Defend_B","Defend_B","Defend_B","Defend_B","Zap","Dualcast","Ball Lightning","Cold Snap","Coolheaded","Capacitor","Redo","Ball Lightning","Gash","Creative AI","Hologram+1","Self Repair","Conserve Battery","FTL","Self Repair","RitualDagger"],"max_hp_per_floor":[75,75,75,75,75,75,75,75,75,75,75,75,75,75,75,75,75,75,81,81,81,81,81,81,81],"relics":["Cracked Core","Lantern","Sundial","Shuriken","Dream Catcher","Kunai","Cables","Eternal Feather","Darkstone Periapt"],"card_choices":[{"not_picked":["Leap","Go for the Eyes"],"picked":"Ball Lightning","floor":1},{"not_picked":["Stack","Barrage"],"picked":"Cold Snap","floor":4},{"not_picked":["Stack","Beam Cell","Turbo"],"picked":"SKIP","floor":5},{"not_picked":["Steam","Amplify"],"picked":"Coolheaded","floor":6},{"not_picked":["Rebound","Blizzard"],"picked":"Capacitor","floor":7},{"not_picked":["Stack","All For One"],"picked":"Redo","floor":11},{"not_picked":["Beam Cell","Sweeping Beam"],"picked":"Ball Lightning","floor":12},{"not_picked":["Stack","Compile Driver"],"picked":"Gash","floor":15},{"not_picked":["Multi-Cast","Reboot"],"picked":"Creative AI","floor":16},{"not_picked":["Doom and Gloom","Redo"],"picked":"Hologram+1","floor":18},{"not_picked":["Sweeping Beam","Doom and Gloom"],"picked":"Conserve Battery","floor":21},{"not_picked":["Coolheaded","Hello World+1"],"picked":"FTL","floor":22},{"not_picked":["Rebound","Capacitor"],"picked":"Self Repair","floor":23}],"player_experience":123229,"potions_floor_usage":[11,22,25,25],"damage_taken":[{"damage":0,"enemies":"Cultist","floor":1,"turns":3},{"damage":2,"enemies":"Small Slimes","floor":4,"turns":3},{"damage":4,"enemies":"Jaw Worm","floor":5,"turns":3},{"damage":36,"enemies":"3 Sentries","floor":6,"turns":9},{"damage":7,"enemies":"2 Fungi Beasts","floor":7,"turns":3},{"damage":22,"enemies":"Lagavulin","floor":11,"turns":6},{"damage":0,"enemies":"Large Slime","floor":12,"turns":5},{"damage":30,"enemies":"Hexaghost","floor":16,"turns":8},{"damage":22,"enemies":"Shell Parasite","floor":18,"turns":9},{"damage":10,"enemies":"Spheric Guardian","floor":21,"turns":6},{"damage":17,"enemies":"Snake Plant","floor":22,"turns":6},{"damage":58,"enemies":"Book of Stabbing","floor":25,"turns":5}],"relics_obtained":[{"floor":6,"key":"Sundial"},{"floor":9,"key":"Shuriken"},{"floor":11,"key":"Dream Catcher"},{"floor":14,"key":"Cables"}],"event_choices":[{"event_name":"Golden Shrine","player_choice":"Pray","floor":2,"damage_taken":0},{"event_name":"Big Fish","player_choice":"Box","floor":3,"damage_taken":0},{"event_name":"Living Wall","player_choice":"Forget","floor":10,"damage_taken":0},{"event_name":"The Mausoleum","player_choice":"Yes","floor":19,"damage_taken":0},{"event_name":"Nest","player_choice":"Joined the Cult","floor":24,"damage_taken":0}],"boss_relics":[{"not_picked":["Orrery","Astrolabe"],"picked":"Eternal Feather"}],"items_purged_floors":[13,20],"is_endless":true,"potions_floor_spawned":[7,11,16,21],"seed_played":"1467421568042534583","killed_by":"Book of Stabbing","ascension_level":8,"potions_obtained":[{"floor":7,"key":"Fire Potion"},{"floor":11,"key":"LiquidBronze"},{"floor":16,"key":"FocusPotion"},{"floor":21,"key":"EssenceOfSteel"}],"is_trial":false}