{"gold_per_floor":[112,112,124,124,144,144,172,172,172,172,207,225,225],"floor_reached":13,"playtime":404,"items_purged":[],"score":155,"play_id":"de4dd520-45f1-4184-ab24-47d92589b358","local_time":"20190331065757","is_ascension_mode":true,"campfire_choices":[{"data":"Go for the Eyes","floor":6.0,"key":"SMITH"},{"floor":8.0,"key":"REST"},{"data":"Zap","floor":10.0,"key":"SMITH"}],"neow_cost":"PERCENT_DAMAGE","seed_source_timestamp":0,"circlet_count":0,"master_deck":["Strike_B","Strike_B","Strike_B","Strike_B","Defend_B","Defend_B","Defend_B","Zap+1","Dualcast","Go for the Eyes+1","Sunder","Ball Lightning","Glacier"],"special_seed":0,"relics":["Cracked Core","Bottled Lightning","Oddly Smooth Stone","Happy Flower"],"potions_floor_usage":[],"damage_taken":[{"damage":2.0,"enemies":"Jaw Worm","floor":1.0,"turns":3.0},{"damage":0.0,"enemies":"2 Louse","floor":3.0,"turns":3.0},{"damage":5.0,"enemies":"Small Slimes","floor":5.0,"turns":4.0},{"damage":35.0,"enemies":"Lagavulin","floor":7.0,"turns":7.0},{"damage":22.0,"enemies":"3 Sentries","floor":11.0,"turns":5.0},{"damage":14,"enemies":"Exordium Thugs","floor":12,"turns":4},{"damage":12,"enemies":"Large Slime","floor":13,"turns":1}],"seed_played":"-4509486346275250814","potions_obtained":[{"floor":1.0,"key":"FocusPotion"},{"floor":7.0,"key":"AttackPotion"},{"floor":12,"key":"GamblersBrew"}],"is_trial":false,"path_per_floor":["M","?","M","?","M","R","E","R","T","R","E","M","M"],"character_chosen":"DEFECT","items_purchased":[],"campfire_rested":1,"item_purchase_floors":[],"current_hp_per_floor":[62,55,55,60,55,55,20,48,48,48,26,12,0],"gold":225,"neow_bonus":"TWENTY_PERCENT_HP_BONUS","is_prod":false,"is_daily":false,"chose_seed":false,"campfire_upgraded":2,"win_rate":0,"timestamp":1554033477,"path_taken":["M","?","M","?","M","R","E","R","T","R","E","M","M"],"build_version":"2019-01-23","purchased_purges":0,"victory":false,"max_hp_per_floor":[89,89,89,94,94,94,94,94,94,94,94,94,94],"card_choices":[{"not_picked":["Scrape","Beam Cell","Consume"],"picked":"SKIP","floor":1.0},{"not_picked":["Beam Cell","Melter"],"picked":"Go for the Eyes","floor":3.0},{"not_picked":["Blizzard","Leap"],"picked":"Sunder","floor":5.0},{"not_picked":["Beam Cell","Coolheaded"],"picked":"Ball Lightning","floor":7.0},{"not_picked":["Tempest","Sunder"],"picked":"Glacier","floor":11},{"not_picked":["Reinforced Body","Double Energy","Genetic Algorithm"],"picked":"SKIP","floor":12}],"player_experience":188912,"relics_obtained":[{"floor":7.0,"key":"Bottled Lightning"},{"floor":9.0,"key":"Oddly Smooth Stone"},{"floor":11,"key":"Happy Flower"}],"event_choices":[{"cards_removed":["Defend_B"],"damage_healed":0.0,"max_hp_gain":0.0,"max_hp_loss":0.0,"gold_gain":0.0,"event_name":"Golden Wing","player_choice":"Card Removal","floor":2.0,"gold_loss":0.0,"damage_taken":7.0},{"damage_healed":0.0,"max_hp_gain":5.0,"max_hp_loss":0.0,"gold_gain":0.0,"event_name":"Big Fish","player_choice":"Donut","floor":4.0,"gold_loss":0.0,"damage_taken":0.0}],"is_beta":false,"boss_relics":[],"items_purged_floors":[],"is_endless":false,"potions_floor_spawned":[1,7,12],"killed_by":"Large Slime","ascension_level":8}