{"path_per_floor":["M","$","M","M","?","R","E","R","T","M","M","M","?","M","R","B",null,"M","?","T","M","T","E","R","$","T","$","E","M","?","M","R"],"character_chosen":"THE_SILENT","items_purchased":["Noxious Fumes","After Image","Blood Vial"],"gold_per_floor":[118,5,21,35,35,35,69,69,126,139,150,167,167,186,186,291,291,309,259,259,199,276,306,306,45,45,45,78,94,94,113,113],"floor_reached":33,"campfire_rested":4,"playtime":1950,"current_hp_per_floor":[65,65,65,65,65,65,32,53,53,45,45,36,36,16,37,7,70,59,59,59,54,54,30,59,59,59,59,27,28,28,9,40],"items_purged":["Strike_G","Strike_G"],"gold":113,"score":311,"play_id":"12fe2d08-c8b4-4e83-a555-1eff406efeda","is_prod":false,"is_daily":false,"is_ascension_mode":false,"campfire_upgraded":1,"path_taken":["M","$","M","M","?","R","E","R","T","M","M","M","?","M","R","BOSS","M","?","?","?","?","E","R","?","T","$","E","M","?","?","R","BOSS"],"build_version":"2018-02-12-PROD1","purchased_purges":2,"victory":false,"master_deck":["Defend_G","Defend_G","Defend_G","Defend_G","Defend_G","Survivor","Neutralize","Infinite Blades+1","Blade Dance","Noxious Fumes","A Thousand Cuts","Leg Sweep","Poisoned Stab","Escape Plan","Envenom","Outmaneuver+1","Catalyst","Calculated Gamble","After Image","Poisoned Stab","Bite","Bite","Bite","Bite","Bite","Noxious Fumes+1"],"max_hp_per_floor":[70,70,70,70,70,70,70,70,70,70,70,70,70,70,70,70,70,70,70,70,70,70,70,70,70,70,70,70,70,70,70,70],"relics":["Ring of the Snake","Omamori","Tiny Chest","Eternal Feather","Thread and Needle","Smiling Mask","Pen Nib","Tingsha","Torii"],"card_choices":[{"not_picked":["Reflex","Slice"],"picked":"Infinite Blades"},{"not_picked":["Acrobatics","Dagger Spray"],"picked":"Blade Dance"},{"not_picked":["Predator","Masterful Stab"],"picked":"A Thousand Cuts"},{"not_picked":["Eviscerate","Doppelganger"],"picked":"Leg Sweep"},{"not_picked":["Acrobatics","Dagger Throw"],"picked":"Poisoned Stab"},{"not_picked":["Skewer","Blade Dance"],"picked":"Escape Plan"},{"not_picked":["Die Die Die","Venomology"],"picked":"Envenom"},{"not_picked":["Dodge and Roll","Deflect"],"picked":"Outmaneuver"},{"not_picked":["Deflect","Outmaneuver"],"picked":"Catalyst"},{"not_picked":["Prepared","Quick Slash"],"picked":"Calculated Gamble"},{"not_picked":["Bouncing Flask","PiercingWail"],"picked":"Poisoned Stab"},{"not_picked":["Dash","Deflect"],"picked":"Noxious Fumes"}],"player_experience":83114,"potions_floor_usage":[7,10,16,18,29,31,33],"damage_taken":[{"damage":5,"enemies":"2 Louse","floor":1,"turns":3},{"damage":0,"enemies":"Cultist","floor":3,"turns":4},{"damage":0,"enemies":"Blue Slaver","floor":4,"turns":5},{"damage":33,"enemies":"Gremlin Nob","floor":7,"turns":6},{"damage":8,"enemies":"2 Fungi Beasts","floor":10,"turns":5},{"damage":0,"enemies":"Large Slime","floor":11,"turns":6},{"damage":9,"enemies":"Gremlin Gang","floor":12,"turns":4},{"damage":20,"enemies":"Exordium Wildlife","floor":14,"turns":5},{"damage":30,"enemies":"Slime Boss","floor":16,"turns":10},{"damage":11,"enemies":"Shell Parasite","floor":18,"turns":8},{"damage":5,"enemies":"2 Thieves","floor":21,"turns":4},{"damage":24,"enemies":"Book of Stabbing","floor":23,"turns":8},{"damage":34,"enemies":"Gremlin Leader","floor":28,"turns":9},{"damage":1,"enemies":"Sentry and Sphere","floor":29,"turns":8},{"damage":29,"enemies":"Cultist and Chosen","floor":31,"turns":8},{"damage":51,"enemies":"Automaton","floor":33,"turns":6}],"event_choices":[{"event_name":"The Lab","player_choice":"Got Potions","floor":5,"damage_taken":0},{"event_name":"Living Wall","player_choice":"Forget","floor":13,"damage_taken":0},{"event_name":"The Joust","player_choice":"Bet on Owner","floor":19,"damage_taken":0},{"event_name":"Vampires","player_choice":"Became a vampire (Vial)","floor":30,"damage_taken":0}],"boss_relics":[{"not_picked":["Astrolabe","Ectoplasm"],"picked":"Eternal Feather"}],"potions_floor_spawned":[1,3,11,16,23,29,31],"seed_played":"2091935040492097792","killed_by":"Automaton","ascension_level":0,"is_trial":false}