{"gold_per_floor":[361,375,425,435,453,453,418,430,455,455],"floor_reached":10,"playtime":266,"items_purged":[],"score":66,"play_id":"31509169-67e8-4d76-9f36-bc87465d0dd9","local_time":"20181105004423","is_ascension_mode":true,"campfire_choices":[{"data":"Heavy Blade","floor":6,"key":"SMITH"}],"neow_cost":"PERCENT_DAMAGE","seed_source_timestamp":254013247777200,"circlet_count":0,"master_deck":["Strike_R","Strike_R","Strike_R","Strike_R","Strike_R","Defend_R","Defend_R","Defend_R","Defend_R","Bash","Twin Strike","Heavy Blade+1","Anger","Cleave"],"relics":["Burning Blood","Art of War"],"potions_floor_usage":[],"damage_taken":[{"damage":16,"enemies":"Small Slimes","floor":1,"turns":4},{"damage":3,"enemies":"2 Louse","floor":2,"turns":3},{"damage":1,"enemies":"Cultist","floor":4,"turns":3},{"damage":8,"enemies":"3 Louse","floor":5,"turns":4},{"damage":22,"enemies":"Looter","floor":8,"turns":3},{"damage":0,"enemies":"Red Slaver","floor":10,"turns":1}],"seed_played":"-8198519725218093400","potions_obtained":[{"floor":5,"key":"Fire Potion"},{"floor":8,"key":"Poison Potion"}],"is_trial":false,"path_per_floor":["M","M","?","M","M","R","?","M","T","M"],"character_chosen":"IRONCLAD","items_purchased":[],"campfire_rested":0,"item_purchase_floors":[],"current_hp_per_floor":[46,49,49,54,52,52,72,56,56,56],"gold":455,"neow_bonus":"TWO_FIFTY_GOLD","is_prod":false,"is_daily":false,"chose_seed":false,"campfire_upgraded":1,"win_rate":0,"timestamp":1541400263,"path_taken":["M","M","?","M","M","R","?","M","T","M"],"build_version":"2018-11-01","purchased_purges":0,"victory":false,"max_hp_per_floor":[80,80,80,80,80,80,80,80,80,80],"card_choices":[{"not_picked":["Clothesline","Carnage"],"picked":"Twin Strike","floor":1},{"not_picked":["Bloodletting","Blood for Blood"],"picked":"Heavy Blade","floor":2},{"not_picked":["Fire Breathing","Thunderclap"],"picked":"Anger","floor":4},{"not_picked":["Thunderclap","Shockwave"],"picked":"Cleave","floor":5}],"player_experience":276193,"relics_obtained":[{"floor":9,"key":"Art of War"}],"event_choices":[{"damage_healed":0,"gold_gain":50,"player_choice":"Gained Gold","damage_taken":0,"max_hp_gain":0,"max_hp_loss":0,"event_name":"Golden Wing","floor":3,"gold_loss":0},{"damage_healed":20,"gold_gain":0,"player_choice":"Healed","damage_taken":0,"max_hp_gain":0,"max_hp_loss":0,"event_name":"The Cleric","floor":7,"gold_loss":35}],"is_beta":false,"boss_relics":[],"items_purged_floors":[],"is_endless":false,"potions_floor_spawned":[5,8],"killed_by":"Red Slaver","ascension_level":2}