{"path_per_floor":["M","?","$","?","?","R","E","R","T","M","M","M","M","M","R","B",null,"M","M","?","?","?","R"],"character_chosen":"IRONCLAD","items_purchased":[],"gold_per_floor":[112,112,37,0,0,0,33,33,33,46,63,80,94,109,109,204,204,216,233,148,148,148,148],"floor_reached":24,"campfire_rested":3,"playtime":731,"current_hp_per_floor":[80,73,73,73,73,73,35,59,59,65,61,47,44,40,64,25,80,66,30,30,30,56,80],"items_purged":["Defend_R"],"gold":148,"score":196,"play_id":"92e701fe-0474-4640-ba8b-46316b07fe8b","is_prod":false,"is_daily":false,"is_ascension_mode":false,"campfire_upgraded":1,"path_taken":["M","?","$","?","?","R","E","R","T","M","M","M","?","M","R","BOSS","M","M","?","?","?","R","E"],"build_version":"2018-02-15-PROD1","purchased_purges":1,"victory":false,"master_deck":["Strike_R","Strike_R","Strike_R","Strike_R","Strike_R","Defend_R","Defend_R","Bash+1","Twin Strike","Rampage+1","Sword Boomerang","Flex","Demon Form","Twin Strike","Dual Wield"],"max_hp_per_floor":[80,80,80,80,80,80,80,80,80,80,80,80,80,80,80,80,80,80,80,80,80,80,80],"relics":["Burning Blood","Dream Catcher","Peace Pipe","Champion Belt","Mummified Hand"],"card_choices":[{"not_picked":["Fire Breathing","Warcry"],"picked":"Twin Strike"},{"not_picked":["Burning Pact","True Grit"],"picked":"Rampage"},{"not_picked":["Intimidate","Pommel Strike"],"picked":"Sword Boomerang"},{"not_picked":["True Grit","Fiend Fire"],"picked":"Flex"},{"not_picked":["Juggernaut","Double Tap"],"picked":"Demon Form"},{"not_picked":["Searing Blow","Demon Form"],"picked":"Twin Strike"},{"not_picked":["Second Wind","Spot Weakness"],"picked":"Dual Wield"}],"player_experience":21692,"potions_floor_usage":[16,16,18,19],"damage_taken":[{"damage":6,"enemies":"Jaw Worm","floor":1,"turns":3},{"damage":44,"enemies":"Lagavulin","floor":7,"turns":6},{"damage":0,"enemies":"2 Louse","floor":10,"turns":2},{"damage":10,"enemies":"Small Slimes","floor":11,"turns":2},{"damage":20,"enemies":"Exordium Thugs","floor":12,"turns":3},{"damage":9,"enemies":"Blue Slaver","floor":13,"turns":2},{"damage":10,"enemies":"Looter","floor":14,"turns":2},{"damage":45,"enemies":"The Guardian","floor":16,"turns":8},{"damage":20,"enemies":"Spheric Guardian","floor":18,"turns":4},{"damage":42,"enemies":"Shell Parasite","floor":19,"turns":5},{"damage":90,"enemies":"Gremlin Leader","floor":24,"turns":4}],"event_choices":[{"event_name":"Golden Wing","player_choice":"Card Removal","floor":2,"damage_taken":0},{"event_name":"World of Goop","player_choice":"Left","floor":4,"damage_taken":0},{"event_name":"The Cleric","player_choice":"Leave","floor":5,"damage_taken":0},{"event_name":"Addict","player_choice":"Obtained Relic","floor":20,"damage_taken":0},{"event_name":"Upgrade Shrine","player_choice":"Upgraded","floor":21,"damage_taken":0},{"event_name":"The Library","player_choice":"Heal","floor":22,"damage_taken":0}],"boss_relics":[{"not_picked":["Ectoplasm","Philosopher\u0027s Stone","Sozu"]}],"potions_floor_spawned":[1,12,13,18],"seed_played":"-8685628042937484325","killed_by":"Gremlin Leader","ascension_level":0,"is_trial":false}