{"gold_per_floor":[111,121,134,149,99,99,109,120,120,133,133,133,144,157,157,258,258,274,274,274,297,316,316,328,328],"floor_reached":25,"playtime":1106,"items_purged":[],"score":199,"play_id":"1054beb5-c4cc-4252-8523-4cd071a93026","local_time":"20190404213259","is_ascension_mode":false,"campfire_choices":[{"data":"Blade Dance","floor":6,"key":"SMITH"},{"data":"Neutralize","floor":11,"key":"SMITH"},{"floor":15,"key":"REST"},{"data":"Calculated Gamble","floor":23,"key":"SMITH"}],"neow_cost":"NONE","seed_source_timestamp":805641746995609,"circlet_count":0,"master_deck":["Defend_G","Defend_G","Defend_G","Defend_G","Defend_G","Strike_G","Strike_G","Strike_G","Survivor","Neutralize+1","Blade Dance+1","Dodge and Roll","Choke","Deadly Poison","Quick Slash","Well Laid Plans","Backflip","Deflect","Strike_R","Dash","Calculated Gamble+1","Burst","Deflect","Flying Knee+1","Slice+1"],"relics":["Ring of the Snake","Mercury Hourglass","Runic Pyramid","Smiling Mask"],"potions_floor_usage":[16,16,24,25],"damage_taken":[{"damage":2,"enemies":"Small Slimes","floor":1,"turns":4},{"damage":0,"enemies":"2 Louse","floor":2,"turns":4},{"damage":0,"enemies":"Cultist","floor":3,"turns":4},{"damage":28,"enemies":"Exordium Thugs","floor":4,"turns":7},{"damage":5,"enemies":"Large Slime","floor":7,"turns":5},{"damage":3,"enemies":"Blue Slaver","floor":8,"turns":4},{"damage":11,"enemies":"3 Louse","floor":10,"turns":3},{"damage":4,"enemies":"Exordium Thugs","floor":13,"turns":5},{"damage":1,"enemies":"2 Fungi Beasts","floor":14,"turns":3},{"damage":17,"enemies":"Hexaghost","floor":16,"turns":10},{"damage":23,"enemies":"Spheric Guardian","floor":18,"turns":7},{"damage":6,"enemies":"3 Byrds","floor":22,"turns":5},{"damage":26,"enemies":"Snecko","floor":24,"turns":8},{"damage":5,"enemies":"Colosseum Slavers","floor":25,"turns":1}],"seed_played":"8650038516285139990","potions_obtained":[{"floor":3,"key":"Weak Potion"},{"floor":7,"key":"GamblersBrew"},{"floor":13,"key":"Strength Potion"},{"floor":14,"key":"PowerPotion"},{"floor":24,"key":"SpeedPotion"}],"is_trial":false,"path_per_floor":["M","M","M","M","?","R","M","M","T","M","R","?","M","M","R","B",null,"M","?","?","T","M","R","M","?"],"character_chosen":"THE_SILENT","items_purchased":[],"campfire_rested":1,"item_purchase_floors":[],"current_hp_per_floor":[68,68,68,40,40,40,35,32,32,21,21,21,17,16,37,20,70,47,47,34,34,28,28,2,0],"gold":328,"neow_bonus":"THREE_CARDS","is_prod":false,"is_daily":false,"chose_seed":false,"campfire_upgraded":3,"win_rate":0,"timestamp":1554435179,"path_taken":["M","M","M","M","?","R","M","M","T","M","R","?","?","M","R","BOSS","M","?","?","?","M","R","M","?"],"build_version":"2019-01-23","purchased_purges":0,"victory":false,"max_hp_per_floor":[70,70,70,70,70,70,70,70,70,70,70,70,70,70,70,70,70,70,70,75,75,75,75,75,75],"card_choices":[{"not_picked":["Concentrate","Tactician"],"picked":"Blade Dance","floor":0},{"not_picked":["Masterful Stab","Calculated Gamble"],"picked":"Dodge and Roll","floor":1},{"not_picked":["Tactician","Dagger Throw"],"picked":"Choke","floor":2},{"not_picked":["Quick Slash","Bane"],"picked":"Deadly Poison","floor":3},{"not_picked":["Deadly Poison","Masterful Stab"],"picked":"Quick Slash","floor":4},{"not_picked":["All Out Attack","Quick Slash"],"picked":"Well Laid Plans","floor":7},{"not_picked":["Bane","Acrobatics"],"picked":"Backflip","floor":8},{"not_picked":["Acrobatics","Outmaneuver"],"picked":"Deflect","floor":10},{"not_picked":["Masterful Stab","Flechettes"],"picked":"Dash","floor":13},{"not_picked":["Masterful Stab","Prepared"],"picked":"Calculated Gamble","floor":14},{"not_picked":["Venomology","Die Die Die"],"picked":"Burst","floor":16},{"not_picked":["Bouncing Flask","Cloak And Dagger+1"],"picked":"Deflect","floor":18},{"not_picked":["Acrobatics","Dagger Throw"],"picked":"Flying Knee+1","floor":22},{"not_picked":["Quick Slash","Dodge and Roll"],"picked":"Slice+1","floor":24}],"player_experience":174972,"relics_obtained":[{"floor":9,"key":"Mercury Hourglass"},{"floor":21,"key":"Smiling Mask"}],"event_choices":[{"cards_removed":["Strike_G"],"damage_healed":0,"gold_gain":0,"player_choice":"Card Removal","damage_taken":0,"max_hp_gain":0,"max_hp_loss":0,"event_name":"The Cleric","floor":5,"gold_loss":50},{"cards_removed":["Strike_G"],"damage_healed":0,"gold_gain":0,"player_choice":"Took Card","damage_taken":0,"max_hp_gain":0,"max_hp_loss":0,"event_name":"NoteForYourself","floor":12,"gold_loss":0,"cards_obtained":["Strike_R"]},{"damage_healed":0,"gold_gain":0,"player_choice":"Ignored","damage_taken":0,"max_hp_gain":0,"max_hp_loss":0,"event_name":"Vampires","floor":19,"gold_loss":0},{"damage_healed":0,"gold_gain":0,"player_choice":"Shed Blood","damage_taken":18,"max_hp_gain":5,"max_hp_loss":0,"event_name":"Forgotten Altar","floor":20,"gold_loss":0},{"damage_healed":0,"gold_gain":0,"player_choice":"Fight","damage_taken":0,"max_hp_gain":0,"max_hp_loss":0,"event_name":"Colosseum","floor":25,"gold_loss":0}],"is_beta":false,"boss_relics":[{"not_picked":["Fusion Hammer","Philosopher\u0027s Stone"],"picked":"Runic Pyramid"}],"items_purged_floors":[],"is_endless":false,"potions_floor_spawned":[3,7,13,14,24],"killed_by":"Colosseum Slavers","ascension_level":0}