{"gold_per_floor":[110,110,185,203,213,241,241,316,343,357,369,34,61,78,78,177,177,192,117,117,107,25,25,25,44,91,91,102,113,113,113,113,113],"floor_reached":33,"playtime":1983,"items_purged":["Defend_B"],"score":362,"play_id":"794a94e8-d70c-4282-be64-d8efc87fecc6","local_time":"20190327143505","is_ascension_mode":true,"campfire_choices":[{"floor":7,"key":"REST"},{"data":"Dualcast","floor":15,"key":"SMITH"},{"floor":23,"key":"REST"},{"floor":27,"key":"REST"},{"floor":32,"key":"REST"}],"neow_cost":"TEN_PERCENT_HP_LOSS","seed_source_timestamp":223725737555977,"circlet_count":0,"master_deck":["Strike_B","Strike_B","Defend_B","Defend_B","Defend_B","Zap","Dualcast+1","Core Surge","Go for the Eyes","Ball Lightning","FTL","Hologram","Buffer","Leap","FTL","Reinforced Body+1","Echo Form","White Noise+1","Force Field+1","Conserve Battery+1"],"relics":["Cracked Core","Ancient Tea Set","Strawberry","Toxic Egg 2","Mango","Eternal Feather","Juzu Bracelet","Bronze Scales"],"potions_floor_usage":[6,13,16,16,24,28,31],"damage_taken":[{"damage":3,"enemies":"2 Louse","floor":1,"turns":2},{"damage":1,"enemies":"Cultist","floor":4,"turns":3},{"damage":4,"enemies":"Jaw Worm","floor":5,"turns":2},{"damage":20,"enemies":"Lagavulin","floor":6,"turns":5},{"damage":0,"enemies":"2 Fungi Beasts","floor":10,"turns":2},{"damage":7,"enemies":"3 Louse","floor":11,"turns":2},{"damage":8,"enemies":"3 Sentries","floor":13,"turns":4},{"damage":0,"enemies":"Looter","floor":14,"turns":3},{"damage":2,"enemies":"The Guardian","floor":16,"turns":11},{"damage":12,"enemies":"Chosen","floor":18,"turns":4},{"damage":31,"enemies":"2 Thieves","floor":21,"turns":4},{"damage":22,"enemies":"Colosseum Slavers","floor":24,"turns":4},{"damage":20,"enemies":"Centurion and Healer","floor":25,"turns":8},{"damage":0,"enemies":"Chosen and Byrds","floor":28,"turns":7},{"damage":14,"enemies":"Shelled Parasite and Fungi","floor":29,"turns":7},{"damage":10,"enemies":"Snake Plant","floor":31,"turns":2},{"damage":80,"enemies":"Collector","floor":33,"turns":7}],"seed_played":"-8960653568955835742","potions_obtained":[{"floor":4,"key":"SteroidPotion"},{"floor":5,"key":"SpeedPotion"},{"floor":10,"key":"Block Potion"},{"floor":11,"key":"Weak Potion"},{"floor":14,"key":"SmokeBomb"},{"floor":21,"key":"Block Potion"},{"floor":25,"key":"Dexterity Potion"}],"is_trial":false,"path_per_floor":["M","?","?","M","M","E","R","?","T","M","M","$","E","M","R","B",null,"M","?","?","M","$","R","?","M","T","R","M","M","T","M","R","B"],"character_chosen":"DEFECT","items_purchased":["Toxic Egg 2","White Noise+1"],"campfire_rested":4,"item_purchase_floors":[12,22],"current_hp_per_floor":[65,58,52,51,47,27,47,36,43,43,36,36,42,42,42,40,77,65,65,48,17,17,54,32,12,12,49,49,35,35,25,65,0],"gold":113,"neow_bonus":"THREE_RARE_CARDS","is_prod":false,"is_daily":false,"chose_seed":false,"campfire_upgraded":1,"win_rate":0,"timestamp":1553715305,"path_taken":["M","?","?","?","M","E","R","?","T","M","M","$","E","M","R","BOSS","M","?","?","M","$","R","?","M","T","R","M","M","?","M","R","BOSS"],"build_version":"2019-01-23","purchased_purges":1,"victory":false,"max_hp_per_floor":[68,68,68,68,68,68,68,68,75,75,75,75,89,89,89,89,89,89,89,94,94,94,94,94,94,94,94,94,94,94,94,94,94],"card_choices":[{"not_picked":["Amplify","Machine Learning"],"picked":"Core Surge","floor":0},{"not_picked":["Gash","Recycle"],"picked":"Go for the Eyes","floor":1},{"not_picked":["Hologram","Consume"],"picked":"Ball Lightning","floor":4},{"not_picked":["Rebound","Redo"],"picked":"FTL","floor":5},{"not_picked":["Turbo","Stack"],"picked":"Hologram","floor":6},{"not_picked":["Genetic Algorithm","Redo"],"picked":"Buffer","floor":10},{"not_picked":["Turbo","Skim"],"picked":"Leap","floor":11},{"not_picked":["Barrage","Cold Snap"],"picked":"FTL","floor":13},{"not_picked":["Streamline","Turbo+1"],"picked":"Reinforced Body+1","floor":14},{"not_picked":["All For One","Hyperbeam"],"picked":"Echo Form","floor":16},{"not_picked":["Go for the Eyes","Sweeping Beam","Redo+1"],"picked":"SKIP","floor":18},{"not_picked":["Hologram+1","Reinforced Body+1","Rebound+1"],"picked":"SKIP","floor":21},{"not_picked":["Hologram+1","Go for the Eyes"],"picked":"Force Field+1","floor":25},{"not_picked":["Steam+1","Tempest+1"],"picked":"Conserve Battery+1","floor":28},{"not_picked":["Beam Cell","Redo+1","Cold Snap"],"picked":"SKIP","floor":29}],"player_experience":131497,"relics_obtained":[{"floor":6,"key":"Ancient Tea Set"},{"floor":9,"key":"Strawberry"},{"floor":13,"key":"Mango"},{"floor":26,"key":"Juzu Bracelet"},{"floor":30,"key":"Bronze Scales"}],"event_choices":[{"cards_removed":["Strike_B"],"damage_healed":0,"gold_gain":0,"player_choice":"Card Removal","damage_taken":7,"max_hp_gain":0,"max_hp_loss":0,"event_name":"Golden Wing","floor":2,"gold_loss":0},{"damage_healed":0,"gold_gain":75,"player_choice":"Touch","damage_taken":6,"max_hp_gain":0,"max_hp_loss":0,"event_name":"FaceTrader","floor":3,"gold_loss":0},{"damage_healed":0,"gold_gain":75,"player_choice":"Gather Gold","damage_taken":11,"max_hp_gain":0,"max_hp_loss":0,"event_name":"World of Goop","floor":8,"gold_loss":0},{"cards_removed":["Strike_B"],"damage_healed":0,"gold_gain":0,"player_choice":"Gave Gold","damage_taken":0,"max_hp_gain":0,"max_hp_loss":0,"event_name":"Beggar","floor":19,"gold_loss":75},{"damage_healed":0,"gold_gain":0,"player_choice":"Shed Blood","damage_taken":22,"max_hp_gain":5,"max_hp_loss":0,"event_name":"Forgotten Altar","floor":20,"gold_loss":0},{"damage_healed":0,"gold_gain":0,"player_choice":"Fight","damage_taken":0,"max_hp_gain":0,"max_hp_loss":0,"event_name":"Colosseum","floor":24,"gold_loss":0},{"damage_healed":0,"gold_gain":0,"player_choice":"Fled From Nobs","damage_taken":0,"max_hp_gain":0,"max_hp_loss":0,"event_name":"Colosseum","floor":24,"gold_loss":0}],"is_beta":false,"boss_relics":[{"not_picked":["Snecko Eye","Orrery"],"picked":"Eternal Feather"}],"items_purged_floors":[12],"is_endless":false,"potions_floor_spawned":[4,5,10,11,14,21,24,25,31],"killed_by":"Collector","ascension_level":6}