{"gold_per_floor":[116,116,41,41,53,53,79,91,103,115,159,346,358,399,411,519,531,553,490,517,529,557,569,581],"floor_reached":24,"playtime":715,"items_purged":["Regret"],"score":284,"play_id":"0f55549e-24f5-472a-9b1c-db52e571c0b4","local_time":"20190207205805","is_ascension_mode":true,"campfire_choices":[{"floor":6,"key":"REST"},{"data":"Zap","floor":8,"key":"SMITH"},{"floor":10,"key":"REST"},{"floor":13,"key":"REST"},{"floor":15,"key":"REST"},{"floor":23,"key":"REST"}],"neow_cost":"NONE","seed_source_timestamp":1388577663557054,"circlet_count":0,"master_deck":["Strike_B","Strike_B","Strike_B","Strike_B","Defend_B","Defend_B+1","Defend_B","Defend_B","Zap+1","Dualcast","Streamline+1","Coolheaded","Rebound","Gash","Buffer","Capacitor","Seek","Conserve Battery+1","Gash","Cold Snap"],"relics":["Cracked Core","Mercury Hourglass","MawBank","Centennial Puzzle","Dream Catcher","Gremlin Horn","Eternal Feather"],"potions_floor_usage":[7,16,24,24],"damage_taken":[{"damage":5,"enemies":"Small Slimes","floor":1,"turns":3},{"damage":7,"enemies":"Jaw Worm","floor":5,"turns":2},{"damage":18,"enemies":"Lagavulin","floor":7,"turns":5},{"damage":25,"enemies":"3 Sentries","floor":11,"turns":4},{"damage":32,"enemies":"Lagavulin","floor":14,"turns":4},{"damage":35,"enemies":"Hexaghost","floor":16,"turns":9},{"damage":22,"enemies":"3 Byrds","floor":18,"turns":4},{"damage":19,"enemies":"Shell Parasite","floor":20,"turns":7},{"damage":2,"enemies":"Cultist and Chosen","floor":22,"turns":6},{"damage":62,"enemies":"Gremlin Leader","floor":24,"turns":6}],"seed_played":"-5107530687810875610","potions_obtained":[{"floor":1,"key":"SkillPotion"},{"floor":11,"key":"AttackPotion"},{"floor":16,"key":"PowerPotion"},{"floor":20,"key":"Swift Potion"}],"is_trial":false,"path_per_floor":["M","?","$","?","M","R","E","R","T","R","E","?","R","E","R","B",null,"M","?","M","$","M","R","E"],"character_chosen":"DEFECT","items_purchased":[],"campfire_rested":5,"item_purchase_floors":[],"current_hp_per_floor":[70,70,70,54,47,71,53,53,53,77,52,52,76,44,68,33,70,48,48,29,29,27,60,0],"gold":581,"neow_bonus":"TEN_PERCENT_HP_BONUS","is_prod":false,"is_daily":false,"chose_seed":false,"campfire_upgraded":1,"win_rate":0,"timestamp":1549569485,"path_taken":["M","?","$","?","M","R","E","R","T","R","E","?","R","E","R","BOSS","M","?","M","$","M","R","E"],"build_version":"2019-01-23","purchased_purges":1,"victory":false,"max_hp_per_floor":[82,82,82,82,82,82,82,82,82,82,82,82,82,82,82,82,82,82,82,82,82,82,82,82],"card_choices":[{"not_picked":["Undo","Hologram"],"picked":"Streamline","floor":1},{"not_picked":["Storm","Steam Power"],"picked":"Coolheaded","floor":5},{"not_picked":["Recycle","Stack"],"picked":"Rebound","floor":7},{"not_picked":["Multi-Cast","Lockon","Streamline"],"picked":"SKIP","floor":11},{"not_picked":["Turbo","Steam"],"picked":"Gash","floor":13},{"not_picked":["Redo","Stack"],"picked":"Buffer","floor":14},{"not_picked":["Darkness","Hologram"],"picked":"Capacitor","floor":15},{"not_picked":["Rainbow","Amplify"],"picked":"Seek","floor":16},{"not_picked":["Compile Driver","Sunder"],"picked":"Conserve Battery+1","floor":18},{"not_picked":["Defragment","Beam Cell"],"picked":"Gash","floor":20},{"not_picked":["Redo","Steam","Compile Driver"],"picked":"SKIP","floor":22},{"not_picked":["Skim+1","Redo"],"picked":"Cold Snap","floor":23}],"player_experience":227992,"relics_obtained":[{"floor":7,"key":"MawBank"},{"floor":9,"key":"Centennial Puzzle"},{"floor":11,"key":"Dream Catcher"},{"floor":14,"key":"Gremlin Horn"}],"event_choices":[{"damage_healed":0,"gold_gain":0,"player_choice":"Box","damage_taken":0,"relics_obtained":["Mercury Hourglass"],"max_hp_gain":0,"max_hp_loss":0,"event_name":"Big Fish","floor":2,"gold_loss":0,"cards_obtained":["Regret"]},{"damage_healed":0,"gold_gain":0,"player_choice":"Entered Light","damage_taken":16,"max_hp_gain":0,"max_hp_loss":0,"event_name":"Shining Light","floor":4,"gold_loss":0,"cards_upgraded":["Defend_B","Streamline"]},{"damage_healed":0,"gold_gain":175,"player_choice":"AGREE","damage_taken":0,"max_hp_gain":0,"max_hp_loss":0,"event_name":"Liars Game","floor":12,"gold_loss":0,"cards_obtained":["Doubt"]},{"cards_removed":["Doubt"],"damage_healed":0,"gold_gain":0,"player_choice":"Gave Gold","damage_taken":0,"max_hp_gain":0,"max_hp_loss":0,"event_name":"Beggar","floor":19,"gold_loss":75}],"is_beta":false,"boss_relics":[{"not_picked":["Astrolabe","Runic Dome"],"picked":"Eternal Feather"}],"items_purged_floors":[3],"is_endless":false,"potions_floor_spawned":[1,11,16,20],"killed_by":"Gremlin Leader","ascension_level":7}