{"gold_per_floor":[117,192,27,27,41,41,75,75,153,153,40,40,215,242,242,343,343,283,38,51,3,3],"floor_reached":22,"playtime":3311,"items_purged":[],"score":238,"play_id":"fcca8994-3f04-4987-94db-206e3171be54","local_time":"20190327212138","is_ascension_mode":true,"campfire_choices":[{"data":"Magnetism","floor":6,"key":"SMITH"},{"data":"Dualcast","floor":8,"key":"SMITH"},{"data":"Zap","floor":10,"key":"SMITH"},{"data":"Glacier","floor":15,"key":"SMITH"}],"neow_cost":"NONE","seed_source_timestamp":246792366717837,"circlet_count":0,"master_deck":["Strike_B","Strike_B","Strike_B","Defend_B","Defend_B","Defend_B+1","Defend_B","Zap+1","Dualcast+1","Melter+1","Magnetism+1","Glacier+1","Capacitor+1","Chill","Doubt","Fission","Conserve Battery+1","Go for the Eyes","BootSequence"],"relics":["Cracked Core","Strawberry","Question Card","Frozen Egg 2","Juzu Bracelet","White Beast Statue","HandDrill"],"potions_floor_usage":[5,16,20,22,22],"damage_taken":[{"damage":1,"enemies":"Cultist","floor":1,"turns":4},{"damage":7,"enemies":"Jaw Worm","floor":5,"turns":3},{"damage":19,"enemies":"3 Sentries","floor":7,"turns":8},{"damage":20,"enemies":"The Guardian","floor":16,"turns":11},{"damage":31,"enemies":"2 Thieves","floor":18,"turns":4},{"damage":9,"enemies":"Shell Parasite","floor":20,"turns":5},{"damage":25,"enemies":"Snecko","floor":22,"turns":8}],"seed_played":"8447992761707846356","potions_obtained":[{"floor":1,"key":"Regen Potion"},{"floor":7,"key":"LiquidBronze"},{"floor":18,"key":"Weak Potion"},{"floor":20,"key":"FearPotion"}],"is_trial":false,"path_per_floor":["M","?","$","?","M","R","E","R","T","R","$","?","?","T","R","B",null,"M","$","M","$","M"],"character_chosen":"DEFECT","items_purchased":["Magnetism","Glacier","Capacitor+1","HandDrill","Go for the Eyes","SkillPotion"],"campfire_rested":0,"item_purchase_floors":[3,11,11,19,19,21],"current_hp_per_floor":[74,63,63,47,49,49,30,30,30,30,30,30,30,30,30,10,64,33,33,24,24,0],"gold":3,"neow_bonus":"RANDOM_COMMON_RELIC","is_prod":false,"is_daily":false,"chose_seed":false,"campfire_upgraded":4,"win_rate":0,"timestamp":1553739698,"path_taken":["M","?","$","?","M","R","E","R","T","R","?","?","?","?","R","BOSS","M","$","M","?","M"],"build_version":"2019-01-23","purchased_purges":0,"victory":false,"max_hp_per_floor":[82,82,82,82,82,82,82,82,82,82,82,82,82,82,82,82,82,82,82,82,82,82],"card_choices":[{"not_picked":["Darkness","Leap"],"picked":"Melter","floor":1},{"not_picked":["Sweeping Beam","Tempest","Rebound"],"picked":"SKIP","floor":5},{"not_picked":["Beam Cell","Machine Learning","Hello World"],"picked":"SKIP","floor":7},{"not_picked":["Rainbow","Machine Learning+1","Amplify"],"picked":"Fission","floor":16},{"not_picked":["Beam Cell","Redo","Gash"],"picked":"Conserve Battery+1","floor":18},{"not_picked":["Beam Cell","Scrape","Turbo"],"picked":"BootSequence","floor":20}],"player_experience":142097,"relics_obtained":[{"floor":7,"key":"Question Card"},{"floor":9,"key":"Frozen Egg 2"},{"floor":14,"key":"Juzu Bracelet"}],"event_choices":[{"damage_healed":0,"gold_gain":75,"player_choice":"Gather Gold","damage_taken":11,"max_hp_gain":0,"max_hp_loss":0,"event_name":"World of Goop","floor":2,"gold_loss":0},{"damage_healed":0,"gold_gain":0,"player_choice":"Entered Light","damage_taken":16,"max_hp_gain":0,"max_hp_loss":0,"event_name":"Shining Light","floor":4,"gold_loss":0,"cards_upgraded":["Melter","Defend_B"]},{"damage_healed":0,"gold_gain":0,"cards_transformed":["Strike_B"],"player_choice":"Change","damage_taken":0,"max_hp_gain":0,"max_hp_loss":0,"event_name":"Living Wall","floor":12,"gold_loss":0,"cards_obtained":["Chill"]},{"damage_healed":0,"gold_gain":175,"player_choice":"AGREE","damage_taken":0,"max_hp_gain":0,"max_hp_loss":0,"event_name":"Liars Game","floor":13,"gold_loss":0,"cards_obtained":["Doubt"]}],"is_beta":false,"boss_relics":[{"not_picked":["Busted Crown","Coffee Dripper"],"picked":"White Beast Statue"}],"items_purged_floors":[],"is_endless":false,"potions_floor_spawned":[1,7,18,20],"killed_by":"Snecko","ascension_level":7}