{"gold_per_floor":[111,123,137,57,70,100,44,62,62,62,76,102,120,144,144,246,246,262,262,273,273,293,324,324,341,341,341],"floor_reached":27,"playtime":1930,"items_purged":[],"score":247,"play_id":"372f67e6-b0bb-4a59-b190-1bf346b56011","local_time":"20190401164211","is_ascension_mode":false,"campfire_choices":[{"data":"Noxious Fumes","floor":10,"key":"SMITH"},{"floor":15,"key":"REST"},{"data":"Neutralize","floor":24,"key":"SMITH"}],"neow_cost":"NONE","seed_source_timestamp":528201965085270,"circlet_count":0,"master_deck":["Defend_G","Defend_G","Defend_G","Defend_G","Defend_G","Strike_G","Strike_G","Strike_G","Strike_G","Strike_G","Survivor","Neutralize+1","Backflip","Acrobatics","Leg Sweep","Noxious Fumes+1","All Out Attack","Blur","Burst","Dodge and Roll","Dagger Throw","Deflect","Dagger Throw","Dash+1","RitualDagger","Well Laid Plans","Endless Agony","Leg Sweep"],"relics":["Ring of the Snake","NeowsBlessing","The Courier","Meat on the Bone","Blue Candle","Odd Mushroom","Sozu","Gremlin Horn","Ornamental Fan"],"potions_floor_usage":[11,16,18],"damage_taken":[{"damage":0,"enemies":"Cultist","floor":1,"turns":1},{"damage":0,"enemies":"2 Louse","floor":2,"turns":1},{"damage":0,"enemies":"Small Slimes","floor":3,"turns":1},{"damage":2,"enemies":"Red Slaver","floor":5,"turns":7},{"damage":21,"enemies":"Lagavulin","floor":6,"turns":11},{"damage":16,"enemies":"Exordium Thugs","floor":8,"turns":8},{"damage":3,"enemies":"Gremlin Gang","floor":11,"turns":5},{"damage":8,"enemies":"3 Sentries","floor":12,"turns":6},{"damage":0,"enemies":"3 Louse","floor":13,"turns":4},{"damage":29,"enemies":"The Mushroom Lair","floor":14,"turns":6},{"damage":20,"enemies":"Hexaghost","floor":16,"turns":13},{"damage":10,"enemies":"Spheric Guardian","floor":18,"turns":6},{"damage":6,"enemies":"Shell Parasite","floor":20,"turns":9},{"damage":1,"enemies":"Centurion and Healer","floor":22,"turns":7},{"damage":28,"enemies":"Gremlin Leader","floor":23,"turns":8},{"damage":13,"enemies":"Snecko","floor":25,"turns":6},{"damage":33,"enemies":"Book of Stabbing","floor":27,"turns":7}],"seed_played":"734962392320091754","potions_obtained":[{"floor":1,"key":"Energy Potion"},{"floor":2,"key":"Energy Potion"},{"floor":5,"key":"Energy Potion"},{"floor":11,"key":"Energy Potion"},{"floor":12,"key":"Ancient Potion"},{"floor":16,"key":"Poison Potion"}],"is_trial":false,"path_per_floor":["M","M","M","$","M","E","$","M","T","R","M","E","M","?","R","B",null,"M","?","M","?","M","E","R","M","T","E"],"character_chosen":"THE_SILENT","items_purchased":["Noxious Fumes","Burst"],"campfire_rested":1,"item_purchase_floors":[4,7],"current_hp_per_floor":[70,70,70,70,68,47,47,31,31,31,40,44,44,27,48,40,70,60,54,48,48,47,31,31,30,30,0],"gold":341,"neow_bonus":"THREE_ENEMY_KILL","is_prod":false,"is_daily":false,"chose_seed":false,"campfire_upgraded":2,"win_rate":0,"timestamp":1554158531,"path_taken":["M","M","?","$","?","E","?","M","T","R","M","E","M","?","R","BOSS","M","?","M","?","M","E","R","M","T","E"],"build_version":"2019-01-23","purchased_purges":0,"victory":false,"max_hp_per_floor":[70,70,70,70,70,70,70,70,70,70,70,70,70,70,70,70,70,70,70,70,70,70,70,70,70,70,70],"card_choices":[{"not_picked":["Catalyst","Setup"],"picked":"Backflip","floor":1},{"not_picked":["Infinite Blades","Caltrops"],"picked":"Acrobatics","floor":2},{"not_picked":["Endless Agony","Accuracy"],"picked":"Leg Sweep","floor":3},{"not_picked":["Prepared","Quick Slash"],"picked":"All Out Attack","floor":5},{"not_picked":["Deflect","Expertise"],"picked":"Blur","floor":6},{"not_picked":["Prepared","Blur"],"picked":"Dodge and Roll","floor":8},{"not_picked":["Acrobatics","Leg Sweep"],"picked":"Dagger Throw","floor":11},{"not_picked":["Flying Knee","Setup","Eviscerate"],"picked":"SKIP","floor":12},{"not_picked":["Riddle With Holes","Underhanded Strike"],"picked":"Deflect","floor":13},{"not_picked":["Cloak And Dagger","Outmaneuver"],"picked":"Dagger Throw","floor":14},{"not_picked":["Deflect","Prepared"],"picked":"Dash+1","floor":18},{"not_picked":["Cloak And Dagger","Masterful Stab","Slice"],"picked":"SKIP","floor":20},{"not_picked":["Poisoned Stab","Infinite Blades"],"picked":"Well Laid Plans","floor":22},{"not_picked":["Dash","Predator"],"picked":"Endless Agony","floor":23},{"not_picked":["Cloak And Dagger+1","Accuracy+1"],"picked":"Leg Sweep","floor":25}],"player_experience":164499,"relics_obtained":[{"floor":6,"key":"The Courier"},{"floor":9,"key":"Meat on the Bone"},{"floor":12,"key":"Blue Candle"},{"floor":14,"key":"Odd Mushroom"},{"floor":23,"key":"Ornamental Fan"}],"event_choices":[{"damage_healed":0,"gold_gain":0,"player_choice":"Fought Mushrooms","damage_taken":0,"max_hp_gain":0,"max_hp_loss":0,"event_name":"Mushrooms","floor":14,"gold_loss":0},{"damage_healed":0,"gold_gain":0,"player_choice":"Joined the Cult","damage_taken":6,"max_hp_gain":0,"max_hp_loss":0,"event_name":"Nest","floor":19,"gold_loss":0,"cards_obtained":["RitualDagger"]},{"damage_healed":0,"gold_gain":0,"player_choice":"Gave Potion","damage_taken":0,"relics_obtained":["Gremlin Horn"],"max_hp_gain":0,"max_hp_loss":0,"event_name":"WeMeetAgain","floor":21,"gold_loss":0}],"is_beta":false,"boss_relics":[{"not_picked":["Calling Bell","Fusion Hammer"],"picked":"Sozu"}],"items_purged_floors":[],"is_endless":false,"potions_floor_spawned":[1,2,5,11,12,16,22,25],"killed_by":"Book of Stabbing","ascension_level":0}