{"gold_per_floor":[118,128,12,12,29,56,56,89,89,89],"floor_reached":10,"playtime":315,"items_purged":[],"score":95,"play_id":"94937657-e66e-4662-93b0-4dd1b4bab6f0","local_time":"20181031155919","is_ascension_mode":true,"campfire_choices":[{"data":"Amplify","floor":7,"key":"SMITH"}],"neow_cost":"NONE","seed_source_timestamp":223015096544867,"circlet_count":0,"master_deck":["Strike_B","Strike_B","Strike_B","Defend_B","Defend_B","Defend_B","Defend_B","Zap","Dualcast","Redo","White Noise","Amplify+1","Coolheaded","Cold Snap","White Noise","Storm"],"relics":["Cracked Core","NeowsBlessing","Art of War","Calipers","Blue Candle"],"potions_floor_usage":[6],"damage_taken":[{"damage":0,"enemies":"2 Louse","floor":1,"turns":1},{"damage":0,"enemies":"Cultist","floor":2,"turns":1},{"damage":0,"enemies":"Jaw Worm","floor":5,"turns":1},{"damage":27,"enemies":"Lagavulin","floor":6,"turns":7},{"damage":44,"enemies":"Gremlin Nob","floor":8,"turns":5},{"damage":6,"enemies":"Lots of Slimes","floor":10,"turns":1}],"seed_played":"-1984750275410325237","potions_obtained":[{"floor":2,"key":"AttackPotion"}],"is_trial":false,"path_per_floor":["M","M","$","?","M","E","R","E","T"],"character_chosen":"DEFECT","items_purchased":["Amplify","Coolheaded"],"campfire_rested":0,"item_purchase_floors":[3,3],"current_hp_per_floor":[75,75,75,75,75,48,48,4,4,0],"gold":89,"neow_bonus":"THREE_ENEMY_KILL","is_prod":false,"is_daily":false,"chose_seed":false,"campfire_upgraded":1,"win_rate":0,"timestamp":1541019559,"path_taken":["M","M","$","?","M","E","R","E","T","M"],"build_version":"2018-10-25v2","purchased_purges":0,"victory":false,"max_hp_per_floor":[75,75,75,75,75,75,75,75,75,75],"card_choices":[{"not_picked":["Melter","Stack"],"picked":"Redo","floor":1},{"not_picked":["Melter","Streamline"],"picked":"White Noise","floor":2},{"not_picked":["Sweeping Beam","Darkness"],"picked":"Cold Snap","floor":5},{"not_picked":["Creative AI","Hello World"],"picked":"White Noise","floor":6},{"not_picked":["Redo","Creative AI"],"picked":"Storm","floor":8}],"player_experience":236729,"relics_obtained":[{"floor":6,"key":"Art of War"},{"floor":8,"key":"Calipers"},{"floor":9,"key":"Blue Candle"}],"event_choices":[{"cards_removed":["Strike_B"],"damage_healed":0,"gold_gain":0,"player_choice":"Offered Basic","damage_taken":0,"max_hp_gain":0,"max_hp_loss":0,"event_name":"Bonfire Elementals","floor":4,"gold_loss":0}],"is_beta":false,"boss_relics":[],"items_purged_floors":[],"is_endless":false,"potions_floor_spawned":[2],"killed_by":"Lots of Slimes","ascension_level":5}