{"path_per_floor":["M","M","?","?","M","E","M","R","T","?","?","R","E","M","R","B",null,"M","T","$","?","?","R","M","E","T","?","M","R","E","?","R","B",null,"M","M","?","?","?","M","$","?","T","T","R","$","?","M","R","B"],"character_chosen":"THE_SILENT","items_purchased":["Kunai","Dark Shackles","Prepared","Backflip"],"gold_per_floor":[114,128,128,128,147,177,191,191,239,239,239,239,271,290,290,386,386,396,421,89,89,89,89,104,138,187,187,200,200,233,233,233,337,337,350,366,0,0,54,72,4,4,4,28,28,28,28,48,48,48],"floor_reached":51,"campfire_rested":7,"playtime":8251,"current_hp_per_floor":[70,69,69,74,72,12,12,34,34,52,52,74,47,44,66,51,75,75,75,75,66,66,66,57,42,42,67,57,75,51,51,73,62,75,43,32,32,50,35,32,32,32,32,32,54,54,54,36,57,23],"items_purged":[],"gold":48,"play_id":"7d80a230-14f3-4482-a9e7-f9252dd08bba","is_prod":false,"is_daily":false,"is_ascension_mode":false,"campfire_upgraded":1,"path_taken":["M","M","?","?","M","E","?","R","T","?","?","R","E","M","R","BOSS","M","?","$","?","?","R","?","E","T","?","M","R","E","?","R","BOSS","M","M","?","?","?","M","$","?","T","?","R","$","?","M","R","BOSS"],"build_version":"2018-01-25-PROD3","purchased_purges":0,"victory":true,"master_deck":["Defend_G","Defend_G","Defend_G","Defend_G","Defend_G","Strike_G","Strike_G","Strike_G","Strike_G","Strike_G","Survivor","Neutralize+1","Envenom","Backflip","Footwork","Noxious Fumes+1","PiercingWail","Endless Agony","Dodge and Roll","Flechettes+1","Venomology","Dagger Throw+1","Dark Shackles","Backflip+1","Deadly Poison+1","Endless Agony+1","Burst","Acrobatics+1","Slice","Writhe","Backstab+1","All Out Attack+1","Prepared","Backflip","Backflip"],"max_hp_per_floor":[70,70,70,75,75,75,75,75,75,75,75,75,75,75,75,75,75,75,75,75,75,75,75,75,75,75,75,75,75,75,75,75,75,75,75,75,75,75,75,75,75,75,75,75,75,75,72,72,72,72],"relics":["Ring of the Snake","Vajra","Bag of Marbles","Matryoshka","Velvet Choker","Happy Flower","Bag of Preparation","Kunai","Molten Egg","Snake Skull","Orichalcum","Whetstone","Lizard Tail","Red Mask","Gambling Chip","Ninja Scroll","Juzu Bracelet"],"card_choices":[{"not_picked":["Dagger Spray","Dodge and Roll"],"picked":"Backflip"},{"not_picked":["Prepared","Slice"],"picked":"Footwork"},{"not_picked":["Footwork","Deadly Poison"],"picked":"Noxious Fumes"},{"not_picked":["Flying Knee","Riddle With Holes"],"picked":"PiercingWail"},{"not_picked":["Glass Knife","Blade Dance"],"picked":"Endless Agony"},{"not_picked":["Calculated Gamble","Deflect"],"picked":"Dodge and Roll"},{"not_picked":["All Out Attack","Predator"],"picked":"Flechettes"},{"not_picked":["Night Terror","Glass Knife"],"picked":"Venomology"},{"not_picked":["Deflect","Blur"],"picked":"Dagger Throw"},{"not_picked":["Acrobatics","Flying Knee"],"picked":"Backflip"},{"not_picked":["PiercingWail","Bouncing Flask"],"picked":"Deadly Poison"},{"not_picked":["Choke","Skewer"],"picked":"Dash"},{"not_picked":["Crippling Poison","Dagger Spray"],"picked":"Endless Agony"},{"not_picked":["Corpse Explosion","Doppelganger"],"picked":"Burst"},{"not_picked":["Riddle With Holes","Dodge and Roll"],"picked":"Acrobatics"},{"not_picked":["Dagger Spray","Malaise"],"picked":"Slice"},{"not_picked":["Dagger Throw","Slice"],"picked":"Backstab"},{"not_picked":["Slice","Riddle With Holes"],"picked":"All Out Attack"},{"not_picked":["Deflect","Caltrops"],"picked":"Backflip"}],"player_experience":15182,"potions_floor_usage":[6,7,16,16,18,25,25,30,30,30,33,33,33,36,36,36,39,48,50,50,50,50],"damage_taken":[{"damage":0,"enemies":"Small Slimes","floor":1,"turns":5},{"damage":1,"enemies":"Blue Slaver","floor":2,"turns":7},{"damage":2,"enemies":"Cultist","floor":5,"turns":6},{"damage":69,"enemies":"Gremlin Nob","floor":6,"turns":8},{"damage":0,"enemies":"3 Louse","floor":7,"turns":2},{"damage":27,"enemies":"3 Sentries","floor":13,"turns":8},{"damage":3,"enemies":"Red Slaver","floor":14,"turns":5},{"damage":15,"enemies":"Hexaghost","floor":16,"turns":11},{"damage":0,"enemies":"3 Byrds","floor":18,"turns":9},{"damage":9,"enemies":"Chosen","floor":24,"turns":7},{"damage":15,"enemies":"Gremlin Leader","floor":25,"turns":8},{"damage":10,"enemies":"Snake Plant","floor":28,"turns":5},{"damage":24,"enemies":"Slavers","floor":30,"turns":7},{"damage":11,"enemies":"Collector","floor":33,"turns":7},{"damage":32,"enemies":"3 Shapes","floor":35,"turns":5},{"damage":11,"enemies":"3 Darklings","floor":36,"turns":5},{"damage":15,"enemies":"Mysterious Sphere","floor":39,"turns":9},{"damage":3,"enemies":"Sphere and 2 Shapes","floor":40,"turns":4},{"damage":18,"enemies":"4 Shapes","floor":48,"turns":5},{"damage":34,"enemies":"Awakened One","floor":50,"turns":15}],"event_choices":[{"event_name":"The Woman in Blue","player_choice":"Bought 0 Potions","floor":3,"damage_taken":0},{"event_name":"Big Fish","player_choice":"Donut","floor":4,"damage_taken":0},{"event_name":"Mushrooms","player_choice":"Healed and dodged fight","floor":10,"damage_taken":0},{"event_name":"Liars Game","player_choice":"disagreed","floor":11,"damage_taken":0},{"event_name":"Cursed Tome","player_choice":"Stopped","floor":21,"damage_taken":0},{"event_name":"Drug Dealer","player_choice":"Ignored","floor":22,"damage_taken":0},{"event_name":"The Library","player_choice":"Heal","floor":27,"damage_taken":0},{"event_name":"The Lab","player_choice":"Got Potions","floor":31,"damage_taken":0},{"event_name":"Tomb of Lord Red Mask","player_choice":"Paid","floor":37,"damage_taken":0},{"event_name":"Winding Halls","player_choice":"Writhe","floor":38,"damage_taken":0},{"event_name":"Mysterious Sphere","player_choice":"Fight","floor":39,"damage_taken":0},{"event_name":"Wheel of Change","player_choice":"Card Removal","floor":47,"damage_taken":0}],"boss_relics":[{"not_picked":["White Beast Statue","Philosopher\u0027s Stone"],"picked":"Velvet Choker"},{"not_picked":["Eternal Feather","Tiny House"],"picked":"Lizard Tail"}],"potions_floor_spawned":[2,5,6,13,24,25,28,35,40,48],"seed_played":"6576885518852689004","ascension_level":0,"is_trial":false}