{"gold_per_floor":[117,117,142,142,142,177,177,197,223,76,100,123,198,237,237,237],"floor_reached":16,"playtime":1364,"items_purged":[],"score":121,"play_id":"11ab28a6-e84e-46ea-98c6-7dddac523f04","local_time":"20190318200323","is_ascension_mode":true,"campfire_choices":[{"floor":7,"key":"REST"},{"floor":15,"key":"REST"}],"neow_cost":"NONE","seed_source_timestamp":312602235597,"circlet_count":0,"master_deck":["Strike_R","Strike_R","Strike_R","Strike_R+1","Strike_R","Defend_R","Defend_R+1","Defend_R+1","Defend_R","Bash+1","Warcry+1","Ghostly Armor","Cleave","Rupture","Blood for Blood","Infernal Blade","Evolve","Flex","Intimidate","Hemokinesis"],"relics":["Burning Blood","Golden Idol","War Paint","Bag of Marbles","Bottled Tornado"],"potions_floor_usage":[14,14,16,16],"damage_taken":[{"damage":9,"enemies":"Jaw Worm","floor":1,"turns":4},{"damage":7,"enemies":"2 Louse","floor":3,"turns":4},{"damage":16,"enemies":"3 Sentries","floor":6,"turns":8},{"damage":3,"enemies":"Small Slimes","floor":8,"turns":3},{"damage":12,"enemies":"Exordium Wildlife","floor":11,"turns":4},{"damage":4,"enemies":"2 Fungi Beasts","floor":12,"turns":4},{"damage":41,"enemies":"Lagavulin","floor":14,"turns":8},{"damage":33,"enemies":"Hexaghost","floor":16,"turns":9}],"seed_played":"8962339257404587484","potions_obtained":[{"floor":6,"key":"Strength Potion"},{"floor":8,"key":"Dexterity Potion"},{"floor":11,"key":"Swift Potion"},{"floor":14,"key":"SkillPotion"}],"is_trial":false,"path_per_floor":["?","?","?","$","M","?"],"character_chosen":"IRONCLAD","items_purchased":["Infernal Blade","Evolve"],"campfire_rested":2,"item_purchase_floors":[10,10],"current_hp_per_floor":[77,57,56,56,40,30,54,57,57,57,51,53,42,7,31,0],"gold":237,"neow_bonus":"THREE_CARDS","is_prod":false,"is_daily":false,"chose_seed":false,"campfire_upgraded":0,"win_rate":0,"timestamp":1552935803,"path_taken":["M","?","M","?","?","E","R","M","T","?","?","M","?","E","R","BOSS"],"build_version":"2019-01-23","purchased_purges":0,"victory":false,"max_hp_per_floor":[80,80,80,80,80,80,80,80,80,80,80,80,80,80,80,80],"card_choices":[{"not_picked":["Armaments","Corruption"],"picked":"Warcry","floor":0},{"not_picked":["Pommel Strike","Dual Wield"],"picked":"Ghostly Armor","floor":1},{"not_picked":["Heavy Blade","Flame Barrier"],"picked":"Cleave","floor":3},{"not_picked":["Clash","Twin Strike"],"picked":"Rupture","floor":6},{"not_picked":["Cleave","Body Slam"],"picked":"Blood for Blood","floor":8},{"not_picked":["Sword Boomerang","Iron Wave"],"picked":"Flex","floor":11},{"not_picked":["Clash","Fiend Fire"],"picked":"Intimidate","floor":12},{"not_picked":["Sword Boomerang","Thunderclap"],"picked":"Hemokinesis","floor":14}],"player_experience":119612,"relics_obtained":[{"floor":6,"key":"War Paint"},{"floor":9,"key":"Bag of Marbles"},{"floor":14,"key":"Bottled Tornado"}],"event_choices":[{"damage_healed":0,"gold_gain":0,"player_choice":"Take Damage","damage_taken":20,"relics_obtained":["Golden Idol"],"max_hp_gain":0,"max_hp_loss":0,"event_name":"Golden Idol","floor":2,"gold_loss":0},{"damage_healed":0,"gold_gain":0,"player_choice":"Grow","damage_taken":0,"max_hp_gain":0,"max_hp_loss":0,"event_name":"Living Wall","floor":4,"gold_loss":0,"cards_upgraded":["Warcry"]},{"damage_healed":0,"gold_gain":0,"player_choice":"Entered Light","damage_taken":16,"max_hp_gain":0,"max_hp_loss":0,"event_name":"Shining Light","floor":5,"gold_loss":0,"cards_upgraded":["Bash","Strike_R"]},{"damage_healed":0,"gold_gain":75,"player_choice":"Gather Gold","damage_taken":11,"max_hp_gain":0,"max_hp_loss":0,"event_name":"World of Goop","floor":13,"gold_loss":0}],"is_beta":false,"boss_relics":[],"items_purged_floors":[],"is_endless":false,"potions_floor_spawned":[6,8,11,14],"killed_by":"Hexaghost","ascension_level":2}