{"path_per_floor":["M","M","?","M","?","E","M","R","T","R","M","M","M","$","R","B",null,"M","M","M","?","?"],"character_chosen":"IRONCLAD","items_purchased":["Flash of Steel","Second Wind","True Grit"],"gold_per_floor":[114,131,131,147,147,178,198,198,198,198,208,224,242,21,21,123,123,142,126,137,137,137],"floor_reached":23,"campfire_rested":2,"playtime":1405,"current_hp_per_floor":[88,88,88,80,80,43,39,65,65,65,58,51,39,39,65,28,88,71,52,21,50,35],"items_purged":[],"gold":137,"play_id":"23c17d2e-0639-4956-8e48-a7c5fe7ab5c8","is_prod":false,"is_daily":false,"is_ascension_mode":false,"campfire_upgraded":1,"path_taken":["M","M","?","M","?","E","?","R","T","R","?","M","?","$","R","BOSS","M","M","M","?","?","E"],"build_version":"2018-01-25-PROD3","purchased_purges":0,"victory":false,"master_deck":["Strike_R","Strike_R","Strike_R","Strike_R","Strike_R","Defend_R","Defend_R","Defend_R","Defend_R","Bash","Juggernaut","Twin Strike","Bash","Juggernaut+1","Disarm","Armaments+1","Cleave","Uppercut","Juggernaut","Intimidate","Rage","Flash of Steel","Second Wind","True Grit","Juggernaut","True Grit","Blood for Blood","Headbutt"],"max_hp_per_floor":[88,88,88,88,88,88,88,88,88,88,88,88,88,88,88,88,88,88,88,88,88,93],"relics":["Burning Blood","Charon\u0027s Ashes","Frozen Eye","Velvet Choker"],"card_choices":[{"not_picked":["Flame Barrier","Armaments"],"picked":"Juggernaut"},{"not_picked":["Infernal Blade","Searing Blow"],"picked":"Twin Strike"},{"not_picked":["Pommel Strike","Perfected Strike"],"picked":"Armaments"},{"not_picked":["Bloodletting","Twin Strike"],"picked":"Cleave"},{"not_picked":["Second Wind","Perfected Strike"],"picked":"Uppercut"},{"not_picked":["Pommel Strike","Disarm"],"picked":"Juggernaut"},{"not_picked":["Anger","Armaments"],"picked":"Intimidate"},{"not_picked":["Dropkick","Fire Breathing"],"picked":"Rage"},{"not_picked":["Brutality","Bludgeon"],"picked":"Juggernaut"},{"not_picked":["Dropkick","Pummel"],"picked":"True Grit"},{"not_picked":["Pommel Strike","Sword Boomerang"],"picked":"Blood for Blood"},{"not_picked":["Perfected Strike","Twin Strike"],"picked":"Headbutt"}],"player_experience":7244,"potions_floor_usage":[6,6,16,23,23],"damage_taken":[{"damage":1,"enemies":"Cultist","floor":1,"turns":3},{"damage":6,"enemies":"Blue Slaver","floor":2,"turns":5},{"damage":14,"enemies":"2 Louse","floor":4,"turns":3},{"damage":52,"enemies":"Gremlin Nob","floor":6,"turns":6},{"damage":10,"enemies":"Red Slaver","floor":7,"turns":5},{"damage":13,"enemies":"Gremlin Gang","floor":11,"turns":4},{"damage":13,"enemies":"Looter","floor":12,"turns":4},{"damage":18,"enemies":"Exordium Thugs","floor":13,"turns":6},{"damage":43,"enemies":"Hexaghost","floor":16,"turns":12},{"damage":23,"enemies":"Spheric Guardian","floor":18,"turns":5},{"damage":25,"enemies":"2 Thieves","floor":19,"turns":4},{"damage":37,"enemies":"Sentry and Sphere","floor":20,"turns":7},{"damage":35,"enemies":"Slavers","floor":23,"turns":3}],"event_choices":[{"event_name":"Match and Keep!","player_choice":"3 cards matched","floor":3,"damage_taken":0},{"event_name":"Upgrade Shrine","player_choice":"Upgraded","floor":5,"damage_taken":0},{"event_name":"The Library","player_choice":"Heal","floor":21,"damage_taken":0},{"event_name":"Forgotten Altar","player_choice":"Shed Blood","floor":22,"damage_taken":0}],"boss_relics":[{"not_picked":["Orrery","Runic Dome"],"picked":"Velvet Choker"}],"potions_floor_spawned":[1,4,7,11,20],"seed_played":"7107935803394043137","killed_by":"Slavers","ascension_level":0,"is_trial":false}