{"gold_per_floor":[109,125,71,71,81,111,111,169,196,230,243,243,259,323,323,427,427,442,288,302,302,302,302,332,348,419,449,468,478,504,519,519,614,614,628,642,35,54,69,69,98,114,161,186,202,202,219,250,250,250],"floor_reached":51,"playtime":3620,"items_purged":["Compile Driver"],"score":1260,"play_id":"ed6db57d-1621-41b4-afc9-df38fc53639d","local_time":"20180708032451","is_ascension_mode":true,"campfire_choices":[{"data":"Loop","floor":7,"key":"SMITH"},{"data":"Zap","floor":12,"key":"SMITH"},{"data":"Electrodynamics","floor":15,"key":"SMITH"},{"data":"Defragment","floor":23,"key":"SMITH"},{"floor":32,"key":"REST"},{"data":"Reboot","floor":40,"key":"SMITH"},{"floor":46,"key":"DIG"},{"floor":49,"key":"DIG"}],"neow_cost":"","seed_source_timestamp":625723219426034,"circlet_count":0,"master_deck":["Zap+1","Dualcast","Cold Snap","Go for the Eyes","Conserve Battery","Undo","Loop+1","Steam","Beam Cell","Turbo","Electrodynamics+1","Conserve Battery","Rainbow","Reinforced Body","Loop","Force Field","Stack","Recycle","Defragment+1","Aggregate","Self Repair","Capacitor+1","Defragment","Defragment","Cold Snap","Go for the Eyes","Echo Form","Hologram+1","Storm","Reboot+1","Conserve Battery","Conserve Battery+1","Conserve Battery","Machine Learning","Coolheaded","Cold Snap","Conserve Battery+1","Stack+1","Undo"],"relics":["Cracked Core","Art of War","Centennial Puzzle","Anchor","DataDisk","Bag of Marbles","Tiny Chest","Pandora\u0027s Box","Gambling Chip","Bottled Lightning","Pear","Bottled Flame","Dream Catcher","Sozu","Symbiotic Virus","Happy Flower","Gremlin Horn","Blood Vial","Shovel","Darkstone Periapt","Toolbox","Emotion Chip"],"potions_floor_usage":[6,8,16,16,27,30,50,50],"damage_taken":[{"damage":1,"enemies":"Cultist","floor":1,"turns":3},{"damage":0,"enemies":"Jaw Worm","floor":2,"turns":3},{"damage":2,"enemies":"Small Slimes","floor":5,"turns":3},{"damage":4,"enemies":"3 Sentries","floor":6,"turns":7},{"damage":8,"enemies":"Gremlin Nob","floor":8,"turns":4},{"damage":15,"enemies":"Gremlin Nob","floor":10,"turns":4},{"damage":0,"enemies":"Looter","floor":11,"turns":2},{"damage":5,"enemies":"Blue Slaver","floor":13,"turns":3},{"damage":6,"enemies":"3 Sentries","floor":14,"turns":5},{"damage":0,"enemies":"Slime Boss","floor":16,"turns":5},{"damage":0,"enemies":"3 Byrds","floor":18,"turns":2},{"damage":12,"enemies":"Chosen","floor":20,"turns":5},{"damage":44,"enemies":"Gremlin Leader","floor":24,"turns":10},{"damage":11,"enemies":"Slaver and Parasite","floor":25,"turns":6},{"damage":11,"enemies":"Book of Stabbing","floor":27,"turns":6},{"damage":14,"enemies":"Snecko","floor":28,"turns":5},{"damage":0,"enemies":"3 Cultists","floor":29,"turns":4},{"damage":5,"enemies":"Gremlin Leader","floor":30,"turns":5},{"damage":0,"enemies":"Snake Plant","floor":31,"turns":4},{"damage":38,"enemies":"Champ","floor":33,"turns":10},{"damage":1,"enemies":"3 Darklings","floor":35,"turns":4},{"damage":0,"enemies":"Orb Walker","floor":36,"turns":4},{"damage":8,"enemies":"Transient","floor":38,"turns":5},{"damage":52,"enemies":"Sphere and 2 Shapes","floor":39,"turns":5},{"damage":6,"enemies":"Nemesis","floor":41,"turns":10},{"damage":0,"enemies":"Flame Bruiser 2 Orb","floor":42,"turns":6},{"damage":0,"enemies":"2 Orb Walkers","floor":44,"turns":4},{"damage":0,"enemies":"Maw","floor":45,"turns":6},{"damage":0,"enemies":"Spire Growth","floor":47,"turns":6},{"damage":0,"enemies":"Nemesis","floor":48,"turns":5},{"damage":30,"enemies":"Time Eater","floor":50,"turns":9}],"seed_played":"3682383248137383415","potions_obtained":[{"floor":2,"key":"AttackPotion"},{"floor":6,"key":"FearPotion"},{"floor":11,"key":"Poison Potion"},{"floor":14,"key":"AttackPotion"},{"floor":16,"key":"Strength Potion"},{"floor":20,"key":"Ancient Potion"},{"floor":25,"key":"SkillPotion"},{"floor":28,"key":"Block Potion"},{"floor":30,"key":"Poison Potion"},{"floor":33,"key":"FearPotion"}],"is_trial":false,"path_per_floor":["M","M","$","?","M","E","R","?","T","E","M","R","M","E","R","B",null,"M","$","M","?","T","R","E","M","T","E","M","M","E","M","R","B",null,"M","M","$","M","M","R","E","M","T","E","M","R","M","E","R","B"],"character_chosen":"DEFECT","items_purchased":["Conserve Battery","Self Repair","Symbiotic Virus","Happy Flower","Conserve Battery","Machine Learning"],"campfire_rested":1,"item_purchase_floors":[3,19,37,37,37,37],"current_hp_per_floor":[67,67,67,60,58,54,54,46,46,31,31,31,26,20,20,20,61,61,61,56,56,56,56,19,15,25,21,14,21,16,16,41,10,66,65,79,79,78,33,33,41,41,41,57,66,66,75,84,84,55],"gold":250,"neow_bonus":"","is_prod":false,"is_daily":false,"chose_seed":false,"campfire_upgraded":5,"win_rate":0,"timestamp":1531045491,"path_taken":["M","M","$","?","M","E","R","?","T","E","M","R","M","E","R","BOSS","M","$","M","?","?","R","E","M","T","E","?","M","E","M","R","BOSS","M","?","$","M","M","R","E","M","T","E","M","R","M","E","R","BOSS"],"build_version":"2018-07-05","purchased_purges":1,"victory":true,"max_hp_per_floor":[75,75,75,75,75,75,75,75,75,75,75,75,75,75,75,75,75,75,75,75,75,75,75,75,75,85,85,85,85,85,85,85,85,85,85,85,85,85,85,85,85,85,85,85,85,85,85,85,85,85],"card_choices":[{"not_picked":["Streamline","Lockon"],"picked":"Cold Snap","floor":1},{"not_picked":["Rip and Tear","Barrage"],"picked":"Go for the Eyes","floor":2},{"not_picked":["Fusion","Barrage"],"picked":"Undo","floor":5},{"not_picked":["Redo","Beam Cell"],"picked":"Loop","floor":6},{"not_picked":["Barrage","Beam Cell"],"picked":"Steam","floor":8},{"not_picked":["Stack","Rip and Tear"],"picked":"Beam Cell","floor":10},{"not_picked":["Compile Driver","Force Field"],"picked":"Turbo","floor":11},{"not_picked":["Capacitor","Leap"],"picked":"Electrodynamics","floor":13},{"not_picked":["Storm","White Noise"],"picked":"Conserve Battery","floor":14},{"not_picked":["All For One","Core Surge"],"picked":"Rainbow","floor":16},{"not_picked":["Sweeping Beam","Darkness","Streamline"],"picked":"SKIP","floor":18},{"not_picked":["Go for the Eyes","Loop"],"picked":"Capacitor+1","floor":20},{"not_picked":["Cold Snap","Gash"],"picked":"Defragment","floor":24},{"not_picked":["Ball Lightning","Compile Driver"],"picked":"Cold Snap","floor":25},{"not_picked":["Recycle","Genetic Algorithm"],"picked":"Go for the Eyes","floor":27},{"not_picked":["Barrage+1","Redo"],"picked":"Echo Form","floor":28},{"not_picked":["Steam","Genetic Algorithm+1"],"picked":"Hologram+1","floor":29},{"not_picked":["Streamline","Reprogram+1","Turbo"],"picked":"SKIP","floor":30},{"not_picked":["Reprogram","Recycle","Rip and Tear"],"picked":"SKIP","floor":31},{"not_picked":["Turbo","Genetic Algorithm+1"],"picked":"Storm","floor":32},{"not_picked":["All For One","Rainbow"],"picked":"Reboot","floor":33},{"not_picked":["Reprogram","Lockon+1"],"picked":"Conserve Battery","floor":35},{"not_picked":["Coolheaded+1","Darkness+1"],"picked":"Conserve Battery+1","floor":36},{"not_picked":["Streamline+1","Scrape+1","Beam Cell"],"picked":"SKIP","floor":38},{"not_picked":["Sunder","Go for the Eyes+1"],"picked":"Coolheaded","floor":39},{"not_picked":["Multi-Cast","Stack","Beam Cell+1"],"picked":"SKIP","floor":41},{"not_picked":["Barrage","Consume","Reprogram+1"],"picked":"SKIP","floor":42},{"not_picked":["Rebound+1","Thunder Strike"],"picked":"Cold Snap","floor":44},{"not_picked":["Beam Cell+1","Sweeping Beam"],"picked":"Conserve Battery+1","floor":45},{"not_picked":["Tempest","Beam Cell"],"picked":"Stack+1","floor":47},{"not_picked":["Beam Cell+1","Chaos+1"],"picked":"Undo","floor":48}],"player_experience":273957,"relics_obtained":[{"floor":6,"key":"Centennial Puzzle"},{"floor":8,"key":"Anchor"},{"floor":9,"key":"DataDisk"},{"floor":10,"key":"Bag of Marbles"},{"floor":14,"key":"Tiny Chest"},{"floor":22,"key":"Gambling Chip"},{"floor":24,"key":"Bottled Lightning"},{"floor":26,"key":"Pear"},{"floor":27,"key":"Bottled Flame"},{"floor":30,"key":"Dream Catcher"},{"floor":41,"key":"Gremlin Horn"},{"floor":43,"key":"Blood Vial"},{"floor":44,"key":"Shovel"},{"floor":46,"key":"Darkstone Periapt"},{"floor":48,"key":"Toolbox"},{"floor":49,"key":"Emotion Chip"}],"event_choices":[{"event_name":"Scrap Ooze","player_choice":"success","floor":4,"damage_taken":7},{"event_name":"Dead Adventurer","player_choice":"Searched \u00271\u0027 times","floor":8,"damage_taken":0},{"event_name":"The Library","player_choice":"Read","floor":21,"damage_taken":0}],"boss_relics":[{"not_picked":["Eternal Feather","Calling Bell"],"picked":"Pandora\u0027s Box"},{"not_picked":["Velvet Choker","Fusion Hammer"],"picked":"Sozu"}],"items_purged_floors":[19],"is_endless":false,"potions_floor_spawned":[2,6,11,14,16,20,25,28,30,33,35,41,42,45,47],"ascension_level":7}