{"gold_per_floor":[116,136,136,147,31,31,58,58,58,158,168,185,185,216,216,347,347,347,347,347,347,347,347,347,347,347,35,35,35,35,35,35,35,35,35,35,35,35,35,35,35,35,35,35,35,35,35,35,35,35],"floor_reached":51,"playtime":5311,"items_purged":["Strike_G"],"score":1169,"play_id":"ac7a81d0-112f-4376-964e-8ab885c3b00b","local_time":"20190406214515","is_ascension_mode":true,"campfire_choices":[{"data":"Backstab","floor":6.0,"key":"SMITH"},{"floor":8.0,"key":"REST"},{"data":"Neutralize","floor":15.0,"key":"SMITH"},{"floor":24.0,"key":"REST"},{"floor":32.0,"key":"REST"},{"floor":40,"key":"REST"},{"floor":42,"key":"REST"},{"data":"Footwork","floor":46,"key":"SMITH"},{"data":"Footwork","floor":47,"key":"SMITH"},{"data":"Well Laid Plans","floor":49,"key":"SMITH"}],"neow_cost":"NONE","seed_source_timestamp":26344139722300,"circlet_count":0,"master_deck":["AscendersBane","Defend_G+1","Defend_G","Defend_G+1","Defend_G","Defend_G","Strike_G","Strike_G","Strike_G","Survivor","Neutralize+1","Slice","Quick Slash","Backstab+1","Well Laid Plans+1","Backstab","Dagger Spray","Deadly Poison+1","Injury","Malaise+1","Night Terror+1","Dodge and Roll+1","Concentrate+1","Predator+1","Footwork+1","Leg Sweep+1","Trip+1","Footwork+1","Corpse Explosion+1","Finisher","Dodge and Roll+1","Glass Knife","Clumsy","Doubt","Cloak And Dagger+1","Predator+1"],"special_seed":0,"relics":["Ring of the Snake","War Paint","Toxic Egg 2","Ninja Scroll","Golden Idol","Oddly Smooth Stone","Ectoplasm","Nilry\u0027s Codex","Art of War","Thread and Needle","Mummified Hand","Blood Vial","Cursed Key","WingedGreaves","Ornamental Fan","Juzu Bracelet"],"potions_floor_usage":[50],"damage_taken":[{"damage":0.0,"enemies":"Small Slimes","floor":1.0,"turns":3.0},{"damage":3.0,"enemies":"Cultist","floor":2.0,"turns":5.0},{"damage":0.0,"enemies":"Jaw Worm","floor":4.0,"turns":5.0},{"damage":32.0,"enemies":"Gremlin Nob","floor":7.0,"turns":4.0},{"damage":0.0,"enemies":"Looter","floor":11.0,"turns":1.0},{"damage":0.0,"enemies":"Exordium Wildlife","floor":12.0,"turns":2.0},{"damage":4.0,"enemies":"3 Sentries","floor":14.0,"turns":5.0},{"damage":5.0,"enemies":"Hexaghost","floor":16.0,"turns":11.0},{"damage":0.0,"enemies":"3 Byrds","floor":18.0,"turns":5.0},{"damage":2.0,"enemies":"Chosen","floor":20.0,"turns":5.0},{"damage":13.0,"enemies":"3 Cultists","floor":22.0,"turns":6.0},{"damage":26.0,"enemies":"Slavers","floor":23.0,"turns":7.0},{"damage":5.0,"enemies":"Gremlin Leader","floor":25.0,"turns":9.0},{"damage":1.0,"enemies":"Slavers","floor":28.0,"turns":6.0},{"damage":0.0,"enemies":"Snecko","floor":29.0,"turns":1.0},{"damage":0.0,"enemies":"Centurion and Healer","floor":31.0,"turns":5.0},{"damage":0.0,"enemies":"Champ","floor":33.0,"turns":19.0},{"damage":0.0,"enemies":"Orb Walker","floor":35.0,"turns":5.0},{"damage":56.0,"enemies":"2 Orb Walkers","floor":36.0,"turns":5.0},{"damage":5,"enemies":"3 Darklings","floor":38,"turns":4},{"damage":0,"enemies":"Spire Growth","floor":45,"turns":7},{"damage":0,"enemies":"4 Shapes","floor":48,"turns":6},{"damage":22,"enemies":"Awakened One","floor":50,"turns":21}],"seed_played":"5840959098849638180","potions_obtained":[{"floor":1.0,"key":"LiquidBronze"},{"floor":11.0,"key":"Swift Potion"},{"floor":12.0,"key":"Poison Potion"},{"floor":16.0,"key":"Block Potion"},{"floor":18.0,"key":"Poison Potion"},{"floor":22.0,"key":"FairyPotion"},{"floor":28.0,"key":"SteroidPotion"},{"floor":29.0,"key":"Block Potion"},{"floor":33.0,"key":"Ancient Potion"},{"floor":38,"key":"Ancient Potion"},{"floor":48,"key":"EssenceOfSteel"}],"is_trial":false,"path_per_floor":["M","M","?","M","$","R","E","R","T","?","M","M","?","E","R","B",null,"M","?","M","?","M","E","R","E","T","$","E","M","?","M","R","B",null,"M","?","?","M","$","R","T","R","T","$","M","R","R","M","R","B",null],"character_chosen":"THE_SILENT","items_purchased":["Well Laid Plans","Trip+1","Footwork","Corpse Explosion+1"],"campfire_rested":5,"item_purchase_floors":[5,27,27,27],"current_hp_per_floor":[63,60,60,60,60,60,28,49,49,49,49,49,49,45,45,40,63,63,63,61,45,32,6,27,22,22,22,21,23,23,25,46,48,65,67,13,13,10,10,31,31,52,52,52,54,54,54,56,56,36],"gold":35,"neow_bonus":"RANDOM_COMMON_RELIC","is_prod":false,"is_daily":false,"chose_seed":false,"campfire_upgraded":5,"win_rate":0,"timestamp":1554612315,"path_taken":["M","M","?","M","$","R","E","R","T","?","?","M","?","E","R","BOSS","M","?","M","?","M","E","R","E","T","$","E","M","?","M","R","BOSS","M","?","?","?","$","R","?","R","T","$","M","R","R","M","R","BOSS"],"build_version":"2019-01-23","purchased_purges":1,"victory":true,"max_hp_per_floor":[70,70,70,70,70,70,70,70,70,70,70,70,70,70,70,70,70,70,70,70,70,70,70,70,70,70,70,70,70,70,70,70,70,70,70,70,70,70,70,70,70,70,70,70,70,70,70,70,70,70],"card_choices":[{"not_picked":["Eviscerate","Backflip"],"picked":"Slice","floor":1.0},{"not_picked":["Riddle With Holes","Cloak And Dagger"],"picked":"Quick Slash","floor":2.0},{"not_picked":["Prepared","Sucker Punch"],"picked":"Backstab","floor":4.0},{"not_picked":["Quick Slash","Choke"],"picked":"Backstab","floor":7.0},{"not_picked":["Noxious Fumes","Dagger Throw"],"picked":"Dagger Spray","floor":11.0},{"not_picked":["Riddle With Holes","Quick Slash"],"picked":"Deadly Poison+1","floor":12.0},{"not_picked":["Terror+1","Cloak And Dagger+1"],"picked":"Malaise+1","floor":14.0},{"not_picked":["Wraith Form v2","Glass Knife"],"picked":"Night Terror+1","floor":16.0},{"not_picked":["Poisoned Stab","Sucker Punch","Dagger Throw+1"],"picked":"SKIP","floor":18.0},{"not_picked":["Cloak And Dagger+1","Predator"],"picked":"Concentrate+1","floor":20.0},{"not_picked":["Caltrops","Accuracy"],"picked":"Predator+1","floor":22.0},{"not_picked":["Sucker Punch","Well Laid Plans"],"picked":"Footwork","floor":23.0},{"not_picked":["Escape Plan+1","Envenom"],"picked":"Leg Sweep+1","floor":25.0},{"not_picked":["Flechettes","Bane"],"picked":"Finisher","floor":28.0},{"not_picked":["PiercingWail+1","Dagger Throw"],"picked":"Dodge and Roll+1","floor":29.0},{"not_picked":["Skewer+1","Prepared+1","Predator"],"picked":"SKIP","floor":31.0},{"not_picked":["Night Terror+1","Grand Finale"],"picked":"Glass Knife","floor":33.0},{"not_picked":["Expertise+1","Flying Knee+1","Poisoned Stab"],"picked":"SKIP","floor":35.0},{"not_picked":["Masterful Stab+1","Flying Knee","Deflect+1"],"picked":"SKIP","floor":38},{"not_picked":["Underhanded Strike+1","Distraction+1"],"picked":"Cloak And Dagger+1","floor":45},{"not_picked":["Endless Agony","Bane+1"],"picked":"Predator+1","floor":48}],"player_experience":738541,"relics_obtained":[{"floor":7.0,"key":"Toxic Egg 2"},{"floor":9.0,"key":"Ninja Scroll"},{"floor":14.0,"key":"Oddly Smooth Stone"},{"floor":21.0,"key":"Nilry\u0027s Codex"},{"floor":23.0,"key":"Art of War"},{"floor":25.0,"key":"Thread and Needle"},{"floor":26.0,"key":"Mummified Hand"},{"floor":28.0,"key":"Blood Vial"},{"floor":36.0,"key":"WingedGreaves"},{"floor":41,"key":"Ornamental Fan"},{"floor":43,"key":"Juzu Bracelet"}],"event_choices":[{"damage_healed":0.0,"max_hp_gain":0.0,"max_hp_loss":0.0,"gold_gain":0.0,"event_name":"Golden Wing","player_choice":"Ignored","floor":3.0,"gold_loss":0.0,"damage_taken":0.0},{"damage_healed":0.0,"max_hp_gain":0.0,"max_hp_loss":0.0,"gold_gain":100.0,"event_name":"Golden Shrine","player_choice":"Pray","floor":10.0,"gold_loss":0.0,"damage_taken":0.0},{"damage_healed":0.0,"max_hp_gain":0.0,"max_hp_loss":0.0,"gold_gain":0.0,"event_name":"Golden Idol","player_choice":"Take Wound","floor":13.0,"gold_loss":0.0,"damage_taken":0.0,"relics_obtained":["Golden Idol"],"cards_obtained":["Injury"]},{"damage_healed":0.0,"max_hp_gain":0.0,"max_hp_loss":0.0,"gold_gain":0.0,"event_name":"The Library","player_choice":"Read","floor":19.0,"gold_loss":0.0,"damage_taken":0.0,"cards_obtained":["Dodge and Roll"]},{"damage_healed":0.0,"max_hp_gain":0.0,"max_hp_loss":0.0,"gold_gain":0.0,"event_name":"Cursed Tome","player_choice":"Obtained Book","floor":21.0,"gold_loss":0.0,"damage_taken":16.0},{"damage_healed":0.0,"max_hp_gain":0.0,"max_hp_loss":0.0,"gold_gain":0.0,"event_name":"Mysterious Sphere","player_choice":"Fight","floor":36.0,"gold_loss":0.0,"damage_taken":0.0},{"cards_removed":["Strike_G"],"damage_healed":0.0,"max_hp_gain":0.0,"max_hp_loss":0.0,"gold_gain":0.0,"event_name":"Wheel of Change","player_choice":"Card Removal","floor":37.0,"gold_loss":0.0,"damage_taken":0.0}],"is_beta":false,"boss_relics":[{"not_picked":["Ring of the Serpent","Runic Pyramid"],"picked":"Ectoplasm"},{"not_picked":["Tiny House","Velvet Choker"],"picked":"Cursed Key"}],"items_purged_floors":[5],"is_endless":false,"potions_floor_spawned":[1,11,12,16,18,22,28,29,33,38,48],"ascension_level":11}