{"gold_per_floor":[117,117,128,128,145,180,180,205,255,15,15,46,21,37,37,111,111,128,128,128,143,34,34],"floor_reached":23,"playtime":786,"items_purged":["Strike_B"],"score":384,"play_id":"78fccfb3-1ba8-4ccb-9642-03d687b71ae7","local_time":"20190324202245","is_ascension_mode":true,"campfire_choices":[{"floor":7.0,"key":"REST"},{"floor":15.0,"key":"REST"}],"neow_cost":"NONE","seed_source_timestamp":342428578466324,"circlet_count":0,"master_deck":["AscendersBane","Defend_B","Defend_B","Defend_B","Zap","Dualcast","Rebound","Chaos","Ball Lightning","Leap","Gash","Compile Driver","Defragment","Cold Snap","Conserve Battery","Core Surge","Melter+1","Turbo+1","Coolheaded+1","Cold Snap","Writhe","Defragment","Self Repair","Gash"],"special_seed":0,"relics":["Fusion Hammer","Potion Belt","Odd Mushroom","Regal Pillow","Meat on the Bone","Astrolabe","Strawberry"],"potions_floor_usage":[21,21],"damage_taken":[{"damage":9.0,"enemies":"Small Slimes","floor":1.0,"turns":4.0},{"damage":0.0,"enemies":"Cultist","floor":3.0,"turns":4.0},{"damage":7.0,"enemies":"Jaw Worm","floor":5.0,"turns":3.0},{"damage":5.0,"enemies":"Gremlin Nob","floor":6.0,"turns":3.0},{"damage":20.0,"enemies":"The Mushroom Lair","floor":8.0,"turns":4.0},{"damage":6.0,"enemies":"3 Sentries","floor":12.0,"turns":6.0},{"damage":9.0,"enemies":"Exordium Wildlife","floor":14.0,"turns":5.0},{"damage":24.0,"enemies":"Hexaghost","floor":16.0,"turns":9.0},{"damage":5.0,"enemies":"Chosen","floor":18.0,"turns":4.0},{"damage":9,"enemies":"2 Thieves","floor":21,"turns":4},{"damage":62,"enemies":"Book of Stabbing","floor":23,"turns":5}],"seed_played":"-1589467237364034765","potions_obtained":[{"floor":3.0,"key":"Explosive Potion"},{"floor":6.0,"key":"Dexterity Potion"},{"floor":12.0,"key":"Energy Potion"},{"floor":16.0,"key":"Strength Potion"},{"floor":18.0,"key":"AttackPotion"}],"is_trial":false,"path_per_floor":["M","?","M","?","M","E","R","?","T","$","?","E","$","M","R","B",null,"M","?","?","M","$","E"],"character_chosen":"DEFECT","items_purchased":["Compile Driver","Explosive Potion","Swift Potion","Cold Snap","Gash","Explosive Potion"],"campfire_rested":2,"item_purchase_floors":[10,10,10,13,22,22],"current_hp_per_floor":[55,55,55,55,48,43,64,44,44,44,44,38,38,41,71,47,65,60,67,67,58,58,0],"gold":34,"neow_bonus":"BOSS_RELIC","is_prod":false,"is_daily":false,"chose_seed":false,"campfire_upgraded":0,"win_rate":0,"timestamp":1553476965,"path_taken":["M","?","?","?","?","E","R","?","T","?","?","E","?","M","R","BOSS","M","?","?","M","$","E"],"build_version":"2019-01-23","purchased_purges":1,"victory":false,"max_hp_per_floor":[71,71,71,71,71,71,71,71,71,71,71,71,71,71,71,71,71,71,78,78,78,78,78],"card_choices":[{"not_picked":["Compile Driver","Gash"],"picked":"Rebound","floor":1.0},{"not_picked":["Sweeping Beam","Lockon"],"picked":"Ball Lightning","floor":3.0},{"not_picked":["Tempest","Turbo"],"picked":"Go for the Eyes","floor":5.0},{"not_picked":["Sweeping Beam","BootSequence"],"picked":"Leap","floor":6.0},{"not_picked":["Sunder","Rainbow"],"picked":"Gash","floor":8.0},{"not_picked":["Stack","Cold Snap"],"picked":"Defragment","floor":12.0},{"not_picked":["Redo","Rebound"],"picked":"Conserve Battery","floor":14.0},{"not_picked":["Amplify","Thunder Strike"],"picked":"Core Surge","floor":16.0},{"not_picked":["Sweeping Beam","Streamline"],"picked":"Cold Snap","floor":18.0},{"not_picked":["Turbo","Ball Lightning"],"picked":"Self Repair","floor":21}],"player_experience":833377,"relics_obtained":[{"floor":6.0,"key":"Potion Belt"},{"floor":8.0,"key":"Odd Mushroom"},{"floor":9.0,"key":"Regal Pillow"},{"floor":12.0,"key":"Meat on the Bone"}],"event_choices":[{"damage_healed":0.0,"max_hp_gain":0.0,"max_hp_loss":0.0,"gold_gain":0.0,"cards_transformed":["Strike_B"],"event_name":"Transmorgrifier","player_choice":"Transformed","floor":2.0,"gold_loss":0.0,"damage_taken":0.0,"cards_obtained":["Chaos"]},{"cards_removed":["Strike_B"],"damage_healed":0.0,"max_hp_gain":0.0,"max_hp_loss":0.0,"gold_gain":0.0,"event_name":"Bonfire Elementals","player_choice":"Offered Basic","floor":4.0,"gold_loss":0.0,"damage_taken":0.0},{"damage_healed":0.0,"max_hp_gain":0.0,"max_hp_loss":0.0,"gold_gain":0.0,"event_name":"Mushrooms","player_choice":"Fought Mushrooms","floor":8.0,"gold_loss":0.0,"damage_taken":0.0},{"damage_healed":0.0,"max_hp_gain":0.0,"max_hp_loss":0.0,"gold_gain":0.0,"event_name":"Dead Adventurer","player_choice":"Searched \u00270\u0027 times","floor":11.0,"gold_loss":0.0,"damage_taken":0.0},{"damage_healed":0.0,"max_hp_gain":0.0,"max_hp_loss":0.0,"gold_gain":0.0,"event_name":"The Mausoleum","player_choice":"Opened","floor":19.0,"gold_loss":0.0,"damage_taken":0.0,"relics_obtained":["Strawberry"],"cards_obtained":["Writhe"]},{"damage_healed":0.0,"max_hp_gain":0.0,"max_hp_loss":0.0,"gold_gain":0.0,"event_name":"Duplicator","player_choice":"Copied","floor":20.0,"gold_loss":0.0,"damage_taken":0.0,"cards_obtained":["Defragment"]}],"is_beta":false,"boss_relics":[{"not_picked":["White Beast Statue","Runic Dome"],"picked":"Astrolabe"}],"items_purged_floors":[10],"is_endless":false,"potions_floor_spawned":[3,6,12,16,18],"killed_by":"Book of Stabbing","ascension_level":19}