{"path_per_floor":["M","?","M","?","M","E","R","E","T","R","M","E","M","M","R","B",null,"M","M"],"character_chosen":"THE_SILENT","items_purchased":[],"gold_per_floor":[99,99,99,99,99,99,99,99,99,99,99,99,99,99,99,99,99,99,99],"floor_reached":20,"campfire_rested":1,"playtime":1201,"current_hp_per_floor":[68,61,61,61,61,41,41,30,30,30,30,16,16,16,37,19,70,37,34],"items_purged":[],"gold":99,"score":216,"play_id":"ad95386f-7aeb-4e5c-9a71-a958527e5be7","local_time":"20180228005552","is_prod":false,"is_daily":false,"is_ascension_mode":true,"campfire_upgraded":2,"timestamp":1519808152,"path_taken":["M","?","M","?","M","E","R","E","T","R","M","E","?","?","R","BOSS","M","M","M"],"build_version":"2018-02-27-BETA1","purchased_purges":0,"victory":false,"master_deck":["Defend_G","Defend_G","Defend_G","Defend_G","Defend_G","Strike_G","Strike_G","Strike_G","Strike_G","Survivor","Neutralize+1","Sucker Punch","Glass Knife+1","Endless Agony","Cloak And Dagger","Heel Hook","Blade Dance","A Thousand Cuts","Outmaneuver","Cloak And Dagger","Envenom","Deflect+1","Outmaneuver"],"max_hp_per_floor":[70,70,70,70,70,70,70,70,70,70,70,70,70,70,70,70,70,70,70],"relics":["Ectoplasm","Ancient Tea Set","Darkstone Periapt","Old Coin","Torii","White Beast Statue"],"card_choices":[{"not_picked":["Underhanded Strike","Bane"],"picked":"Sucker Punch"},{"not_picked":["Poisoned Stab","Bane"],"picked":"Glass Knife"},{"not_picked":["Dodge and Roll","Predator"],"picked":"Endless Agony"},{"not_picked":["Deflect","PiercingWail"],"picked":"Cloak And Dagger"},{"not_picked":["Flechettes","Bane"],"picked":"Heel Hook"},{"not_picked":["Skewer","Grand Finale"],"picked":"Blade Dance"},{"not_picked":["Heel Hook","Corpse Explosion"],"picked":"A Thousand Cuts"},{"not_picked":["Slice","Poisoned Stab"],"picked":"Outmaneuver"},{"not_picked":["Deadly Poison","Prepared"],"picked":"Cloak And Dagger"},{"not_picked":["Storm of Steel","Night Terror"],"picked":"Envenom"},{"not_picked":["Blade Dance","Bane"],"picked":"Deflect"},{"not_picked":["Dagger Throw","Deadly Poison"],"picked":"Outmaneuver"}],"player_experience":124818,"potions_floor_usage":[16,19,20],"damage_taken":[{"damage":2,"enemies":"Jaw Worm","floor":1,"turns":5},{"damage":0,"enemies":"Small Slimes","floor":3,"turns":3},{"damage":0,"enemies":"2 Louse","floor":5,"turns":2},{"damage":20,"enemies":"Lagavulin","floor":6,"turns":8},{"damage":11,"enemies":"3 Sentries","floor":8,"turns":7},{"damage":0,"enemies":"2 Fungi Beasts","floor":11,"turns":2},{"damage":14,"enemies":"Gremlin Nob","floor":12,"turns":4},{"damage":0,"enemies":"Gremlin Gang","floor":13,"turns":5},{"damage":0,"enemies":"Blue Slaver","floor":14,"turns":3},{"damage":18,"enemies":"The Guardian","floor":16,"turns":13},{"damage":33,"enemies":"Chosen","floor":18,"turns":6},{"damage":3,"enemies":"Shell Parasite","floor":19,"turns":6},{"damage":49,"enemies":"Cultist and Chosen","floor":20,"turns":6}],"event_choices":[{"event_name":"Golden Wing","player_choice":"Card Removal","floor":2,"damage_taken":0},{"event_name":"Golden Shrine","player_choice":"Pray","floor":4,"damage_taken":0}],"boss_relics":[{"not_picked":["Runic Dome","Snecko Eye"],"picked":"White Beast Statue"}],"potions_floor_spawned":[6,8,12,13,14,16,18,19],"seed_played":"2435508279845993685","killed_by":"Cultist and Chosen","ascension_level":2,"is_trial":false}