{"gold_per_floor":[115,127,139,153,172,200,200,200,200,200],"floor_reached":10,"playtime":307,"items_purged":[],"score":74,"play_id":"7012c039-ea2a-4326-9459-9e339f6f15b8","local_time":"20190224000639","is_ascension_mode":true,"campfire_choices":[{"data":"Zap","floor":7.0,"key":"SMITH"}],"neow_cost":"NONE","seed_source_timestamp":0,"circlet_count":0,"master_deck":["Strike_B","Strike_B","Strike_B","Strike_B","Defend_B","Defend_B","Defend_B","Defend_B","Zap+1","Dualcast","Gash","Turbo","Hello World","Rebound"],"special_seed":0,"relics":["Cracked Core","NeowsBlessing","Torii","Blue Candle","Matryoshka"],"potions_floor_usage":[],"damage_taken":[{"damage":0.0,"enemies":"2 Louse","floor":1.0,"turns":1.0},{"damage":0.0,"enemies":"Cultist","floor":2.0,"turns":1.0},{"damage":0.0,"enemies":"Small Slimes","floor":3.0,"turns":1.0},{"damage":11.0,"enemies":"Red Slaver","floor":4.0,"turns":3.0},{"damage":4.0,"enemies":"Exordium Wildlife","floor":5.0,"turns":4.0},{"damage":14.0,"enemies":"Lagavulin","floor":6.0,"turns":6.0},{"damage":0,"enemies":"3 Sentries","floor":10,"turns":1}],"seed_played":"-3152905273719396105","potions_obtained":[{"floor":2.0,"key":"Regen Potion"},{"floor":4.0,"key":"Poison Potion"},{"floor":5.0,"key":"Strength Potion"},{"floor":6.0,"key":"SkillPotion"}],"is_trial":false,"path_per_floor":["M","M","M","M","M","E","R","?","T","E"],"character_chosen":"DEFECT","items_purchased":[],"campfire_rested":0,"item_purchase_floors":[],"current_hp_per_floor":[75,75,75,64,60,55,55,55,55,55],"gold":200,"neow_bonus":"THREE_ENEMY_KILL","is_prod":false,"is_daily":false,"chose_seed":false,"campfire_upgraded":1,"win_rate":0,"timestamp":1550995599,"path_taken":["M","M","M","M","M","E","R","?","T","E"],"build_version":"2019-01-23","purchased_purges":0,"victory":false,"max_hp_per_floor":[75,75,75,75,75,75,75,75,75,75],"card_choices":[{"not_picked":["Cold Snap","Compile Driver"],"picked":"Gash","floor":1.0},{"not_picked":["Storm","Lockon"],"picked":"Turbo","floor":2.0},{"not_picked":["Steam","Undo","Beam Cell"],"picked":"SKIP","floor":3.0},{"not_picked":["Rebound","Darkness"],"picked":"Hello World","floor":4.0},{"not_picked":["Leap","Aggregate"],"picked":"BootSequence","floor":5.0},{"not_picked":["Leap","Scrape"],"picked":"Rebound","floor":6.0}],"player_experience":206846,"relics_obtained":[{"floor":6.0,"key":"Torii"},{"floor":9.0,"key":"Matryoshka"}],"event_choices":[{"cards_removed":["BootSequence"],"damage_healed":0.0,"max_hp_gain":0.0,"max_hp_loss":0.0,"gold_gain":0.0,"event_name":"WeMeetAgain","player_choice":"Gave Card","floor":8.0,"gold_loss":0.0,"damage_taken":0.0,"relics_obtained":["Blue Candle"]}],"is_beta":false,"boss_relics":[],"items_purged_floors":[],"is_endless":false,"potions_floor_spawned":[2,4,5,6],"killed_by":"3 Sentries","ascension_level":1}