{"gold_per_floor":[114,128,128,142,142,175,175,239,263,263,298,350,37,52,52,181,181,204,129,129,53,53,96,96,116,166,179,33,33,76,99,99,99],"floor_reached":33,"playtime":1146,"items_purged":["Regret"],"score":432,"play_id":"3770c4e6-6d05-4cee-b064-140137eeeb6b","local_time":"20190209175306","is_ascension_mode":true,"campfire_choices":[{"floor":7,"key":"REST"},{"floor":10,"key":"REST"},{"floor":15,"key":"REST"},{"floor":24,"key":"RECALL"},{"floor":32,"key":"REST"}],"neow_cost":"NONE","seed_source_timestamp":359041853631586,"circlet_count":0,"master_deck":["Strike_R","Strike_R","Strike_R","Strike_R","Defend_R","Defend_R+1","Defend_R+1","Bash","Immolate","Metallicize","Headbutt","Flame Barrier","Pommel Strike","Impervious","Impervious","Metallicize","Impervious","Shrug It Off","Combust","Shockwave","Iron Wave+1","Combust","Seeing Red+1"],"relics":["Burning Blood","Golden Idol","Centennial Puzzle","Potion Belt","Tiny Chest","Kunai","War Paint","Velvet Choker","Sundial","Bag of Marbles","Strawberry","Omamori"],"potions_floor_usage":[6,23,31],"damage_taken":[{"damage":0,"enemies":"2 Louse","floor":1,"turns":2},{"damage":0,"enemies":"Jaw Worm","floor":2,"turns":5},{"damage":5,"enemies":"Small Slimes","floor":4,"turns":2},{"damage":28,"enemies":"Lagavulin","floor":6,"turns":5},{"damage":46,"enemies":"Gremlin Nob","floor":8,"turns":5},{"damage":33,"enemies":"3 Sentries","floor":11,"turns":6},{"damage":0,"enemies":"3 Louse","floor":14,"turns":2},{"damage":0,"enemies":"Slime Boss","floor":16,"turns":8},{"damage":17,"enemies":"Spheric Guardian","floor":18,"turns":6},{"damage":10,"enemies":"Slavers","floor":23,"turns":5},{"damage":16,"enemies":"2 Thieves","floor":25,"turns":3},{"damage":15,"enemies":"Snake Plant","floor":27,"turns":3},{"damage":10,"enemies":"Gremlin Leader","floor":30,"turns":6},{"damage":12,"enemies":"3 Cultists","floor":31,"turns":4},{"damage":44,"enemies":"Champ","floor":33,"turns":10}],"seed_played":"7364713063963224844","potions_obtained":[{"floor":1,"key":"AttackPotion"},{"floor":2,"key":"Dexterity Potion"},{"floor":14,"key":"SkillPotion"},{"floor":27,"key":"FearPotion"},{"floor":30,"key":"Poison Potion"}],"is_trial":false,"path_per_floor":["M","M","?","M","?","E","R","E","T","R","E","T","$","M","R","B",null,"M","?","?","$","?","E","R","M","T","M","$","?","E","M","R","B"],"character_chosen":"IRONCLAD","items_purchased":["Impervious","Metallicize","Combust","Strawberry"],"campfire_rested":4,"item_purchase_floors":[13,13,21,28],"current_hp_per_floor":[80,80,60,61,61,39,63,23,23,47,20,20,20,26,50,56,80,69,69,69,69,69,65,65,55,55,46,53,53,49,43,69,25],"gold":99,"neow_bonus":"ONE_RANDOM_RARE_CARD","is_prod":false,"is_daily":false,"chose_seed":false,"campfire_upgraded":0,"win_rate":0,"timestamp":1549756386,"path_taken":["M","M","?","M","?","E","R","E","T","R","E","?","$","M","R","BOSS","M","?","?","$","?","E","R","?","T","M","$","?","E","M","R","BOSS"],"build_version":"2019-01-23","purchased_purges":1,"victory":false,"max_hp_per_floor":[80,80,80,80,80,80,80,80,80,80,80,80,80,80,80,80,80,80,80,80,80,80,80,80,80,80,80,87,87,87,87,87,87],"card_choices":[{"not_picked":["Feel No Pain","Hemokinesis"],"picked":"Metallicize","floor":1},{"not_picked":["Disarm","Cleave","Thunderclap"],"picked":"SKIP","floor":2},{"not_picked":["Shockwave","Twin Strike"],"picked":"Headbutt","floor":4},{"not_picked":["Intimidate","Pummel"],"picked":"Flame Barrier","floor":6},{"not_picked":["Carnage","Searing Blow"],"picked":"Pommel Strike","floor":8},{"not_picked":["Clothesline","Wild Strike"],"picked":"Impervious","floor":11},{"not_picked":["Reckless Charge","Anger","Cleave"],"picked":"SKIP","floor":14},{"not_picked":["Dark Embrace","Offering"],"picked":"Impervious","floor":16},{"not_picked":["Anger+1","Warcry+1"],"picked":"Shrug It Off","floor":18},{"not_picked":["Cleave","Barricade"],"picked":"Iron Wave+1","floor":23},{"not_picked":["Warcry+1","Twin Strike","Flex"],"picked":"SKIP","floor":25},{"not_picked":["Pommel Strike","Warcry+1"],"picked":"Combust","floor":27},{"not_picked":["Perfected Strike","Heavy Blade"],"picked":"Seeing Red+1","floor":30},{"not_picked":["Entrench+1","Second Wind","Clash"],"picked":"SKIP","floor":31}],"player_experience":465666,"relics_obtained":[{"floor":6,"key":"Potion Belt"},{"floor":8,"key":"Tiny Chest"},{"floor":11,"key":"Kunai"},{"floor":12,"key":"War Paint"},{"floor":23,"key":"Sundial"},{"floor":26,"key":"Bag of Marbles"},{"floor":30,"key":"Omamori"}],"event_choices":[{"damage_healed":0,"gold_gain":0,"player_choice":"Take Damage","damage_taken":20,"relics_obtained":["Golden Idol"],"max_hp_gain":0,"max_hp_loss":0,"event_name":"Golden Idol","floor":3,"gold_loss":0},{"damage_healed":0,"gold_gain":0,"player_choice":"Box","damage_taken":0,"relics_obtained":["Centennial Puzzle"],"max_hp_gain":0,"max_hp_loss":0,"event_name":"Big Fish","floor":5,"gold_loss":0,"cards_obtained":["Regret"]},{"cards_removed":["Defend_R"],"damage_healed":0,"gold_gain":0,"player_choice":"Gave Gold","damage_taken":0,"max_hp_gain":0,"max_hp_loss":0,"event_name":"Beggar","floor":19,"gold_loss":75},{"damage_healed":0,"gold_gain":0,"player_choice":"Ignored","damage_taken":0,"max_hp_gain":0,"max_hp_loss":0,"event_name":"Ghosts","floor":20,"gold_loss":0},{"damage_healed":0,"gold_gain":0,"cards_transformed":["Strike_R"],"player_choice":"Transformed","damage_taken":0,"max_hp_gain":0,"max_hp_loss":0,"event_name":"Transmorgrifier","floor":22,"gold_loss":0,"cards_obtained":["Shockwave"]},{"damage_healed":0,"gold_gain":0,"player_choice":"Ignored","damage_taken":0,"max_hp_gain":0,"max_hp_loss":0,"event_name":"Vampires","floor":29,"gold_loss":0}],"is_beta":false,"boss_relics":[{"not_picked":["Busted Crown","Philosopher\u0027s Stone"],"picked":"Velvet Choker"}],"items_purged_floors":[13],"is_endless":false,"potions_floor_spawned":[1,2,14,27,30],"killed_by":"Champ","ascension_level":3}