{"path_per_floor":["M","?","$","?","?","E","R","M","T","R","$","?","M","E","R","B",null,"M","M","?","$","?","R","E","M","T","M","?","E","R","E","R","B",null,"M","?","?","M","M","E","R","M","T","E","R","?","$","M","R","B"],"character_chosen":"DEFECT","items_purchased":["Chill","Secret Weapon+1","Beam Cell","Shuriken","Leap+1"],"gold_per_floor":[117,117,42,42,42,74,74,84,84,84,14,70,88,122,122,220,220,231,245,274,16,16,16,42,58,82,93,93,120,120,146,146,242,242,254,224,224,239,253,253,253,263,263,292,292,292,20,31,31,31],"floor_reached":51,"campfire_rested":4,"playtime":2396,"item_purchase_floors":[11,21,21,47,47],"current_hp_per_floor":[68,68,68,68,68,49,49,49,49,71,71,67,67,67,67,44,67,49,43,40,40,40,62,48,46,46,51,75,73,73,72,72,65,91,89,89,89,85,81,76,76,75,75,55,84,84,84,45,74,40],"items_purged":["Decay"],"gold":31,"score":1042,"play_id":"030894d7-3aad-4fa3-8000-c98b5963cc17","local_time":"20180528060917","is_prod":false,"is_daily":false,"chose_seed":false,"is_ascension_mode":true,"campfire_upgraded":5,"win_rate":0,"timestamp":1527480557,"campfire_choices":[{"data":"Zap","floor":7,"key":"SMITH"},{"floor":10,"key":"REST"},{"data":"Beam Cell","floor":15,"key":"SMITH"},{"floor":23,"key":"REST"},{"data":"Zap","floor":30,"key":"SMITH"},{"data":"Glacier","floor":32,"key":"SMITH"},{"data":"Dualcast","floor":41,"key":"SMITH"},{"floor":45,"key":"REST"},{"floor":49,"key":"REST"}],"path_taken":["M","?","$","?","?","E","R","M","T","R","$","?","M","E","R","BOSS","M","M","?","$","?","R","E","?","T","M","?","E","R","E","R","BOSS","M","?","?","M","M","E","R","?","T","E","R","?","$","M","R","BOSS"],"build_version":"2018-05-25","seed_source_timestamp":7507636773849,"purchased_purges":1,"victory":true,"master_deck":["Strike_B","Defend_B","Defend_B","Defend_B","Defend_B","Zap+1","Dualcast+1","Glacier+1","Ball Lightning","Zap+1","Beam Cell+1","Auto Shields","Chill","BootSequence+1","Coolheaded+1","White Noise+1","Beam Cell","Reinforced Body+1","Consume+1","Secret Weapon+1","Beam Cell","Chill+1","Coolheaded+1","Scrape+1","White Noise+1","Go for the Eyes+1","Chill+1","Gash+1","Redo+1","Leap+1"],"max_hp_per_floor":[75,75,75,75,75,75,75,75,75,75,75,75,75,75,75,75,75,75,75,75,75,75,75,75,75,75,75,75,89,89,99,99,99,99,99,99,99,99,99,99,99,99,99,99,99,99,99,99,99,99],"relics":["Cracked Core","Cables","Omamori","Toxic Egg 2","Letter Opener","Lizard Tail","Red Mask","Centennial Puzzle","Oddly Smooth Stone","Mango","Pear","Nuclear Battery","Symbiotic Virus","Boot","Shuriken"],"card_choices":[{"not_picked":["Compile Driver","Rebound"],"picked":"Ball Lightning","floor":1},{"not_picked":["Ball Lightning","Genetic Algorithm"],"picked":"Beam Cell","floor":6},{"not_picked":["Sweeping Beam","Leap"],"picked":"Auto Shields","floor":8},{"not_picked":["Cold Snap","Reinforced Body"],"picked":"BootSequence","floor":12},{"not_picked":["Streamline","Cold Snap"],"picked":"Coolheaded+1","floor":13},{"not_picked":["Machine Learning","Melter"],"picked":"White Noise+1","floor":14},{"not_picked":["Capacitor+1","Barrage"],"picked":"Beam Cell","floor":18},{"not_picked":["Turbo+1","Sweeping Beam"],"picked":"Reinforced Body+1","floor":19},{"not_picked":["Stack+1","Steam+1"],"picked":"Consume+1","floor":20},{"not_picked":["Reinforced Body+1","Turbo+1"],"picked":"Coolheaded+1","floor":24},{"not_picked":["Rainbow+1","Steam+1"],"picked":"Scrape+1","floor":25},{"not_picked":["Compile Driver","Undo+1","Force Field+1"],"picked":"SKIP","floor":27},{"not_picked":["Redo+1","Coolheaded+1"],"picked":"White Noise+1","floor":29},{"not_picked":["Streamline","Defragment"],"picked":"Go for the Eyes+1","floor":31},{"not_picked":["Rebound+1","Fusion+1"],"picked":"Chill+1","floor":35},{"not_picked":["Transmutation","Panacea"],"picked":"Sadistic Nature","floor":37},{"not_picked":["Coolheaded+1","Turbo+1","Reinforced Body+1"],"picked":"SKIP","floor":38},{"not_picked":["Auto Shields+1","Stack+1","Streamline+1"],"picked":"SKIP","floor":39},{"not_picked":["Loop","Leap+1"],"picked":"Gash+1","floor":42},{"not_picked":["Melter","Capacitor+1"],"picked":"Redo+1","floor":44},{"not_picked":["Steam+1","Coolheaded+1","Sweeping Beam"],"picked":"SKIP","floor":48}],"player_experience":100928,"potions_floor_usage":[16,16,16,20,29,31,33,40,40,42,42,44,44,50,50],"damage_taken":[{"damage":0,"enemies":"Small Slimes","floor":1,"turns":3},{"damage":19,"enemies":"Gremlin Nob","floor":6,"turns":5},{"damage":0,"enemies":"Cultist","floor":8,"turns":3},{"damage":4,"enemies":"Lagavulin Event","floor":12,"turns":6},{"damage":0,"enemies":"Jaw Worm","floor":13,"turns":2},{"damage":0,"enemies":"3 Sentries","floor":14,"turns":9},{"damage":23,"enemies":"Hexaghost","floor":16,"turns":7},{"damage":18,"enemies":"3 Byrds","floor":18,"turns":6},{"damage":6,"enemies":"Spheric Guardian","floor":19,"turns":4},{"damage":10,"enemies":"Masked Bandits","floor":20,"turns":5},{"damage":14,"enemies":"Book of Stabbing","floor":24,"turns":6},{"damage":2,"enemies":"Snecko","floor":25,"turns":6},{"damage":2,"enemies":"Snake Plant","floor":27,"turns":3},{"damage":16,"enemies":"Gremlin Leader","floor":29,"turns":10},{"damage":11,"enemies":"Book of Stabbing","floor":31,"turns":3},{"damage":7,"enemies":"Automaton","floor":33,"turns":10},{"damage":2,"enemies":"3 Darklings","floor":35,"turns":4},{"damage":4,"enemies":"3 Shapes","floor":38,"turns":6},{"damage":11,"enemies":"3 Darklings","floor":39,"turns":6},{"damage":5,"enemies":"Giant Head","floor":40,"turns":8},{"damage":1,"enemies":"Flame Bruiser 2 Orb","floor":42,"turns":7},{"damage":20,"enemies":"2 Orb Walkers","floor":44,"turns":5},{"damage":39,"enemies":"Maw","floor":48,"turns":9},{"damage":34,"enemies":"Awakened One","floor":50,"turns":10}],"relics_obtained":[{"floor":6,"key":"Cables"},{"floor":9,"key":"Omamori"},{"floor":12,"key":"Toxic Egg 2"},{"floor":14,"key":"Letter Opener"},{"floor":20,"key":"Red Mask"},{"floor":24,"key":"Centennial Puzzle"},{"floor":26,"key":"Oddly Smooth Stone"},{"floor":29,"key":"Mango"},{"floor":31,"key":"Pear"},{"floor":43,"key":"Symbiotic Virus"},{"floor":44,"key":"Boot"}],"event_choices":[{"event_name":"Wheel of Change","player_choice":"Curse","floor":2,"damage_taken":0},{"event_name":"Bonfire Elementals","player_choice":"BASIC","floor":4,"damage_taken":0},{"event_name":"Match and Keep!","player_choice":"1 cards matched","floor":5,"damage_taken":0},{"event_name":"Dead Adventurer","player_choice":"Searched \u00272\u0027 times","floor":12,"damage_taken":0},{"event_name":"Masked Bandits","player_choice":"Fought over 245 gold","floor":20,"damage_taken":0},{"event_name":"Transmorgrifier","player_choice":"Transform","floor":22,"damage_taken":0},{"event_name":"The Library","player_choice":"Heal","floor":28,"damage_taken":0},{"event_name":"The Woman in Blue","player_choice":"Bought 2 Potions","floor":36,"damage_taken":0},{"event_name":"SensoryStone","player_choice":"Memory 1","floor":37,"damage_taken":0}],"boss_relics":[{"not_picked":["Runic Dome","Runic Pyramid"],"picked":"Lizard Tail"},{"not_picked":["Snecko Eye","Velvet Choker"],"picked":"Nuclear Battery"}],"items_purged_floors":[3],"potions_floor_spawned":[12,13,14,19,25,27,29,33,42,48],"seed_played":"5340077591876992378","ascension_level":6,"potions_obtained":[{"floor":12,"key":"Strength Potion"},{"floor":13,"key":"PowerPotion"},{"floor":14,"key":"AttackPotion"},{"floor":19,"key":"SteroidPotion"},{"floor":25,"key":"SteroidPotion"},{"floor":27,"key":"SkillPotion"},{"floor":29,"key":"Explosive Potion"},{"floor":33,"key":"EssenceOfSteel"},{"floor":36,"key":"SmokeBomb"},{"floor":36,"key":"EntropicBrew"},{"floor":42,"key":"Dexterity Potion"},{"floor":48,"key":"Strength Potion"}],"is_trial":false}