{"gold_per_floor":[212,212,212,236,257,257,296,296,296,335,89,54,73,73,73,202,202,216,216,216,232,156,194,194,194,221,236,252,252,292,292,292,420,420,444,457,481,205,226,262,262,286,286,298,326,37,50,50,50,50],"floor_reached":51,"playtime":4509,"items_purged":["Sword Boomerang","Armaments+1"],"score":735,"play_id":"7b14536b-2963-4b1d-b5cc-31b0c0732b15","local_time":"20190324135232","is_ascension_mode":true,"campfire_choices":[{"floor":6,"key":"DIG"},{"floor":8,"key":"REST"},{"data":"True Grit","floor":15,"key":"SMITH"},{"data":"Perfected Strike","floor":25,"key":"SMITH"},{"floor":29,"key":"REST"},{"floor":32,"key":"REST"},{"floor":41,"key":"REST"},{"floor":44,"key":"REST"},{"floor":49,"key":"REST"}],"neow_cost":"NONE","seed_source_timestamp":843118146245089,"circlet_count":0,"master_deck":["Strike_R+1","Strike_R+1","Strike_R+1","Strike_R+1","Strike_R+1","Defend_R+1","Defend_R+1","Defend_R+1","Bash","Perfected Strike+1","Disarm","True Grit","Perfected Strike","Pommel Strike","True Grit+1","Demon Form","Headbutt+1","Impervious","Inflame","Hemokinesis+1","Heavy Blade","Offering","Disarm+1","Heavy Blade+1","Shrug It Off","Cleave","Immolate","HandOfGreed"],"relics":["Burning Blood","Golden Idol","Shovel","Vajra","Charon\u0027s Ashes","Nunchaku","Pear","Tiny Chest","Sozu","Centennial Puzzle","Pen Nib","Juzu Bracelet","Potion Belt","Velvet Choker","Bottled Tornado","Ancient Tea Set","MawBank","Brimstone"],"potions_floor_usage":[7,10,16],"damage_taken":[{"damage":5,"enemies":"Jaw Worm","floor":1,"turns":5},{"damage":0,"enemies":"Small Slimes","floor":4,"turns":4},{"damage":8,"enemies":"2 Louse","floor":5,"turns":3},{"damage":36,"enemies":"Lagavulin","floor":7,"turns":6},{"damage":29,"enemies":"Gremlin Nob","floor":10,"turns":5},{"damage":5,"enemies":"Looter","floor":13,"turns":2},{"damage":10,"enemies":"Slime Boss","floor":16,"turns":7},{"damage":5,"enemies":"Spheric Guardian","floor":18,"turns":3},{"damage":11,"enemies":"Shell Parasite","floor":21,"turns":4},{"damage":53,"enemies":"Book of Stabbing","floor":23,"turns":6},{"damage":2,"enemies":"Cultist and Chosen","floor":27,"turns":4},{"damage":2,"enemies":"Centurion and Healer","floor":28,"turns":4},{"damage":47,"enemies":"Slavers","floor":30,"turns":4},{"damage":15,"enemies":"Champ","floor":33,"turns":9},{"damage":9,"enemies":"Orb Walker","floor":35,"turns":3},{"damage":6,"enemies":"3 Shapes","floor":36,"turns":2},{"damage":2,"enemies":"Jaw Worm Horde","floor":37,"turns":3},{"damage":23,"enemies":"3 Darklings","floor":39,"turns":3},{"damage":46,"enemies":"Reptomancer","floor":40,"turns":5},{"damage":22,"enemies":"Spire Growth","floor":42,"turns":3},{"damage":8,"enemies":"Transient","floor":45,"turns":5},{"damage":2,"enemies":"3 Darklings","floor":47,"turns":4},{"damage":81,"enemies":"Awakened One","floor":50,"turns":8}],"seed_played":"-3839779632111058149","potions_obtained":[{"floor":5,"key":"Poison Potion"},{"floor":7,"key":"LiquidBronze"},{"floor":10,"key":"Strength Potion"}],"is_trial":false,"path_per_floor":["M","?","?","M","M","R","E","R","T","E","$","?","M","?","R","B",null,"M","?","?","M","$","E","?","R","T","M","M","R","E","T","R","B",null,"M","M","M","$","M","E","R","M","T","R","M","$","M","?","R","B",null],"character_chosen":"IRONCLAD","items_purchased":["Pommel Strike","Tiny Chest","Inflame","Bottled Tornado","Cleave","Brimstone"],"campfire_rested":6,"item_purchase_floors":[11,11,22,38,38,46],"current_hp_per_floor":[80,60,48,54,52,52,22,46,46,33,33,55,56,49,49,45,90,90,90,90,85,85,38,38,38,38,42,46,73,32,32,59,50,90,87,87,90,90,73,33,60,44,44,71,69,69,73,73,90,15],"gold":50,"neow_bonus":"HUNDRED_GOLD","is_prod":false,"is_daily":false,"chose_seed":false,"campfire_upgraded":2,"win_rate":0,"timestamp":1553460752,"path_taken":["M","?","?","M","M","R","E","R","T","E","$","?","M","?","R","BOSS","M","?","?","M","$","E","?","R","T","M","M","R","E","?","R","BOSS","M","M","M","$","M","E","R","M","T","R","M","$","M","?","R","BOSS"],"build_version":"2019-01-23","purchased_purges":2,"victory":true,"max_hp_per_floor":[80,80,80,80,80,80,80,80,80,90,90,90,90,90,90,90,90,90,90,90,90,90,90,90,90,90,90,90,90,90,90,90,90,90,90,90,90,90,90,90,90,90,90,90,90,90,90,90,90,90],"card_choices":[{"not_picked":["Thunderclap","Power Through"],"picked":"Perfected Strike","floor":1},{"not_picked":["Seeing Red","Clash"],"picked":"Disarm","floor":4},{"not_picked":["Twin Strike","Warcry"],"picked":"True Grit","floor":5},{"not_picked":["Power Through","Bloodletting"],"picked":"Sword Boomerang","floor":7},{"not_picked":["Shockwave","Armaments"],"picked":"Perfected Strike","floor":10},{"not_picked":["Havoc","Dual Wield"],"picked":"True Grit","floor":13},{"not_picked":["Double Tap","Exhume"],"picked":"Demon Form","floor":16},{"not_picked":["Clothesline","Body Slam"],"picked":"Headbutt+1","floor":18},{"not_picked":["True Grit+1","Dual Wield"],"picked":"Impervious","floor":21},{"not_picked":["Thunderclap","Headbutt"],"picked":"Hemokinesis+1","floor":23},{"not_picked":["Cleave","Blood for Blood"],"picked":"Armaments+1","floor":27},{"not_picked":["Headbutt","Iron Wave+1","Power Through"],"picked":"SKIP","floor":28},{"not_picked":["Berserk","Evolve"],"picked":"Heavy Blade","floor":30},{"not_picked":["Feed","Demon Form"],"picked":"Offering","floor":33},{"not_picked":["Searing Blow+1","Shrug It Off"],"picked":"Disarm+1","floor":35},{"not_picked":["Sword Boomerang","Rampage"],"picked":"Heavy Blade+1","floor":36},{"not_picked":["Bloodletting+1","Clothesline+1"],"picked":"Shrug It Off","floor":37},{"not_picked":["Bloodletting","Sword Boomerang+1","Corruption"],"picked":"SKIP","floor":39},{"not_picked":["Heavy Blade+1","Corruption","Sword Boomerang"],"picked":"SKIP","floor":40},{"not_picked":["Sever Soul","Whirlwind","Thunderclap+1"],"picked":"SKIP","floor":42},{"not_picked":["Pummel","Wild Strike+1"],"picked":"Immolate","floor":45},{"not_picked":["Rampage","Warcry","Clothesline+1"],"picked":"SKIP","floor":47},{"not_picked":["PanicButton","Forethought"],"picked":"HandOfGreed","floor":48}],"player_experience":213057,"relics_obtained":[{"floor":6,"key":"Vajra"},{"floor":7,"key":"Charon\u0027s Ashes"},{"floor":9,"key":"Nunchaku"},{"floor":10,"key":"Pear"},{"floor":23,"key":"Centennial Puzzle"},{"floor":26,"key":"Pen Nib"},{"floor":30,"key":"Juzu Bracelet"},{"floor":31,"key":"Potion Belt"},{"floor":40,"key":"Ancient Tea Set"},{"floor":43,"key":"MawBank"}],"event_choices":[{"damage_healed":0,"gold_gain":0,"player_choice":"Take Damage","damage_taken":20,"relics_obtained":["Golden Idol"],"max_hp_gain":0,"max_hp_loss":0,"event_name":"Golden Idol","floor":2,"gold_loss":0},{"damage_healed":0,"gold_gain":0,"player_choice":"Success","damage_taken":12,"relics_obtained":["Shovel"],"max_hp_gain":0,"max_hp_loss":0,"event_name":"Scrap Ooze","floor":3,"gold_loss":0},{"damage_healed":22,"gold_gain":0,"player_choice":"Healed","damage_taken":0,"max_hp_gain":0,"max_hp_loss":0,"event_name":"The Cleric","floor":12,"gold_loss":35},{"cards_removed":["Defend_R"],"damage_healed":0,"gold_gain":0,"player_choice":"Card Removal","damage_taken":7,"max_hp_gain":0,"max_hp_loss":0,"event_name":"Golden Wing","floor":14,"gold_loss":0},{"damage_healed":0,"gold_gain":0,"player_choice":"Ignored","damage_taken":0,"max_hp_gain":0,"max_hp_loss":0,"event_name":"Ghosts","floor":19,"gold_loss":0},{"damage_healed":0,"gold_gain":0,"player_choice":"Ignored","damage_taken":0,"max_hp_gain":0,"max_hp_loss":0,"event_name":"Vampires","floor":20,"gold_loss":0},{"damage_healed":0,"gold_gain":0,"player_choice":"Simplicity","damage_taken":0,"max_hp_gain":0,"max_hp_loss":0,"event_name":"Back to Basics","floor":24,"gold_loss":0,"cards_upgraded":["Strike_R","Strike_R","Strike_R","Strike_R","Strike_R","Defend_R","Defend_R","Defend_R"]},{"damage_healed":0,"gold_gain":0,"player_choice":"Memory 1","damage_taken":0,"max_hp_gain":0,"max_hp_loss":0,"event_name":"SensoryStone","floor":48,"gold_loss":0}],"is_beta":false,"boss_relics":[{"not_picked":["Empty Cage","Runic Pyramid"],"picked":"Sozu"},{"not_picked":["Orrery","Pandora\u0027s Box"],"picked":"Velvet Choker"}],"items_purged_floors":[11,46],"is_endless":false,"potions_floor_spawned":[5,7,10,21,23,33,36,39,40,47],"ascension_level":1}