{"path_per_floor":["M","$","?","M","$","E","?","R","T","?","E","?","M","M","R","B",null,"M","?","?","M","M","R","M","$","T","M","M","R","E","$","R","B",null,"M","?","?","M","M","E","R","M","T"],"character_chosen":"THE_SILENT","items_purchased":["Meat on the Bone","Dagger Throw","Noxious Fumes"],"gold_per_floor":[116,41,41,55,55,86,86,86,113,113,146,146,156,172,172,270,270,285,285,285,301,317,317,335,21,93,111,123,123,157,39,39,135,135,145,145,145,160,178,205,205,222,222],"floor_reached":44,"campfire_rested":5,"playtime":2435,"current_hp_per_floor":[70,70,70,70,70,46,46,46,46,46,34,22,22,21,42,35,70,60,47,47,34,13,43,10,10,10,21,25,57,47,47,83,54,89,69,69,69,50,29,15,53,18,18],"items_purged":["Injury","Strike_G","Strike_G"],"gold":222,"score":493,"play_id":"fb4025d4-40ec-421a-b6e5-1c87b0709f08","is_prod":false,"is_daily":false,"is_ascension_mode":false,"campfire_upgraded":1,"path_taken":["M","$","?","M","$","E","?","R","T","?","E","?","M","M","R","BOSS","M","?","?","M","M","R","M","$","T","?","?","R","E","$","R","BOSS","M","?","?","M","M","E","R","?","T","M"],"build_version":"2018-02-08-PROD1","purchased_purges":3,"victory":false,"master_deck":["Defend_G","Defend_G","Defend_G","Defend_G","Survivor","Neutralize","Leg Sweep","Deadly Poison+1","Footwork","Catalyst","Footwork","Prepared","Distraction","Venomology","Quick Slash","Reflex+1","Prepared","Noxious Fumes+1","Dagger Throw","Dagger Throw","After Image","Backflip+1","Noxious Fumes","Tactician","Backflip+1","Choke+1","Bouncing Flask+1","Poisoned Stab+1","Noxious Fumes+1","Injury","Escape Plan","Acrobatics","Dagger Spray+1","Acrobatics+1","Prepared"],"max_hp_per_floor":[70,70,70,70,70,70,70,70,70,70,70,70,70,70,70,70,70,70,75,75,75,75,75,75,75,75,75,75,75,89,89,89,89,89,89,89,89,89,89,89,89,89,89],"relics":["Ring of the Snake","Ginger","Shuriken","Orichalcum","Smiling Mask","Eternal Feather","Nloth\u0027s Gift","Meat on the Bone","Bottled Tornado","Mango","Astrolabe","Vajra","Lantern"],"card_choices":[{"not_picked":["Deflect","Bane"],"picked":"Leg Sweep"},{"not_picked":["Prepared","Quick Slash"],"picked":"Deadly Poison"},{"not_picked":["Bane","Corpse Explosion"],"picked":"Footwork"},{"not_picked":["Blur","Reflex"],"picked":"Footwork"},{"not_picked":["Dagger Throw","Dagger Spray"],"picked":"Prepared"},{"not_picked":["Dodge and Roll","Calculated Gamble"],"picked":"Distraction"},{"not_picked":["Die Die Die","Tools of the Trade"],"picked":"Venomology"},{"not_picked":["Outmaneuver","Flying Knee"],"picked":"Quick Slash"},{"not_picked":["Dagger Throw","Sucker Punch"],"picked":"Reflex"},{"not_picked":["Outmaneuver","Underhanded Strike"],"picked":"Prepared"},{"not_picked":["Corpse Explosion","Catalyst"],"picked":"Noxious Fumes"},{"not_picked":["Flechettes","Backflip"],"picked":"Dagger Throw"},{"not_picked":["Slice","Prepared"],"picked":"After Image"},{"not_picked":["Quick Slash","PiercingWail"],"picked":"Backflip"},{"not_picked":["Die Die Die","A Thousand Cuts"],"picked":"Tactician"},{"not_picked":["Calculated Gamble","Bouncing Flask"],"picked":"Poisoned Stab"},{"not_picked":["Quick Slash","Venomology"],"picked":"Acrobatics"},{"not_picked":["Caltrops","Die Die Die"],"picked":"Dagger Spray"},{"not_picked":["Noxious Fumes","Bane"],"picked":"Acrobatics"},{"not_picked":["Riddle With Holes","Night Terror"],"picked":"Prepared"}],"player_experience":69401,"potions_floor_usage":[6,16,16,18,18,21,27,28,28,28,30,33,35,35,39,40,40,40,40,44,44],"damage_taken":[{"damage":0,"enemies":"Jaw Worm","floor":1,"turns":5},{"damage":0,"enemies":"2 Louse","floor":4,"turns":4},{"damage":24,"enemies":"3 Sentries","floor":6,"turns":9},{"damage":12,"enemies":"Gremlin Nob","floor":11,"turns":6},{"damage":0,"enemies":"Cultist","floor":13,"turns":3},{"damage":1,"enemies":"Large Slime","floor":14,"turns":8},{"damage":7,"enemies":"The Guardian","floor":16,"turns":11},{"damage":10,"enemies":"Spheric Guardian","floor":18,"turns":6},{"damage":13,"enemies":"Chosen","floor":21,"turns":8},{"damage":21,"enemies":"Snecko","floor":22,"turns":13},{"damage":33,"enemies":"Chosen and Byrds","floor":24,"turns":9},{"damage":1,"enemies":"Cultist and Chosen","floor":27,"turns":7},{"damage":8,"enemies":"Snecko","floor":28,"turns":5},{"damage":36,"enemies":"Gremlin Leader","floor":30,"turns":6},{"damage":41,"enemies":"Collector","floor":33,"turns":9},{"damage":20,"enemies":"3 Darklings","floor":35,"turns":6},{"damage":19,"enemies":"Orb Walker","floor":38,"turns":7},{"damage":33,"enemies":"3 Darklings","floor":39,"turns":5},{"damage":41,"enemies":"Nemesis","floor":40,"turns":10},{"damage":47,"enemies":"Sphere and 2 Shapes","floor":42,"turns":5},{"damage":21,"enemies":"4 Shapes","floor":44,"turns":4}],"event_choices":[{"event_name":"Liars Game","player_choice":"disagreed","floor":3,"damage_taken":0},{"event_name":"Bonfire Elementals","player_choice":"BASIC","floor":7,"damage_taken":0},{"event_name":"Match and Keep!","player_choice":"1 cards matched","floor":10,"damage_taken":0},{"event_name":"Scrap Ooze","player_choice":"success","floor":12,"damage_taken":12},{"event_name":"Forgotten Altar","player_choice":"Shed Blood","floor":19,"damage_taken":0},{"event_name":"N\u0027loth","player_choice":"Traded a Peace Pipe","floor":20,"damage_taken":0},{"event_name":"Duplicator","player_choice":"One dupe","floor":36,"damage_taken":0},{"event_name":"Match and Keep!","player_choice":"2 cards matched","floor":37,"damage_taken":0}],"boss_relics":[{"not_picked":["Lizard Tail","Philosopher\u0027s Stone"],"picked":"Eternal Feather"},{"not_picked":["White Beast Statue","Sozu"],"picked":"Astrolabe"}],"potions_floor_spawned":[4,6,13,14,27,30,33,38,39,40],"seed_played":"-3182194432035342746","killed_by":"4 Shapes","ascension_level":0,"is_trial":false}