{"path_per_floor":["M","M","M","M","M","R","E","R","T","?","M","$","R","?","R","B",null,"M","M","M","$","$","R","?","E","T","R","?","R","E","M","R"],"character_chosen":"IRONCLAD","items_purchased":["Shuriken"],"gold_per_floor":[110,127,144,159,176,176,210,210,210,210,230,155,155,219,219,317,317,330,345,364,4,4,4,4,39,66,66,66,66,99,119,119,119],"floor_reached":33,"campfire_rested":4,"playtime":1001,"current_hp_per_floor":[88,88,88,85,83,83,73,88,88,88,88,88,88,88,88,88,88,83,87,65,65,65,88,88,53,53,79,84,84,58,59,85,0],"items_purged":["Strike_R","Strike_R"],"gold":119,"score":310,"play_id":"2ad3b8a5-2689-430f-b1fa-05a0ebe07978","local_time":"20180517201142","is_prod":false,"is_daily":false,"chose_seed":false,"is_ascension_mode":false,"campfire_upgraded":4,"timestamp":1526613102,"campfire_choices":[{"data":"Cleave","floor":6,"key":"SMITH"},{"floor":8,"key":"REST"},{"data":"Cleave","floor":13,"key":"SMITH"},{"data":"Clash","floor":15,"key":"SMITH"},{"floor":23,"key":"REST"},{"floor":27,"key":"REST"},{"data":"Clash","floor":29,"key":"SMITH"},{"floor":32,"key":"REST"}],"path_taken":["M","M","M","M","M","R","E","R","T","?","?","$","R","?","R","BOSS","M","?","M","?","$","R","?","E","T","R","?","R","E","M","R","BOSS"],"build_version":"2018-05-17","seed_source_timestamp":186089443267506,"purchased_purges":2,"victory":false,"master_deck":["Strike_R","Strike_R","Strike_R","Defend_R","Defend_R","Defend_R","Defend_R","Headbutt","Clash+1","Cleave+1","Clash","Clash+1","Cleave+1","Cleave","Cleave"],"max_hp_per_floor":[88,88,88,88,88,88,88,88,88,88,88,88,88,88,88,88,88,88,88,88,88,88,88,88,88,88,88,88,88,88,88,88,88],"relics":["Black Blood","Dodecahedron","Pantograph","Kunai","Shuriken","Dream Catcher","Happy Flower","Meat on the Bone"],"card_choices":[{"not_picked":["Searing Blow","Disarm"],"picked":"Headbutt","floor":1},{"not_picked":["Pommel Strike","Infernal Blade"],"picked":"Clash","floor":2},{"not_picked":["Shrug It Off","Pommel Strike"],"picked":"Cleave","floor":3},{"not_picked":["Twin Strike","Pommel Strike","Battle Trance"],"picked":"SKIP","floor":4},{"not_picked":["Pommel Strike","Clothesline"],"picked":"Clash","floor":5},{"not_picked":["True Grit","Combust"],"picked":"Clash","floor":7},{"not_picked":["Sentinel","Clothesline"],"picked":"Cleave","floor":11},{"not_picked":["Shrug It Off","Clothesline","Carnage"],"picked":"SKIP","floor":18},{"not_picked":["Inflame","Hemokinesis"],"picked":"Cleave","floor":19},{"not_picked":["Anger","Flex","Havoc+1"],"picked":"SKIP","floor":20},{"not_picked":["Seeing Red","Pommel Strike+1","Perfected Strike+1"],"picked":"SKIP","floor":25},{"not_picked":["True Grit","Warcry+1"],"picked":"Havoc+1","floor":27},{"not_picked":["Hemokinesis","Feel No Pain"],"picked":"Cleave","floor":30},{"not_picked":["Perfected Strike","Battle Trance","Pommel Strike"],"picked":"SKIP","floor":31}],"player_experience":71249,"potions_floor_usage":[7,16,16,25,33],"damage_taken":[{"damage":3,"enemies":"2 Louse","floor":1,"turns":3},{"damage":0,"enemies":"Small Slimes","floor":2,"turns":3},{"damage":1,"enemies":"Jaw Worm","floor":3,"turns":2},{"damage":9,"enemies":"Exordium Thugs","floor":4,"turns":5},{"damage":8,"enemies":"Large Slime","floor":5,"turns":5},{"damage":16,"enemies":"3 Sentries","floor":7,"turns":4},{"damage":0,"enemies":"Blue Slaver","floor":11,"turns":2},{"damage":6,"enemies":"Gremlin Nob","floor":14,"turns":3},{"damage":6,"enemies":"Slime Boss","floor":16,"turns":7},{"damage":15,"enemies":"2 Thieves","floor":18,"turns":3},{"damage":6,"enemies":"Shell Parasite","floor":19,"turns":5},{"damage":32,"enemies":"Snake Plant","floor":20,"turns":4},{"damage":45,"enemies":"Book of Stabbing","floor":25,"turns":5},{"damage":36,"enemies":"Slavers","floor":30,"turns":4},{"damage":9,"enemies":"Centurion and Healer","floor":31,"turns":4},{"damage":88,"enemies":"Champ","floor":33,"turns":11}],"relics_obtained":[{"floor":7,"key":"Dodecahedron"},{"floor":9,"key":"Pantograph"},{"floor":25,"key":"Dream Catcher"},{"floor":26,"key":"Happy Flower"},{"floor":30,"key":"Meat on the Bone"}],"event_choices":[{"event_name":"Living Wall","player_choice":"Forget","floor":10,"damage_taken":0},{"event_name":"Dead Adventurer","player_choice":"Searched \u00273\u0027 times","floor":14,"damage_taken":0},{"event_name":"Cursed Tome","player_choice":"Ignored","floor":24,"damage_taken":0},{"event_name":"Bonfire Elementals","player_choice":"COMMON","floor":28,"damage_taken":0}],"boss_relics":[{"not_picked":["Snecko Eye","White Beast Statue"],"picked":"Black Blood"}],"potions_floor_spawned":[1,5,14,16,30],"seed_played":"-1952081133036670875","killed_by":"Champ","ascension_level":0,"potions_obtained":[{"floor":1,"key":"Energy Potion"},{"floor":5,"key":"Strength Potion"},{"floor":14,"key":"Strength Potion"},{"floor":16,"key":"SpeedPotion"},{"floor":30,"key":"Dexterity Potion"}],"is_trial":false}