{"gold_per_floor":[109,109,34,48,48,79,79,105,159,170,199,19,30,30,30,30],"floor_reached":16,"playtime":733,"items_purged":["Regret","Defend_G"],"score":140,"play_id":"6a531a53-5cc3-4a4a-ba13-592d1e9660b6","local_time":"20181023155321","is_ascension_mode":true,"campfire_choices":[{"data":"Doppelganger","floor":7,"key":"SMITH"},{"data":"Noxious Fumes","floor":15,"key":"SMITH"}],"neow_cost":"NONE","seed_source_timestamp":142264240362560,"circlet_count":0,"master_deck":["Defend_G","Defend_G","Defend_G","Defend_G","Strike_G","Strike_G","Strike_G","Strike_G","Strike_G","Survivor","Neutralize","Quick Slash","Backflip","Doppelganger+1","Cloak And Dagger","Dagger Throw","Infinite Blades","Noxious Fumes+1","Dagger Throw"],"relics":["Ring of the Snake","NeowsBlessing","Centennial Puzzle","Boot","Vajra","Tiny Chest","Orichalcum"],"potions_floor_usage":[16],"damage_taken":[{"damage":0,"enemies":"Cultist","floor":1,"turns":1},{"damage":0,"enemies":"2 Louse","floor":4,"turns":1},{"damage":0,"enemies":"3 Sentries","floor":6,"turns":1},{"damage":44,"enemies":"Lagavulin","floor":8,"turns":9},{"damage":0,"enemies":"Jaw Worm","floor":10,"turns":4},{"damage":12,"enemies":"3 Sentries","floor":11,"turns":8},{"damage":0,"enemies":"Large Slime","floor":13,"turns":4},{"damage":14,"enemies":"Hexaghost","floor":16,"turns":10}],"seed_played":"6752461092432461690","potions_obtained":[{"floor":4,"key":"Ancient Potion"},{"floor":10,"key":"Energy Potion"}],"is_trial":false,"path_per_floor":["M","?","$","M","?","E","R","E","T","M","?","$","M","$","R"],"character_chosen":"THE_SILENT","items_purchased":["Noxious Fumes"],"campfire_rested":0,"item_purchase_floors":[12],"current_hp_per_floor":[70,70,70,70,70,70,70,26,26,26,14,14,14,14,14,0],"gold":30,"neow_bonus":"THREE_ENEMY_KILL","is_prod":false,"is_daily":false,"chose_seed":false,"campfire_upgraded":2,"win_rate":0,"timestamp":1540328001,"path_taken":["M","?","$","M","?","E","R","E","T","?","?","$","M","?","R","BOSS"],"build_version":"2018-10-18","purchased_purges":2,"victory":false,"max_hp_per_floor":[70,70,70,70,70,70,70,70,70,70,70,70,70,70,70,70],"card_choices":[{"not_picked":["Backstab","Catalyst"],"picked":"Quick Slash","floor":1},{"not_picked":["Finisher","Poisoned Stab"],"picked":"Backflip","floor":4},{"not_picked":["Outmaneuver","Skewer"],"picked":"Doppelganger","floor":6},{"not_picked":["Dash","Deflect"],"picked":"Cloak And Dagger","floor":8},{"not_picked":["Outmaneuver","Dodge and Roll"],"picked":"Dagger Throw","floor":10},{"not_picked":["Sucker Punch","Prepared"],"picked":"Infinite Blades","floor":11},{"not_picked":["Backstab","Poisoned Stab"],"picked":"Dagger Throw","floor":13}],"player_experience":173631,"relics_obtained":[{"floor":6,"key":"Boot"},{"floor":8,"key":"Vajra"},{"floor":9,"key":"Tiny Chest"},{"floor":11,"key":"Orichalcum"}],"event_choices":[{"damage_healed":0,"gold_gain":0,"player_choice":"Box","damage_taken":0,"relics_obtained":["Centennial Puzzle"],"max_hp_gain":0,"max_hp_loss":0,"event_name":"Big Fish","floor":2,"gold_loss":0,"cards_obtained":["Regret"]},{"damage_healed":0,"gold_gain":0,"player_choice":"Leave","damage_taken":0,"max_hp_gain":0,"max_hp_loss":0,"event_name":"The Cleric","floor":5,"gold_loss":0},{"damage_healed":0,"gold_gain":30,"player_choice":"Searched \u00272\u0027 times","damage_taken":0,"max_hp_gain":0,"max_hp_loss":0,"event_name":"Dead Adventurer","floor":11,"gold_loss":0}],"is_beta":false,"boss_relics":[],"items_purged_floors":[3,12],"is_endless":false,"potions_floor_spawned":[4,10],"killed_by":"Hexaghost","ascension_level":1}