{"path_per_floor":["M","?","T","M","M","R","E","R","T","M","R","M","?","E","R","B",null,"M","?","M","M","$","E","M","M","T"],"character_chosen":"DEFECT","items_purchased":["Emotion Chip"],"gold_per_floor":[113,113,138,148,159,159,185,185,185,202,202,220,220,251,251,350,350,361,361,375,393,5,31,46,64,90,90],"floor_reached":27,"campfire_rested":2,"playtime":838,"item_purchase_floors":[22],"current_hp_per_floor":[73,73,73,72,72,72,42,64,64,62,62,61,46,46,68,22,75,63,63,53,41,41,10,18,10,10,0],"items_purged":["Strike_B"],"gold":90,"score":324,"play_id":"2e38b205-bbfa-47fb-ac57-48f43388f608","local_time":"20180523011925","is_prod":false,"is_daily":false,"chose_seed":false,"is_ascension_mode":true,"campfire_upgraded":2,"timestamp":1527031165,"campfire_choices":[{"data":"Sunder","floor":6,"key":"SMITH"},{"floor":8,"key":"REST"},{"data":"Zap","floor":11,"key":"SMITH"},{"floor":15,"key":"REST"}],"path_taken":["M","?","?","M","M","R","E","R","T","M","R","?","?","E","R","BOSS","M","?","?","M","$","E","M","M","T","?"],"build_version":"2018-05-21v2","seed_source_timestamp":7683107089563,"purchased_purges":1,"victory":false,"master_deck":["Strike_B+1","Defend_B","Defend_B+1","Defend_B","Defend_B","Zap+1","Dualcast","Loop","Barrage","Sunder+1","Beam Cell","Leap","Rebound","Melter","Beam Cell+1","Double Energy+1","Rebound+1"],"max_hp_per_floor":[75,75,75,75,75,75,75,75,75,75,75,75,75,75,75,75,75,75,75,75,75,75,75,75,75,75,75],"relics":["Cracked Core","Anchor","Ice Cream","Turnip","Cables","Inserter","Emotion Chip","Gambling Chip","Ancient Tea Set"],"card_choices":[{"not_picked":["Capacitor","White Noise"],"picked":"Loop","floor":1},{"not_picked":["Chaos","Heatsinks"],"picked":"Barrage","floor":4},{"not_picked":["White Noise","Coolheaded"],"picked":"Sunder","floor":5},{"not_picked":["Fusion","Rip and Tear"],"picked":"Beam Cell","floor":7},{"not_picked":["Storm","Streamline"],"picked":"Leap","floor":10},{"not_picked":["Doom and Gloom","Axe Kick"],"picked":"Rebound","floor":12},{"not_picked":["Sunder","Stack","Ball Lightning"],"picked":"SKIP","floor":14},{"not_picked":["Barrage+1","Leap"],"picked":"Melter","floor":18},{"not_picked":["Chaos","Streamline"],"picked":"Beam Cell+1","floor":20},{"not_picked":["Storm","Sweeping Beam+1","Ball Lightning"],"picked":"SKIP","floor":21},{"not_picked":["Barrage+1","Blizzard","Ball Lightning"],"picked":"SKIP","floor":23},{"not_picked":["Gash","Auto Shields+1"],"picked":"Double Energy+1","floor":24},{"not_picked":["Turbo","Hologram+1"],"picked":"Rebound+1","floor":25}],"player_experience":88758,"potions_floor_usage":[10,16,21,23,24,25],"damage_taken":[{"damage":2,"enemies":"Small Slimes","floor":1,"turns":3},{"damage":1,"enemies":"Cultist","floor":4,"turns":3},{"damage":0,"enemies":"2 Louse","floor":5,"turns":2},{"damage":30,"enemies":"Lagavulin","floor":7,"turns":5},{"damage":2,"enemies":"Exordium Wildlife","floor":10,"turns":3},{"damage":1,"enemies":"Lots of Slimes","floor":12,"turns":3},{"damage":0,"enemies":"3 Sentries","floor":14,"turns":6},{"damage":46,"enemies":"Hexaghost","floor":16,"turns":8},{"damage":12,"enemies":"Chosen","floor":18,"turns":3},{"damage":10,"enemies":"3 Byrds","floor":20,"turns":4},{"damage":26,"enemies":"Slaver and Parasite","floor":21,"turns":5},{"damage":31,"enemies":"Slavers","floor":23,"turns":5},{"damage":4,"enemies":"3 Cultists","floor":24,"turns":4},{"damage":8,"enemies":"Centurion and Healer","floor":25,"turns":4},{"damage":18,"enemies":"Snecko","floor":27,"turns":2}],"relics_obtained":[{"floor":3,"key":"Anchor"},{"floor":7,"key":"Ice Cream"},{"floor":9,"key":"Turnip"},{"floor":14,"key":"Cables"},{"floor":23,"key":"Gambling Chip"},{"floor":26,"key":"Ancient Tea Set"}],"event_choices":[{"event_name":"Wheel of Change","player_choice":"Card Removal","floor":2,"damage_taken":0},{"event_name":"Shining Light","player_choice":"Entered Light","floor":13,"damage_taken":0},{"event_name":"Vampires","player_choice":"Ignored","floor":19,"damage_taken":0}],"boss_relics":[{"not_picked":["Ectoplasm","Tiny House"],"picked":"Inserter"}],"items_purged_floors":[22],"potions_floor_spawned":[4,5,7,12,18,20,23],"seed_played":"4748701823196563606","killed_by":"Snecko","ascension_level":4,"potions_obtained":[{"floor":4,"key":"Explosive Potion"},{"floor":5,"key":"GamblersBrew"},{"floor":7,"key":"Ancient Potion"},{"floor":12,"key":"EssenceOfSteel"},{"floor":18,"key":"Regen Potion"},{"floor":20,"key":"Block Potion"},{"floor":23,"key":"Regen Potion"}],"is_trial":false}