{"path_per_floor":["M","M","M","?","M","E","?","M","T","M","E","M","R","E","R"],"character_chosen":"THE_SILENT","items_purchased":[],"gold_per_floor":[112,130,145,145,160,191,366,377,430,445,480,491,491,523,523],"floor_reached":16,"campfire_rested":1,"playtime":1080,"current_hp_per_floor":[69,68,60,60,53,18,18,18,18,17,10,10,31,18,18],"items_purged":[],"gold":523,"score":124,"play_id":"48e9ebb3-f872-445c-b31e-724874911335","is_prod":false,"is_daily":false,"is_ascension_mode":false,"campfire_upgraded":1,"path_taken":["M","M","M","?","M","E","?","M","T","M","E","M","R","E","R","BOSS"],"build_version":"2018-02-08-BETA1","purchased_purges":0,"victory":false,"master_deck":["Defend_G","Defend_G","Defend_G","Defend_G","Defend_G","Strike_G","Strike_G","Strike_G","Strike_G","Strike_G","Survivor","Neutralize","Quick Slash","Acrobatics","Well Laid Plans+1","Outmaneuver","Outmaneuver+1","Doubt","Dash","Venomology","Footwork","Caltrops","Flying Knee"],"max_hp_per_floor":[70,70,70,70,70,70,70,70,70,70,70,70,70,70,70],"relics":["Question Card","Happy Flower","Bronze Scales","Dodecahedron","Ninja Scroll"],"card_choices":[{"not_picked":["Terror","PiercingWail","Deflect"],"picked":"Quick Slash"},{"not_picked":["Malaise","Dagger Spray","Eviscerate"],"picked":"Acrobatics"},{"not_picked":["Terror","Underhanded Strike","Acrobatics"],"picked":"Well Laid Plans"},{"not_picked":["Finisher","Backflip","Dagger Throw"],"picked":"Outmaneuver"},{"not_picked":["Dagger Throw","Terror","Backflip"],"picked":"Outmaneuver"},{"not_picked":["Masterful Stab","Outmaneuver","Poisoned Stab"],"picked":"Dash"},{"not_picked":["Dagger Spray","All Out Attack","Finisher"],"picked":"Venomology"},{"not_picked":["PiercingWail","Outmaneuver","Terror"],"picked":"Footwork"},{"not_picked":["Outmaneuver","Underhanded Strike","Heel Hook"],"picked":"Caltrops"},{"not_picked":["Endless Agony","Unload","Cloak And Dagger"],"picked":"Flying Knee"}],"player_experience":89004,"potions_floor_usage":[6,10,11,14,14],"damage_taken":[{"damage":1.0,"enemies":"Small Slimes","floor":1.0,"turns":5.0},{"damage":1,"enemies":"Cultist","floor":2,"turns":4},{"damage":8,"enemies":"Large Slime","floor":3,"turns":8},{"damage":7,"enemies":"2 Fungi Beasts","floor":5,"turns":4},{"damage":35,"enemies":"Gremlin Nob","floor":6,"turns":6},{"damage":0,"enemies":"3 Louse","floor":8,"turns":5},{"damage":1,"enemies":"Exordium Thugs","floor":10,"turns":5},{"damage":7,"enemies":"3 Sentries","floor":11,"turns":9},{"damage":0,"enemies":"Exordium Wildlife","floor":12,"turns":4},{"damage":13,"enemies":"Lagavulin","floor":14,"turns":9},{"damage":26,"enemies":"Slime Boss","floor":16,"turns":3}],"event_choices":[{"event_name":"Accursed Blacksmith","player_choice":"Forge","floor":4,"damage_taken":0},{"event_name":"Liars Game","player_choice":"agreed","floor":7,"damage_taken":0}],"boss_relics":[],"potions_floor_spawned":[2,6,11,14],"seed_played":"4504284390899693551","killed_by":"Slime Boss","ascension_level":0,"is_trial":false}