{"gold_per_floor":[116,127,127,77,90,90,103,135,161,191,191,201,151,165,165,262,262,280,280,205,219,246,246,280,294,294,294,307,341,353,365,377,487,499,524,636,648,660,692,704,750,809,821,866,892,914,448,467,467,467],"floor_reached":51,"playtime":4082,"items_purged":["Strike_B","Strike_B"],"score":1181,"play_id":"cf9b14b6-ad27-4372-830f-eabbb15a318f","local_time":"20190402140926","is_ascension_mode":true,"campfire_choices":[{"data":"Apotheosis","floor":6.0,"key":"SMITH"},{"floor":11.0,"key":"REST"},{"data":"Consume","floor":15.0,"key":"SMITH"},{"floor":23.0,"key":"REST"},{"floor":27.0,"key":"REST"},{"data":"Amplify","floor":30.0,"key":"SMITH"},{"floor":32.0,"key":"REST"},{"floor":40.0,"key":"REST"},{"floor":49.0,"key":"REST"}],"neow_cost":"TEN_PERCENT_HP_LOSS","seed_source_timestamp":0,"circlet_count":0,"master_deck":["Strike_B","Defend_B","Defend_B","Defend_B","Defend_B","Zap","Dualcast","Apotheosis+1","Blind","Undo","Cold Snap","Cold Snap","Beam Cell","Conserve Battery","White Noise","Steam","Consume+1","Creative AI","Capacitor+1","Reprogram","Double Energy","Conserve Battery","Chill+1","Amplify+1","Echo Form","Sunder","Madness","Madness","Conserve Battery+1","Steam+1","Recycle+1","White Noise","Tempest","Storm","Skim","Master of Strategy","Coolheaded+1"],"special_seed":0,"relics":["Cracked Core","PreservedInsect","Pen Nib","Omamori","Anchor","Runic Pyramid","Red Mask","Mercury Hourglass","Ice Cream","MawBank","Nuclear Battery","Torii","DataDisk","Pear","Blood Vial","Dream Catcher","Boot"],"potions_floor_usage":[50],"damage_taken":[{"damage":0.0,"enemies":"Cultist","floor":1.0,"turns":4.0},{"damage":0.0,"enemies":"2 Louse","floor":2.0,"turns":2.0},{"damage":1.0,"enemies":"Jaw Worm","floor":5.0,"turns":5.0},{"damage":1.0,"enemies":"Blue Slaver","floor":7.0,"turns":3.0},{"damage":0.0,"enemies":"Gremlin Nob","floor":8.0,"turns":3.0},{"damage":0.0,"enemies":"Lagavulin","floor":10.0,"turns":4.0},{"damage":0.0,"enemies":"2 Fungi Beasts","floor":12.0,"turns":3.0},{"damage":13.0,"enemies":"Exordium Thugs","floor":14.0,"turns":6.0},{"damage":15.0,"enemies":"The Guardian","floor":16.0,"turns":10.0},{"damage":17.0,"enemies":"Spheric Guardian","floor":18.0,"turns":5.0},{"damage":0.0,"enemies":"Chosen","floor":21.0,"turns":5.0},{"damage":42.0,"enemies":"Masked Bandits","floor":22.0,"turns":5.0},{"damage":7.0,"enemies":"Book of Stabbing","floor":24.0,"turns":4.0},{"damage":5.0,"enemies":"3 Cultists","floor":25.0,"turns":6.0},{"damage":18.0,"enemies":"Snake Plant","floor":28.0,"turns":5.0},{"damage":3.0,"enemies":"Gremlin Leader","floor":29.0,"turns":8.0},{"damage":10.0,"enemies":"Champ","floor":33.0,"turns":9.0},{"damage":0.0,"enemies":"3 Darklings","floor":35.0,"turns":7.0},{"damage":12.0,"enemies":"Mind Bloom Boss Battle","floor":36.0,"turns":8.0},{"damage":0.0,"enemies":"3 Shapes","floor":39.0,"turns":6.0},{"damage":1.0,"enemies":"Reptomancer","floor":41.0,"turns":7.0},{"damage":44.0,"enemies":"Giant Head","floor":44.0,"turns":9.0},{"damage":8.0,"enemies":"Writhing Mass","floor":45.0,"turns":10.0},{"damage":0.0,"enemies":"3 Darklings","floor":46.0,"turns":8.0},{"damage":0.0,"enemies":"Spire Growth","floor":48.0,"turns":7.0},{"damage":23,"enemies":"Time Eater","floor":50,"turns":10}],"seed_played":"621991425680973590","potions_obtained":[{"floor":1.0,"key":"FearPotion"},{"floor":2.0,"key":"SmokeBomb"},{"floor":5.0,"key":"Weak Potion"},{"floor":16.0,"key":"SkillPotion"},{"floor":24.0,"key":"Weak Potion"},{"floor":25.0,"key":"Regen Potion"},{"floor":29.0,"key":"Weak Potion"},{"floor":39.0,"key":"Poison Potion"},{"floor":46.0,"key":"FearPotion"},{"floor":48.0,"key":"PowerPotion"}],"is_trial":false,"path_per_floor":["M","M","?","$","M","R","M","E","T","E","R","M","?","M","R","B",null,"M","?","$","M","?","R","E","M","T","R","M","E","R","?","R","B",null,"M","?","T","?","M","R","E","T","T","E","M","M","$","M","R","B",null],"character_chosen":"DEFECT","items_purchased":["Cold Snap","Storm","Skim","Master of Strategy","Energy Potion","Energy Potion"],"campfire_rested":6,"item_purchase_floors":[4,47,47,47,47,47],"current_hp_per_floor":[68,68,50,50,49,49,48,48,48,48,68,68,68,55,55,40,61,44,44,44,44,2,22,15,10,10,30,12,24,24,24,44,34,60,60,48,48,39,39,59,68,68,68,26,20,22,22,24,47,26],"gold":467,"neow_bonus":"RANDOM_COLORLESS_2","is_prod":false,"is_daily":false,"chose_seed":false,"campfire_upgraded":3,"win_rate":0,"timestamp":1554232166,"path_taken":["M","M","?","$","M","R","M","E","T","E","R","M","?","M","R","BOSS","M","?","$","M","?","R","E","M","T","R","M","E","R","?","R","BOSS","M","?","?","?","M","R","E","?","T","E","?","M","$","M","R","BOSS"],"build_version":"2019-01-23","purchased_purges":2,"victory":true,"max_hp_per_floor":[68,68,68,68,68,68,68,68,68,68,68,68,68,68,68,68,68,68,68,68,68,68,68,68,68,68,68,68,68,68,68,68,68,68,68,68,68,68,68,68,78,78,78,78,78,78,78,78,78,78],"card_choices":[{"not_picked":["Rebound","Conserve Battery"],"picked":"Undo","floor":1.0},{"not_picked":["Leap","Fusion"],"picked":"Cold Snap","floor":2.0},{"not_picked":["Gash","Double Energy"],"picked":"Beam Cell","floor":5.0},{"not_picked":["Force Field","Redo"],"picked":"Conserve Battery","floor":7.0},{"not_picked":["Darkness","Doom and Gloom","Coolheaded"],"picked":"SKIP","floor":8.0},{"not_picked":["Steam Power","Compile Driver"],"picked":"White Noise","floor":10.0},{"not_picked":["Heatsinks","Stack"],"picked":"Steam","floor":12.0},{"not_picked":["Buffer","Beam Cell"],"picked":"Consume","floor":14.0},{"not_picked":["Machine Learning","Meteor Strike"],"picked":"Creative AI","floor":16.0},{"not_picked":["Blizzard+1","Lockon"],"picked":"Capacitor+1","floor":18.0},{"not_picked":["Coolheaded+1","Gash"],"picked":"Reprogram","floor":21.0},{"not_picked":["Steam","Self Repair"],"picked":"Double Energy","floor":24.0},{"not_picked":["Glacier+1","Ball Lightning"],"picked":"Conserve Battery","floor":25.0},{"not_picked":["Coolheaded+1","Turbo"],"picked":"Chill+1","floor":28.0},{"not_picked":["FTL+1","Sweeping Beam"],"picked":"Amplify","floor":29.0},{"not_picked":["Seek","Machine Learning"],"picked":"Echo Form","floor":33.0},{"not_picked":["Reinforced Body+1","Gash"],"picked":"Sunder","floor":35.0},{"not_picked":["Auto Shields+1","Static Discharge"],"picked":"Conserve Battery+1","floor":39.0},{"not_picked":["Leap+1","Skim+1"],"picked":"Steam+1","floor":41.0},{"not_picked":["Streamline","Blizzard"],"picked":"Recycle+1","floor":44.0},{"not_picked":["Turbo","Darkness+1"],"picked":"White Noise","floor":45.0},{"not_picked":["Leap","Redo+1"],"picked":"Tempest","floor":46.0},{"not_picked":["Streamline+1","Rebound"],"picked":"Coolheaded+1","floor":48.0}],"player_experience":236290,"relics_obtained":[{"floor":8.0,"key":"Pen Nib"},{"floor":9.0,"key":"Omamori"},{"floor":10.0,"key":"Anchor"},{"floor":22.0,"key":"Red Mask"},{"floor":24.0,"key":"Mercury Hourglass"},{"floor":26.0,"key":"Ice Cream"},{"floor":29.0,"key":"MawBank"},{"floor":36.0,"key":"Torii"},{"floor":37.0,"key":"DataDisk"},{"floor":41.0,"key":"Pear"},{"floor":42.0,"key":"Blood Vial"},{"floor":43.0,"key":"Dream Catcher"},{"floor":44.0,"key":"Boot"}],"event_choices":[{"damage_healed":0.0,"max_hp_gain":0.0,"max_hp_loss":0.0,"gold_gain":0.0,"event_name":"Scrap Ooze","player_choice":"Success","floor":3.0,"gold_loss":0.0,"damage_taken":18.0,"relics_obtained":["PreservedInsect"]},{"cards_removed":["Strike_B"],"damage_healed":0.0,"max_hp_gain":0.0,"max_hp_loss":0.0,"gold_gain":0.0,"event_name":"The Cleric","player_choice":"Card Removal","floor":13.0,"gold_loss":50.0,"damage_taken":0.0},{"damage_healed":0.0,"max_hp_gain":0.0,"max_hp_loss":0.0,"gold_gain":0.0,"event_name":"Ghosts","player_choice":"Ignored","floor":19.0,"gold_loss":0.0,"damage_taken":0.0},{"damage_healed":0.0,"max_hp_gain":0.0,"max_hp_loss":0.0,"gold_gain":0.0,"event_name":"Masked Bandits","player_choice":"Fought Bandits","floor":22.0,"gold_loss":0.0,"damage_taken":0.0},{"damage_healed":0.0,"max_hp_gain":0.0,"max_hp_loss":0.0,"gold_gain":0.0,"event_name":"Vampires","player_choice":"Ignored","floor":31.0,"gold_loss":0.0,"damage_taken":0.0},{"damage_healed":0.0,"max_hp_gain":0.0,"max_hp_loss":0.0,"gold_gain":0.0,"event_name":"MindBloom","player_choice":"Fight","floor":36.0,"gold_loss":0.0,"damage_taken":0.0},{"damage_healed":0.0,"max_hp_gain":0.0,"max_hp_loss":0.0,"gold_gain":0.0,"event_name":"Winding Halls","player_choice":"Embrace Madness","floor":38.0,"gold_loss":0.0,"damage_taken":9.0,"cards_obtained":["Madness","Madness"]}],"is_beta":false,"boss_relics":[{"not_picked":["Orrery","Runic Dome"],"picked":"Runic Pyramid"},{"not_picked":["Coffee Dripper","Inserter"],"picked":"Nuclear Battery"}],"items_purged_floors":[20,47],"is_endless":false,"potions_floor_spawned":[1,2,5,16,24,25,28,29,39,41,45,46,48],"ascension_level":9}