{"gold_per_floor":[119,129,148,158,168,168,199,199,199,199,216,235,235,255,255,357,357,367,367,381,381,381,381,396,396],"floor_reached":25,"playtime":1993,"items_purged":[],"score":209,"play_id":"d7678658-0ebb-47aa-b510-f94f7c3998b8","local_time":"20190411190036","is_ascension_mode":false,"campfire_choices":[{"data":"Armaments","floor":6,"key":"SMITH"},{"data":"Cleave","floor":8,"key":"SMITH"},{"data":"Thunderclap","floor":10,"key":"SMITH"},{"data":"Pommel Strike","floor":15,"key":"SMITH"},{"floor":23,"key":"REST"}],"neow_cost":"NONE","seed_source_timestamp":486833267376077,"circlet_count":0,"master_deck":["Strike_R","Strike_R","Strike_R","Strike_R","Defend_R","Defend_R","Defend_R","Defend_R","Bash","Armaments+1","Shrug It Off","Pommel Strike","Thunderclap+1","Shrug It Off","Cleave+1","Twin Strike","Pommel Strike+1","Regret","Demon Form","Whirlwind","Ghostly Armor","Rampage","J.A.X.","Heavy Blade"],"relics":["Black Blood","Strawberry","Question Card","Ginger","Matryoshka"],"potions_floor_usage":[5,21,21,24],"damage_taken":[{"damage":1,"enemies":"Cultist","floor":1,"turns":3},{"damage":5,"enemies":"Small Slimes","floor":2,"turns":5},{"damage":0,"enemies":"2 Louse","floor":3,"turns":5},{"damage":10,"enemies":"Gremlin Gang","floor":4,"turns":6},{"damage":24,"enemies":"Large Slime","floor":5,"turns":9},{"damage":13,"enemies":"3 Sentries","floor":7,"turns":10},{"damage":1,"enemies":"2 Fungi Beasts","floor":11,"turns":3},{"damage":0,"enemies":"Red Slaver","floor":12,"turns":5},{"damage":5,"enemies":"3 Louse","floor":14,"turns":3},{"damage":40,"enemies":"Slime Boss","floor":16,"turns":8},{"damage":39,"enemies":"Spheric Guardian","floor":18,"turns":6},{"damage":3,"enemies":"3 Byrds","floor":20,"turns":3},{"damage":27,"enemies":"Sentry and Sphere","floor":21,"turns":5},{"damage":27,"enemies":"Snake Plant","floor":24,"turns":5},{"damage":71,"enemies":"Slavers","floor":25,"turns":4}],"seed_played":"-1720800095203580981","potions_obtained":[{"floor":4,"key":"PowerPotion"},{"floor":5,"key":"SmokeBomb"},{"floor":12,"key":"SpeedPotion"},{"floor":14,"key":"SpeedPotion"}],"is_trial":false,"path_per_floor":["M","M","M","M","M","R","E","R","T","R","M","M","?","M","R","B",null,"M","?","M","M","?","R","M","E"],"character_chosen":"IRONCLAD","items_purchased":[],"campfire_rested":1,"item_purchase_floors":[],"current_hp_per_floor":[87,87,87,83,65,65,58,58,58,58,63,69,69,70,70,36,87,58,58,65,48,48,74,57,0],"gold":396,"neow_bonus":"RANDOM_COMMON_RELIC","is_prod":false,"is_daily":false,"chose_seed":false,"campfire_upgraded":4,"win_rate":0.0,"timestamp":1555034436,"path_taken":["M","M","M","M","M","R","E","R","T","R","M","?","?","M","R","BOSS","M","?","?","M","?","R","M","E"],"build_version":"2019-01-23","purchased_purges":0,"victory":false,"max_hp_per_floor":[87,87,87,87,87,87,87,87,87,87,87,87,87,87,87,87,87,87,87,87,87,87,87,87,87],"card_choices":[{"not_picked":["Heavy Blade","Second Wind"],"picked":"Armaments","floor":1},{"not_picked":["Twin Strike","Heavy Blade"],"picked":"Shrug It Off","floor":2},{"not_picked":["Flex","Clothesline"],"picked":"Pommel Strike","floor":3},{"not_picked":["Dropkick","Sword Boomerang"],"picked":"Thunderclap","floor":4},{"not_picked":["Rage","Anger"],"picked":"Shrug It Off","floor":5},{"not_picked":["Pommel Strike","Armaments"],"picked":"Cleave","floor":7},{"not_picked":["Bloodletting","Combust","Headbutt"],"picked":"Twin Strike","floor":11},{"not_picked":["Power Through","Brutality","Sword Boomerang"],"picked":"Pommel Strike","floor":12},{"not_picked":["Seeing Red","Armaments","Wild Strike","Clash"],"picked":"SKIP","floor":14},{"not_picked":["Impervious","Reaper","Fiend Fire"],"picked":"Demon Form","floor":16},{"not_picked":["Anger","True Grit","Rage"],"picked":"Whirlwind","floor":18},{"not_picked":["Flex","Inflame","Cleave+1"],"picked":"Rampage","floor":20},{"not_picked":["Thunderclap+1","Uppercut+1","Second Wind"],"picked":"Heavy Blade","floor":24}],"player_experience":42866,"relics_obtained":[{"floor":7,"key":"Question Card"},{"floor":9,"key":"Ginger"}],"event_choices":[{"damage_healed":0,"gold_gain":0,"player_choice":"Box","damage_taken":0,"relics_obtained":["Matryoshka"],"max_hp_gain":0,"max_hp_loss":0,"event_name":"Big Fish","floor":13,"gold_loss":0,"cards_obtained":["Regret"]},{"damage_healed":0,"gold_gain":0,"cards_transformed":["Strike_R"],"player_choice":"Transformed","damage_taken":0,"max_hp_gain":0,"max_hp_loss":0,"event_name":"Transmorgrifier","floor":19,"gold_loss":0,"cards_obtained":["Ghostly Armor"]},{"damage_healed":0,"gold_gain":0,"player_choice":"Obtain J.A.X.","damage_taken":0,"max_hp_gain":0,"max_hp_loss":0,"event_name":"Drug Dealer","floor":22,"gold_loss":0,"cards_obtained":["J.A.X."]}],"is_beta":false,"boss_relics":[{"not_picked":["Coffee Dripper","Ectoplasm"],"picked":"Black Blood"}],"items_purged_floors":[],"is_endless":false,"potions_floor_spawned":[4,5,12,14,16,20,21],"killed_by":"Slavers","ascension_level":0}