{"gold_per_floor":[109,121,221,232,249,283,301,316,316,168,200,216,216,232,232,334,334,354,324,343,360,61,61],"floor_reached":23,"playtime":1560,"items_purged":["Bash"],"score":234,"play_id":"4f3bdd59-353c-49c3-a2f6-45b813ac61c0","local_time":"20180708221959","is_ascension_mode":false,"campfire_choices":[{"data":"Rampage","floor":13.0,"key":"SMITH"},{"data":"Metallicize","floor":15.0,"key":"SMITH"}],"neow_cost":"","seed_source_timestamp":0,"circlet_count":0,"master_deck":["Strike_R","Strike_R","Strike_R","Strike_R","Strike_R","Defend_R","Defend_R","Defend_R","Defend_R","Metallicize+1","Headbutt","Flex","Rampage+1","Offering+1","Rampage+1","Bandage Up+1","Inflame"],"special_seed":0,"relics":["Burning Blood","Thread and Needle","Bottled Tornado","Toxic Egg 2","Runic Dome"],"potions_floor_usage":[23,23,23],"damage_taken":[{"damage":0.0,"enemies":"2 Louse","floor":1.0,"turns":3.0},{"damage":1.0,"enemies":"Cultist","floor":2.0,"turns":4.0},{"damage":1.0,"enemies":"Jaw Worm","floor":4.0,"turns":5.0},{"damage":9.0,"enemies":"Red Slaver","floor":5.0,"turns":7.0},{"damage":27.0,"enemies":"Gremlin Nob","floor":6.0,"turns":5.0},{"damage":17.0,"enemies":"Gremlin Gang","floor":7.0,"turns":6.0},{"damage":0.0,"enemies":"Blue Slaver","floor":8.0,"turns":5.0},{"damage":0.0,"enemies":"3 Sentries","floor":11.0,"turns":12.0},{"damage":1.0,"enemies":"Red Slaver","floor":12.0,"turns":6.0},{"damage":0.0,"enemies":"Looter","floor":14.0,"turns":3.0},{"damage":18.0,"enemies":"Slime Boss","floor":16.0,"turns":12.0},{"damage":21.0,"enemies":"3 Byrds","floor":18.0,"turns":6.0},{"damage":11.0,"enemies":"2 Thieves","floor":19.0,"turns":5.0},{"damage":30.0,"enemies":"Snake Plant","floor":20.0,"turns":6.0},{"damage":7.0,"enemies":"Centurion and Healer","floor":21.0,"turns":5.0},{"damage":49,"enemies":"Slavers","floor":23,"turns":5}],"seed_played":"-1600666811929450548","potions_obtained":[{"floor":1.0,"key":"Ancient Potion"},{"floor":2.0,"key":"SpeedPotion"},{"floor":7.0,"key":"Poison Potion"},{"floor":14.0,"key":"EssenceOfSteel"},{"floor":20.0,"key":"BloodPotion"},{"floor":21.0,"key":"Weak Potion"}],"is_trial":false,"path_per_floor":["M","M","?","M","M","E","M","M","T","$","E","M","R","M","R","B",null,"M","M","M","M","$"],"character_chosen":"IRONCLAD","items_purchased":["LiquidBronze","Swift Potion","GamblersBrew","Bandage Up+1","Inflame"],"campfire_rested":0,"item_purchase_floors":[10,22,22,22,22],"current_hp_per_floor":[80,80,80,80,77,56,45,51,51,51,57,62,62,68,68,56,80,65,60,36,43,43,0],"gold":61,"neow_bonus":"","is_prod":false,"is_daily":false,"chose_seed":false,"campfire_upgraded":2,"win_rate":0.0,"timestamp":1531113599,"path_taken":["M","M","?","?","M","E","M","M","T","$","E","M","R","M","R","BOSS","M","M","?","?","$","E"],"build_version":"2018-07-05","purchased_purges":1,"victory":false,"max_hp_per_floor":[80,80,80,80,80,80,80,80,80,80,80,80,80,80,80,80,80,80,80,80,80,80,80],"card_choices":[{"not_picked":["Twin Strike","Perfected Strike"],"picked":"Metallicize","floor":1.0},{"not_picked":["Armaments","Searing Blow"],"picked":"Headbutt","floor":2.0},{"not_picked":["Dropkick","Armaments","Combust"],"picked":"SKIP","floor":4.0},{"not_picked":["Thunderclap","Perfected Strike"],"picked":"Flex","floor":5.0},{"not_picked":["Bludgeon","Bloodletting","Sever Soul"],"picked":"SKIP","floor":6.0},{"not_picked":["Body Slam","Iron Wave","Twin Strike"],"picked":"SKIP","floor":7.0},{"not_picked":["Clothesline","Shrug It Off","Anger"],"picked":"SKIP","floor":8.0},{"not_picked":["Havoc","Twin Strike"],"picked":"Rampage","floor":11.0},{"not_picked":["Pommel Strike","Ghostly Armor+1","Twin Strike"],"picked":"SKIP","floor":12.0},{"not_picked":["Reckless Charge","Iron Wave","Havoc+1"],"picked":"SKIP","floor":14.0},{"not_picked":["Demon Form","Fiend Fire"],"picked":"Offering+1","floor":16.0},{"not_picked":["Headbutt","Rampage","Bloodletting+1"],"picked":"SKIP","floor":18.0},{"not_picked":["Body Slam","Seeing Red+1","Hemokinesis"],"picked":"SKIP","floor":19.0},{"not_picked":["Armaments+1","True Grit+1"],"picked":"Rampage+1","floor":20.0},{"not_picked":["Havoc+1","Twin Strike+1","Clash"],"picked":"SKIP","floor":21.0}],"player_experience":75764,"relics_obtained":[{"floor":6.0,"key":"Thread and Needle"},{"floor":9.0,"key":"Bottled Tornado"},{"floor":11.0,"key":"Toxic Egg 2"}],"event_choices":[{"event_name":"Golden Shrine","player_choice":"Pray","floor":3.0,"damage_taken":0.0}],"boss_relics":[{"not_picked":["Philosopher\u0027s Stone","Runic Cube"],"picked":"Runic Dome"}],"items_purged_floors":[10],"is_endless":false,"potions_floor_spawned":[1,2,7,14,20,21],"killed_by":"Slavers","ascension_level":0}