{"gold_per_floor":[114,124,134,144,68,68,68,81,81,96,114,124,3,21,21,116,166,186,200,20,32,46,46,46],"floor_reached":24,"playtime":8191,"items_purged":[],"score":196,"play_id":"6818fdfc-2749-4fac-9ea5-0ca645cf8c80","local_time":"20190306210928","is_ascension_mode":false,"campfire_choices":[{"data":"Defend_R","floor":6.0,"key":"SMITH"},{"data":"Corruption","floor":15.0,"key":"SMITH"},{"floor":23,"key":"REST"}],"neow_cost":"","seed_source_timestamp":0,"circlet_count":0,"master_deck":["Strike_R","Strike_R","Strike_R","Strike_R","Strike_R","Defend_R+1","Defend_R","Defend_R","Defend_R","Bash","Perfected Strike+1","Armaments","Corruption+1","Infernal Blade","Seeing Red","Intimidate","Second Wind","Shockwave","Double Tap","Armaments","Bandage Up","Twin Strike","Demon Form","Cleave","Headbutt+1","Flex","Flex","Shrug It Off","Pummel"],"special_seed":0,"relics":["Burning Blood","Centennial Puzzle","Tiny House","Lantern"],"potions_floor_usage":[19,19],"damage_taken":[{"damage":10.0,"enemies":"Small Slimes","floor":1.0,"turns":5.0},{"damage":0.0,"enemies":"2 Louse","floor":2.0,"turns":3.0},{"damage":6.0,"enemies":"Jaw Worm","floor":3.0,"turns":4.0},{"damage":3.0,"enemies":"3 Louse","floor":4.0,"turns":5.0},{"damage":2.0,"enemies":"Looter","floor":8.0,"turns":3.0},{"damage":4.0,"enemies":"2 Fungi Beasts","floor":10.0,"turns":3.0},{"damage":8.0,"enemies":"Lots of Slimes","floor":11.0,"turns":5.0},{"damage":5.0,"enemies":"3 Louse","floor":12.0,"turns":4.0},{"damage":4.0,"enemies":"Exordium Thugs","floor":14.0,"turns":5.0},{"damage":67.0,"enemies":"The Guardian","floor":16.0,"turns":11.0},{"damage":43.0,"enemies":"Spheric Guardian","floor":18.0,"turns":6.0},{"damage":3,"enemies":"2 Thieves","floor":19,"turns":4},{"damage":45,"enemies":"Centurion and Healer","floor":21,"turns":6},{"damage":15,"enemies":"Chosen and Byrds","floor":22,"turns":5},{"damage":56,"enemies":"Book of Stabbing","floor":24,"turns":5}],"seed_played":"-7886178532719677154","potions_obtained":[{"floor":1.0,"key":"Block Potion"},{"floor":2.0,"key":"PowerPotion"},{"floor":10.0,"key":"PowerPotion"},{"floor":11.0,"key":"BloodPotion"},{"floor":17.0,"key":"FearPotion"},{"floor":18,"key":"Block Potion"},{"floor":21,"key":"SpeedPotion"},{"floor":22,"key":"Block Potion"}],"is_trial":false,"path_per_floor":["?"],"character_chosen":"IRONCLAD","items_purchased":["Seeing Red","Armaments","Bandage Up","Lantern","Flex"],"campfire_rested":1,"item_purchase_floors":[5,13,13,20,20],"current_hp_per_floor":[76,80,80,80,80,80,85,85,85,85,83,84,84,85,85,32,90,57,64,64,29,24,51,0],"gold":46,"neow_bonus":"","is_prod":false,"is_daily":false,"chose_seed":false,"campfire_upgraded":2,"win_rate":0.0,"timestamp":1551902968,"path_taken":["M","M","M","M","$","R","?","M","T","M","M","M","$","M","R","BOSS","M","M","$","M","M","R","E"],"build_version":"2019-01-23","purchased_purges":0,"victory":false,"max_hp_per_floor":[80,80,80,80,80,80,85,85,85,85,85,85,85,85,85,85,90,90,90,90,90,90,90,90],"card_choices":[{"not_picked":["Metallicize","Inflame"],"picked":"Perfected Strike","floor":1.0},{"not_picked":["Warcry","Reckless Charge"],"picked":"Armaments","floor":2.0},{"not_picked":["Infernal Blade","Intimidate"],"picked":"Corruption","floor":3.0},{"not_picked":["Flex","Sword Boomerang"],"picked":"Infernal Blade","floor":4.0},{"not_picked":["Uppercut","Entrench"],"picked":"Intimidate","floor":8.0},{"not_picked":["Uppercut","Shockwave"],"picked":"Second Wind","floor":10.0},{"not_picked":["Pommel Strike","Shrug It Off"],"picked":"Shockwave","floor":11.0},{"not_picked":["Rampage","Armaments"],"picked":"Double Tap","floor":12.0},{"not_picked":["Blood for Blood","Bloodletting"],"picked":"Twin Strike","floor":14.0},{"not_picked":["Double Tap","Brutality"],"picked":"Demon Form","floor":16.0},{"not_picked":["Pommel Strike","Armaments"],"picked":"Cleave","floor":17.0},{"not_picked":["Clash+1","Body Slam+1"],"picked":"Headbutt+1","floor":18},{"not_picked":["Twin Strike","Inflame"],"picked":"Flex","floor":19},{"not_picked":["Blood for Blood","Uppercut"],"picked":"Shrug It Off","floor":21},{"not_picked":["Thunderclap+1","Clash+1"],"picked":"Pummel","floor":22}],"player_experience":0,"relics_obtained":[{"floor":9.0,"key":"Centennial Puzzle"}],"event_choices":[{"damage_healed":0.0,"max_hp_gain":5.0,"max_hp_loss":0.0,"gold_gain":0.0,"event_name":"Big Fish","player_choice":"Donut","floor":7.0,"gold_loss":0.0,"damage_taken":0.0}],"is_beta":false,"boss_relics":[{"not_picked":["Lizard Tail","Fusion Hammer"],"picked":"Tiny House"}],"items_purged_floors":[],"is_endless":false,"potions_floor_spawned":[1,2,10,11,14,18,21,22],"killed_by":"Book of Stabbing","ascension_level":0}