{"path_per_floor":["M","M","M","M","?","E","R","M","T","?","$","M","M","?","R"],"character_chosen":"IRONCLAD","items_purchased":["Happy Flower"],"gold_per_floor":[110,128,139,159,109,134,134,151,178,178,33,53,73,31,31,31],"floor_reached":16,"campfire_rested":1,"playtime":893,"current_hp_per_floor":[78,80,80,79,79,42,42,37,37,37,37,43,37,37,61,0],"items_purged":[],"gold":31,"score":104,"play_id":"586af1a1-d12a-42da-bcdb-b1c841a408ac","local_time":"20180519122702","is_prod":false,"is_daily":false,"chose_seed":false,"is_ascension_mode":false,"campfire_upgraded":1,"timestamp":1526758022,"campfire_choices":[{"data":"Barricade","floor":7,"key":"SMITH"},{"floor":15,"key":"REST"}],"path_taken":["M","M","M","M","?","E","R","M","T","?","$","M","M","?","R","BOSS"],"build_version":"2018-05-17","seed_source_timestamp":331114988586374,"purchased_purges":0,"victory":false,"master_deck":["Strike_R","Strike_R","Strike_R","Strike_R","Strike_R","Defend_R","Defend_R","Defend_R","Defend_R","Barricade+1","Clash","Injury"],"max_hp_per_floor":[80,80,80,80,80,80,80,80,80,80,80,80,80,80,80,80],"relics":["Burning Blood","Bag of Preparation","Pen Nib","Golden Idol","Happy Flower"],"card_choices":[{"not_picked":["Carnage","Perfected Strike","Warcry"],"picked":"SKIP","floor":1},{"not_picked":["Shrug It Off","Armaments"],"picked":"Clash","floor":2},{"not_picked":["Thunderclap","Bloodletting","Shockwave"],"picked":"SKIP","floor":3},{"not_picked":["Feel No Pain","Seeing Red","Havoc"],"picked":"SKIP","floor":4},{"not_picked":["Fire Breathing","Demon Form","Sever Soul"],"picked":"SKIP","floor":6},{"not_picked":["Body Slam","Flex","Burning Pact"],"picked":"SKIP","floor":8},{"not_picked":["Hemokinesis","Sword Boomerang","Flex"],"picked":"SKIP","floor":12},{"not_picked":["Sever Soul","Power Through","Hemokinesis"],"picked":"SKIP","floor":13}],"player_experience":73032,"potions_floor_usage":[4,12,13,16],"damage_taken":[{"damage":8,"enemies":"Jaw Worm","floor":1,"turns":5},{"damage":2,"enemies":"Small Slimes","floor":2,"turns":5},{"damage":1,"enemies":"Cultist","floor":3,"turns":3},{"damage":7,"enemies":"Large Slime","floor":4,"turns":6},{"damage":43,"enemies":"Gremlin Nob","floor":6,"turns":6},{"damage":11,"enemies":"Blue Slaver","floor":8,"turns":5},{"damage":0,"enemies":"3 Louse","floor":12,"turns":5},{"damage":12,"enemies":"Large Slime","floor":13,"turns":6},{"damage":62,"enemies":"Hexaghost","floor":16,"turns":9}],"relics_obtained":[{"floor":6,"key":"Bag of Preparation"},{"floor":9,"key":"Pen Nib"}],"event_choices":[{"event_name":"The Cleric","player_choice":"Card Removal","floor":5,"damage_taken":0},{"event_name":"Golden Idol","player_choice":"Take Wound","floor":10,"damage_taken":0},{"event_name":"World of Goop","player_choice":"Left","floor":14,"damage_taken":0}],"boss_relics":[],"potions_floor_spawned":[1,4,6,12],"seed_played":"-1384800193856452174","killed_by":"Hexaghost","ascension_level":0,"potions_obtained":[{"floor":1,"key":"Energy Potion"},{"floor":4,"key":"Swift Potion"},{"floor":6,"key":"EssenceOfSteel"},{"floor":12,"key":"Poison Potion"}],"is_trial":false}