{"path_per_floor":["M","M","?","?","M","E","M","R","T","$","M","E","$","M","R","B",null,"M","?","$","?","M","R"],"character_chosen":"IRONCLAD","items_purchased":[],"gold_per_floor":[112,127,127,127,144,179,195,195,240,165,178,211,161,180,180,281,281,294,294,244,244,258,258,258],"floor_reached":24,"campfire_rested":2,"playtime":1256,"current_hp_per_floor":[80,80,80,68,74,46,49,73,73,73,69,56,56,62,62,25,80,62,47,47,47,34,59,6],"items_purged":["Strike_R","Strike_R","Strike_R"],"gold":258,"score":206,"play_id":"fef237e7-ae0b-4eb2-b462-955723df66c1","local_time":"20180330143630","is_prod":false,"is_daily":false,"is_ascension_mode":false,"campfire_upgraded":1,"timestamp":1522445790,"path_taken":["M","M","?","?","M","E","M","R","T","$","?","E","$","M","R","BOSS","M","?","$","?","M","R","E"],"build_version":"2018-03-29v2","purchased_purges":3,"victory":false,"master_deck":["Strike_R","Strike_R","Defend_R","Defend_R","Defend_R","Defend_R","Flex","Rampage","Bludgeon+1","Flex+1","Double Tap+1","Flex+1"],"max_hp_per_floor":[80,80,80,80,80,80,80,80,80,80,80,80,80,80,80,80,80,80,85,85,85,85,85,85],"relics":["Burning Blood","NeowsBlessing","Sundial","Toxic Egg 2","Bronze Scales","Smiling Mask","Black Star"],"card_choices":[{"not_picked":["Clash","Carnage"],"picked":"Flex","floor":1},{"not_picked":["Evolve","Anger"],"picked":"Rampage","floor":2},{"not_picked":["Thunderclap","Perfected Strike"],"picked":"Flex","floor":7},{"not_picked":["Impervious","Fiend Fire"],"picked":"Double Tap","floor":16}],"player_experience":49673,"potions_floor_usage":[16,16,16],"damage_taken":[{"damage":0,"enemies":"Small Slimes","floor":1,"turns":1},{"damage":0,"enemies":"Cultist","floor":2,"turns":1},{"damage":0,"enemies":"2 Louse","floor":5,"turns":2},{"damage":34,"enemies":"Lagavulin","floor":6,"turns":6},{"damage":3,"enemies":"Exordium Wildlife","floor":7,"turns":3},{"damage":10,"enemies":"Looter","floor":11,"turns":2},{"damage":19,"enemies":"3 Sentries","floor":12,"turns":6},{"damage":0,"enemies":"Large Slime","floor":14,"turns":5},{"damage":43,"enemies":"The Guardian","floor":16,"turns":8},{"damage":24,"enemies":"Spheric Guardian","floor":18,"turns":4},{"damage":19,"enemies":"Shell Parasite","floor":22,"turns":3},{"damage":53,"enemies":"Gremlin Leader","floor":24,"turns":5}],"event_choices":[{"event_name":"Transmorgrifier","player_choice":"Transform","floor":3,"damage_taken":0},{"event_name":"Scrap Ooze","player_choice":"success","floor":4,"damage_taken":12},{"event_name":"Forgotten Altar","player_choice":"Shed Blood","floor":19,"damage_taken":0},{"event_name":"The Library","player_choice":"Read","floor":21,"damage_taken":0}],"boss_relics":[{"not_picked":["Mark of Pain","Orrery"],"picked":"Black Star"}],"potions_floor_spawned":[2,6,12,14,16],"seed_played":"-6699682454108249205","killed_by":"Gremlin Leader","ascension_level":0,"is_trial":false}