{"path_per_floor":["M","M","?","?","M","E","?","M","T","E","$","M","$","M","R"],"character_chosen":"THE_SILENT","items_purchased":["A Thousand Cuts","Caltrops","Flying Knee","Outmaneuver"],"gold_per_floor":[117,129,129,129,139,164,339,357,410,443,297,313,50,70,70],"floor_reached":16,"campfire_rested":1,"playtime":1507,"current_hp_per_floor":[68,68,68,68,68,53,53,53,53,7,7,6,6,3,24],"items_purged":["Regret","Doubt"],"gold":70,"play_id":"126bfc7a-578e-40eb-b6dc-d3986723551c","is_prod":false,"is_daily":false,"is_ascension_mode":false,"campfire_upgraded":0,"path_taken":["M","M","?","?","M","E","?","M","T","E","$","M","$","?","R","BOSS"],"build_version":"2018-02-01-PROD3","purchased_purges":2,"victory":false,"master_deck":["Defend_G","Defend_G","Defend_G","Defend_G","Defend_G","Strike_G","Strike_G","Strike_G","Strike_G","Strike_G","Survivor","Neutralize","Deflect","Blur","A Thousand Cuts","Acrobatics","Outmaneuver","Dagger Spray","A Thousand Cuts","Outmaneuver","Caltrops","Flying Knee","Outmaneuver","Dagger Spray"],"max_hp_per_floor":[70,70,70,70,70,70,70,70,70,70,70,70,70,70,70],"relics":["Ring of the Snake","Ninja Scroll","Snake Skull","Orichalcum","Lantern"],"card_choices":[{"not_picked":["Dodge and Roll","Sucker Punch"],"picked":"Deflect"},{"not_picked":["Prepared","Escape Plan"],"picked":"Blur"},{"not_picked":["Flying Knee","Dagger Throw"],"picked":"A Thousand Cuts"},{"not_picked":["Sucker Punch","Dodge and Roll"],"picked":"Acrobatics"},{"not_picked":["Dagger Throw","Quick Slash"],"picked":"Outmaneuver"},{"not_picked":["Acrobatics","Dagger Throw"],"picked":"Dagger Spray"},{"not_picked":["Leg Sweep","Flechettes"],"picked":"Outmaneuver"},{"not_picked":["Calculated Gamble","Crippling Poison"],"picked":"Dagger Spray"}],"player_experience":40944,"potions_floor_usage":[6,12,16],"damage_taken":[{"damage":2,"enemies":"Blue Slaver","floor":1,"turns":5},{"damage":0,"enemies":"Small Slimes","floor":2,"turns":4},{"damage":0,"enemies":"Cultist","floor":5,"turns":5},{"damage":15,"enemies":"3 Sentries","floor":6,"turns":10},{"damage":0,"enemies":"3 Louse","floor":8,"turns":4},{"damage":46,"enemies":"Lagavulin","floor":10,"turns":13},{"damage":7,"enemies":"2 Fungi Beasts","floor":12,"turns":4},{"damage":3,"enemies":"Looter","floor":14,"turns":4},{"damage":43,"enemies":"The Guardian","floor":16,"turns":9}],"event_choices":[{"event_name":"Big Fish","player_choice":"Box","floor":3,"damage_taken":0},{"event_name":"The Woman in Blue","player_choice":"Bought 0 Potions","floor":4,"damage_taken":0},{"event_name":"Liars Game","player_choice":"agreed","floor":7,"damage_taken":0}],"boss_relics":[],"potions_floor_spawned":[2,10,14],"seed_played":"-7079643391256835467","killed_by":"The Guardian","ascension_level":0,"is_trial":false}