{"path_per_floor":["M","?","?","M","?","E","M","R","T","M","$","T","M","E","R","B",null,"M","M","M","?","M","R","?","R","T","E"],"character_chosen":"DEFECT","items_purchased":["Defragment","Ball Lightning"],"gold_per_floor":[116,116,116,133,133,167,181,181,206,223,53,53,66,91,91,189,189,200,220,230,230,240,240,240,240,240,270,270],"floor_reached":28,"campfire_rested":2,"playtime":1379,"current_hp_per_floor":[75,75,75,69,69,61,59,59,59,50,50,50,43,28,50,28,75,54,35,44,30,10,34,60,60,60,3,0],"items_purged":["Strike_B"],"gold":270,"score":247,"play_id":"e72ca092-959b-46c4-a488-255500138c74","local_time":"20180428055030","is_prod":false,"is_daily":false,"chose_seed":false,"is_ascension_mode":false,"campfire_upgraded":2,"timestamp":1524887430,"path_taken":["M","?","?","M","?","E","M","R","T","M","$","?","?","E","R","BOSS","M","M","M","?","M","R","?","R","T","E","?"],"build_version":"2018-04-26v2","seed_source_timestamp":251606784518576,"purchased_purges":1,"victory":false,"master_deck":["Strike_B","Strike_B","Strike_B","Defend_B","Defend_B","Defend_B","Defend_B","Zap","Dualcast","Echo Form+1","Chill","Cold Snap","Sweeping Beam","Ball Lightning","Coolheaded","Sweeping Beam","Defragment","Ball Lightning","Gash","Capacitor","Creative AI+1","Redo","Leap+1","Cold Snap+1","Cold Snap","Force Field","Capacitor+1","Loop"],"max_hp_per_floor":[75,75,75,75,75,75,75,75,75,75,75,75,75,75,75,75,75,75,75,75,80,80,80,80,80,80,80,80],"relics":["Cracked Core","Ancient Tea Set","Spirit Poop","Prayer Wheel","Lantern","Centennial Puzzle","Bag of Marbles","White Beast Statue","Molten Egg 2","Anchor"],"card_choices":[{"not_picked":["Reprogram","FTL"],"picked":"Chill","floor":1},{"not_picked":["Chaos","Stack"],"picked":"Cold Snap","floor":4},{"not_picked":["FTL","Self Repair"],"picked":"Sweeping Beam","floor":6},{"not_picked":["Doom and Gloom","Hello World"],"picked":"Ball Lightning","floor":7},{"not_picked":["Chill","Rebound"],"picked":"Coolheaded","floor":9},{"not_picked":["Skim","Double Energy"],"picked":"Sweeping Beam","floor":10},{"not_picked":["Streamline","Stack"],"picked":"Gash","floor":12},{"not_picked":["Stack","Go for the Eyes"],"picked":"Capacitor","floor":13},{"not_picked":["Steam Power","Beam Cell"],"picked":"Creative AI","floor":14},{"not_picked":["Echo Form","Machine Learning"],"picked":"Redo","floor":16},{"not_picked":["Tempest","Hello World"],"picked":"Leap","floor":18},{"not_picked":["Genetic Algorithm","Auto Shields"],"picked":"Cold Snap","floor":19},{"not_picked":["Undo","Hello World"],"picked":"Cold Snap","floor":20},{"not_picked":["Sweeping Beam","Hello World"],"picked":"Force Field","floor":22},{"not_picked":["White Noise","Barrage"],"picked":"Capacitor","floor":26},{"not_picked":["Streamline","Hologram"],"picked":"Loop","floor":27}],"player_experience":8160,"potions_floor_usage":[13,14,16,19,20,27,28],"damage_taken":[{"damage":0,"enemies":"Small Slimes","floor":1,"turns":3},{"damage":6,"enemies":"Jaw Worm","floor":4,"turns":3},{"damage":8,"enemies":"Lagavulin","floor":6,"turns":8},{"damage":2,"enemies":"Cultist","floor":7,"turns":4},{"damage":9,"enemies":"Exordium Wildlife","floor":10,"turns":3},{"damage":13,"enemies":"Red Slaver","floor":13,"turns":3},{"damage":15,"enemies":"Gremlin Nob","floor":14,"turns":4},{"damage":36,"enemies":"Hexaghost","floor":16,"turns":10},{"damage":25,"enemies":"Spheric Guardian","floor":18,"turns":8},{"damage":19,"enemies":"Chosen","floor":19,"turns":5},{"damage":26,"enemies":"Slaver and Parasite","floor":20,"turns":17},{"damage":20,"enemies":"3 Cultists","floor":22,"turns":6},{"damage":57,"enemies":"Gremlin Leader","floor":27,"turns":8},{"damage":6,"enemies":"Sentry and Sphere","floor":28,"turns":3}],"event_choices":[{"event_name":"Big Fish","player_choice":"Box","floor":2,"damage_taken":0},{"event_name":"Bonfire Elementals","player_choice":"CURSE","floor":3,"damage_taken":0},{"event_name":"Golden Idol","player_choice":"Ignored","floor":5,"damage_taken":0},{"event_name":"Forgotten Altar","player_choice":"Shed Blood","floor":21,"damage_taken":0},{"event_name":"The Library","player_choice":"Heal","floor":24,"damage_taken":0}],"boss_relics":[{"not_picked":["Snecko Eye","Ectoplasm"],"picked":"White Beast Statue"}],"potions_floor_spawned":[1,4,7,13,16,18,19,20,22,27],"seed_played":"4387962207656786260","killed_by":"Sentry and Sphere","ascension_level":0,"is_trial":false}