{"gold_per_floor":[109,120,120,120,130,130,165,165,165,165,184,215,235,263,263,358,358,340,340,340,360,372,372,387,387,410,410,429,75,75,89,89,190,190,210,223,240,250,250,283,17,17,17,31,61,12,43,53,53,53],"floor_reached":51,"playtime":5044,"items_purged":["Defend_G","Defend_G"],"score":1101,"play_id":"1ad9c401-9962-4fc7-b611-8035579b9f65","local_time":"20190406100949","is_ascension_mode":true,"campfire_choices":[{"floor":6.0,"key":"REST"},{"floor":10.0,"key":"REST"},{"floor":15.0,"key":"REST"},{"data":"Leg Sweep","floor":23.0,"key":"SMITH"},{"data":"Wraith Form v2","floor":25.0,"key":"SMITH"},{"data":"Backflip","floor":27.0,"key":"SMITH"},{"data":"Accuracy","floor":30.0,"key":"SMITH"},{"floor":32.0,"key":"REST"},{"data":"Accuracy","floor":42,"key":"SMITH"},{"floor":49,"key":"REST"}],"neow_cost":"PERCENT_DAMAGE","seed_source_timestamp":0,"circlet_count":0,"master_deck":["Defend_G","Defend_G","Strike_G+1","Survivor","Neutralize+1","Dagger Spray","Escape Plan","PiercingWail","Backflip+1","Deflect","Infinite Blades","Terror","Leg Sweep+1","Envenom","Cloak And Dagger","Blade Dance+1","Wraith Form v2+1","Accuracy+1","Wraith Form v2+1","Accuracy+1","After Image","Tools of the Trade","Sadistic Nature","Footwork","Leg Sweep"],"special_seed":0,"relics":["Ring of the Snake","Sundial","Meat on the Bone","Mummified Hand","Omamori","Snecko Eye","Bag of Preparation","DollysMirror","WristBlade","PreservedInsect","Pantograph","Mercury Hourglass","Art of War"],"potions_floor_usage":[37,50,50],"damage_taken":[{"damage":3.0,"enemies":"Jaw Worm","floor":1.0,"turns":9.0},{"damage":1.0,"enemies":"2 Louse","floor":2.0,"turns":3.0},{"damage":0.0,"enemies":"Small Slimes","floor":5.0,"turns":4.0},{"damage":46.0,"enemies":"Gremlin Nob","floor":7.0,"turns":6.0},{"damage":0.0,"enemies":"3 Louse","floor":11.0,"turns":4.0},{"damage":6.0,"enemies":"3 Sentries","floor":12.0,"turns":8.0},{"damage":0.0,"enemies":"Looter","floor":13.0,"turns":3.0},{"damage":23.0,"enemies":"Gremlin Nob","floor":14.0,"turns":4.0},{"damage":19.0,"enemies":"Hexaghost","floor":16.0,"turns":12.0},{"damage":1.0,"enemies":"2 Thieves","floor":18.0,"turns":4.0},{"damage":0.0,"enemies":"3 Byrds","floor":21.0,"turns":5.0},{"damage":20.0,"enemies":"3 Cultists","floor":22.0,"turns":7.0},{"damage":5.0,"enemies":"Snecko","floor":24.0,"turns":7.0},{"damage":0.0,"enemies":"Centurion and Healer","floor":28.0,"turns":7.0},{"damage":1.0,"enemies":"Chosen and Byrds","floor":31.0,"turns":7.0},{"damage":17.0,"enemies":"Champ","floor":33.0,"turns":13.0},{"damage":0,"enemies":"3 Darklings","floor":35,"turns":4},{"damage":1,"enemies":"Orb Walker","floor":36,"turns":3},{"damage":0,"enemies":"Sphere and 2 Shapes","floor":37,"turns":4},{"damage":0,"enemies":"Transient","floor":38,"turns":5},{"damage":0,"enemies":"Giant Head","floor":40,"turns":6},{"damage":0,"enemies":"Writhing Mass","floor":44,"turns":4},{"damage":4,"enemies":"Nemesis","floor":45,"turns":7},{"damage":0,"enemies":"Giant Head","floor":47,"turns":5},{"damage":0,"enemies":"Maw","floor":48,"turns":5},{"damage":19,"enemies":"Time Eater","floor":50,"turns":11}],"seed_played":"7114971764749990392","potions_obtained":[{"floor":5.0,"key":"Poison Potion"},{"floor":7.0,"key":"SteroidPotion"},{"floor":11.0,"key":"Strength Potion"},{"floor":13.0,"key":"Poison Potion"},{"floor":14.0,"key":"GamblersBrew"},{"floor":21.0,"key":"LiquidBronze"},{"floor":31.0,"key":"Poison Potion"},{"floor":33.0,"key":"Swift Potion"},{"floor":35,"key":"Fruit Juice"},{"floor":37,"key":"SkillPotion"},{"floor":47,"key":"PowerPotion"}],"is_trial":false,"path_per_floor":["M","M","?","?","M","R","E","?","T","R","M","E","M","E","R","B",null,"M","?","?","M","M","R","M","R","T","R","M","$","R","M","R","B",null,"M","M","M","M","?","E","$","R","T","M","E","$","E","M","R","B",null],"character_chosen":"THE_SILENT","items_purchased":["DollysMirror","Accuracy","Sadistic Nature","Strength Potion"],"campfire_rested":5,"item_purchase_floors":[29,29,41,46],"current_hp_per_floor":[42,41,41,27,27,48,2,2,2,23,35,41,41,30,51,44,64,63,63,63,63,43,43,38,38,38,38,38,38,38,37,58,41,63,63,62,67,67,67,67,67,67,67,67,63,63,63,63,75,56],"gold":53,"neow_bonus":"REMOVE_TWO","is_prod":false,"is_daily":false,"chose_seed":false,"campfire_upgraded":5,"win_rate":0,"timestamp":1554570589,"path_taken":["M","M","?","?","M","R","E","?","T","R","M","E","M","E","R","BOSS","M","?","?","M","M","R","?","R","T","R","M","$","R","M","R","BOSS","M","?","M","M","?","E","$","R","T","M","E","?","E","M","R","BOSS"],"build_version":"2019-01-23","purchased_purges":2,"victory":true,"max_hp_per_floor":[70,70,70,70,70,70,70,70,70,70,70,70,70,70,70,70,70,70,70,70,70,70,70,70,70,70,70,70,70,70,70,70,70,70,70,70,75,75,75,75,75,75,75,75,75,75,75,75,75,75],"card_choices":[{"not_picked":["Dodge and Roll","Dagger Throw"],"picked":"Dagger Spray","floor":1.0},{"not_picked":["PiercingWail","Catalyst"],"picked":"Escape Plan","floor":2.0},{"not_picked":["Eviscerate","Blur"],"picked":"Backflip","floor":5.0},{"not_picked":["Blade Dance","Poisoned Stab","Dagger Spray"],"picked":"SKIP","floor":7.0},{"not_picked":["Blur","Outmaneuver"],"picked":"Deflect","floor":11.0},{"not_picked":["Venomology","All Out Attack"],"picked":"Infinite Blades","floor":12.0},{"not_picked":["Deadly Poison","Prepared"],"picked":"Terror","floor":13.0},{"not_picked":["Backflip","Underhanded Strike"],"picked":"Leg Sweep","floor":14.0},{"not_picked":["Grand Finale","Venomology"],"picked":"Envenom","floor":16.0},{"not_picked":["Acrobatics","Finisher"],"picked":"Cloak And Dagger","floor":18.0},{"not_picked":["Poisoned Stab+1","Dagger Throw"],"picked":"Blade Dance+1","floor":21.0},{"not_picked":["Outmaneuver","Blade Dance","All Out Attack"],"picked":"SKIP","floor":22.0},{"not_picked":["Bane","Endless Agony"],"picked":"Wraith Form v2","floor":24.0},{"not_picked":["Poisoned Stab","Sucker Punch+1"],"picked":"Accuracy","floor":28.0},{"not_picked":["Endless Agony+1","Bouncing Flask","Setup"],"picked":"SKIP","floor":31.0},{"not_picked":["Storm of Steel","Tools of the Trade"],"picked":"After Image","floor":33.0},{"not_picked":["Poisoned Stab","Crippling Poison","Concentrate"],"picked":"SKIP","floor":35},{"not_picked":["Masterful Stab+1","Choke+1","Dodge and Roll"],"picked":"SKIP","floor":36},{"not_picked":["Underhanded Strike+1","Calculated Gamble","Terror"],"picked":"SKIP","floor":37},{"not_picked":["Dagger Throw","Prepared","Dodge and Roll"],"picked":"SKIP","floor":38},{"not_picked":["Dagger Throw+1","Blade Dance"],"picked":"Tools of the Trade","floor":40},{"not_picked":["Cloak And Dagger","Backflip"],"picked":"Footwork","floor":44},{"not_picked":["Heel Hook","Expertise+1","Flechettes+1"],"picked":"SKIP","floor":45},{"not_picked":["Backflip+1","Quick Slash+1"],"picked":"Leg Sweep","floor":47},{"not_picked":["Calculated Gamble+1","PiercingWail","Distraction"],"picked":"SKIP","floor":48}],"player_experience":260560,"relics_obtained":[{"floor":7.0,"key":"Sundial"},{"floor":9.0,"key":"Meat on the Bone"},{"floor":12.0,"key":"Mummified Hand"},{"floor":14.0,"key":"Omamori"},{"floor":26.0,"key":"Bag of Preparation"},{"floor":40,"key":"PreservedInsect"},{"floor":43,"key":"Pantograph"},{"floor":45,"key":"Mercury Hourglass"},{"floor":47,"key":"Art of War"}],"event_choices":[{"damage_healed":0.0,"max_hp_gain":0.0,"max_hp_loss":0.0,"gold_gain":0.0,"cards_transformed":["Strike_G"],"event_name":"Living Wall","player_choice":"Change","floor":3.0,"gold_loss":0.0,"damage_taken":0.0,"cards_obtained":["PiercingWail"]},{"damage_healed":0.0,"max_hp_gain":0.0,"max_hp_loss":0.0,"gold_gain":0.0,"event_name":"Shining Light","player_choice":"Entered Light","floor":4.0,"gold_loss":0.0,"damage_taken":14.0,"cards_upgraded":["Neutralize","Strike_G"]},{"damage_healed":0.0,"max_hp_gain":0.0,"max_hp_loss":0.0,"gold_gain":0.0,"event_name":"Golden Idol","player_choice":"Ignored","floor":8.0,"gold_loss":0.0,"damage_taken":0.0},{"damage_healed":0.0,"max_hp_gain":0.0,"max_hp_loss":0.0,"gold_gain":0.0,"event_name":"Vampires","player_choice":"Ignored","floor":19.0,"gold_loss":0.0,"damage_taken":0.0},{"cards_removed":["Strike_G"],"damage_healed":0.0,"max_hp_gain":0.0,"max_hp_loss":0.0,"gold_gain":0.0,"event_name":"Purifier","player_choice":"Purged","floor":20.0,"gold_loss":0.0,"damage_taken":0.0},{"cards_removed":["Defend_G"],"damage_healed":0,"gold_gain":0,"player_choice":"Purged","damage_taken":0,"max_hp_gain":0,"max_hp_loss":0,"event_name":"Purifier","floor":39,"gold_loss":0}],"is_beta":false,"boss_relics":[{"not_picked":["Busted Crown","HoveringKite"],"picked":"Snecko Eye"},{"not_picked":["Astrolabe","Orrery"],"picked":"WristBlade"}],"items_purged_floors":[29,41],"is_endless":false,"potions_floor_spawned":[5,7,11,13,14,21,31,33,35,37,47],"ascension_level":9}