{"gold_per_floor":[216,216,227,227,238,238,238,238,268,268,20,32,32,43,43,140,140,159,159,173,173,173,173,188,188],"floor_reached":25,"playtime":794,"items_purged":[],"score":191,"play_id":"f8222c5d-eefd-484a-a482-f2b07d519df1","local_time":"20181128221232","is_ascension_mode":false,"campfire_choices":[{"data":"Shrug It Off","floor":6,"key":"SMITH"},{"data":"Shrug It Off","floor":8,"key":"SMITH"},{"data":"Flex","floor":13,"key":"SMITH"},{"data":"Bash","floor":15,"key":"SMITH"},{"data":"Barricade","floor":23,"key":"SMITH"}],"neow_cost":"NONE","seed_source_timestamp":1029392391738081,"circlet_count":0,"master_deck":["Strike_R","Strike_R+1","Strike_R","Strike_R","Strike_R+1","Defend_R","Defend_R","Defend_R","Defend_R","Bash+1","Shrug It Off+1","Power Through","Shrug It Off+1","Armaments","Sentinel","Evolve","Sword Boomerang","Flex+1","Heavy Blade","Barricade+1","Thunderclap","Uppercut+1","Body Slam+1"],"relics":["Burning Blood","Tiny Chest","Bronze Scales","Sozu","Peace Pipe"],"potions_floor_usage":[25],"damage_taken":[{"damage":2,"enemies":"Small Slimes","floor":1,"turns":4},{"damage":3,"enemies":"2 Louse","floor":3,"turns":3},{"damage":0,"enemies":"Cultist","floor":5,"turns":3},{"damage":5,"enemies":"2 Fungi Beasts","floor":12,"turns":4},{"damage":6,"enemies":"Exordium Wildlife","floor":14,"turns":3},{"damage":51,"enemies":"Hexaghost","floor":16,"turns":11},{"damage":25,"enemies":"3 Byrds","floor":18,"turns":3},{"damage":33,"enemies":"Shell Parasite","floor":20,"turns":6},{"damage":27,"enemies":"Sentry and Sphere","floor":24,"turns":8},{"damage":18,"enemies":"Cultist and Chosen","floor":25,"turns":4}],"seed_played":"-6403339315983462998","potions_obtained":[{"floor":3,"key":"AttackPotion"},{"floor":5,"key":"FearPotion"}],"is_trial":false,"path_per_floor":["M","?","M","?","M","R","?","R","T","T","$","M","R","M","R","B",null,"M","?","M","T","?","R","M","M"],"character_chosen":"IRONCLAD","items_purchased":["Armaments","Sentinel","Evolve","Sword Boomerang"],"campfire_rested":0,"item_purchase_floors":[11,11,11,11],"current_hp_per_floor":[80,80,80,64,70,70,75,75,75,75,75,76,76,76,76,31,85,66,66,39,39,39,39,18,0],"gold":188,"neow_bonus":"HUNDRED_GOLD","is_prod":false,"is_daily":false,"chose_seed":false,"campfire_upgraded":5,"win_rate":0.0,"timestamp":1543464752,"path_taken":["M","?","M","?","M","R","?","R","T","?","$","?","R","M","R","BOSS","M","?","M","?","?","R","M","M"],"build_version":"2018-11-15","purchased_purges":0,"victory":false,"max_hp_per_floor":[80,80,80,80,80,80,85,85,85,85,85,85,85,85,85,85,85,85,85,85,85,85,85,85,85],"card_choices":[{"not_picked":["Thunderclap","Body Slam"],"picked":"Shrug It Off","floor":1},{"not_picked":["Clash","Perfected Strike"],"picked":"Power Through","floor":3},{"not_picked":["Havoc","Sword Boomerang"],"picked":"Shrug It Off","floor":5},{"not_picked":["Perfected Strike","Bloodletting"],"picked":"Flex","floor":12},{"not_picked":["Clash","Sentinel"],"picked":"Heavy Blade","floor":14},{"not_picked":["Bludgeon","Fiend Fire"],"picked":"Barricade","floor":16},{"not_picked":["Heavy Blade","Perfected Strike"],"picked":"Thunderclap","floor":18},{"not_picked":["Havoc+1","Clothesline"],"picked":"Uppercut+1","floor":20},{"not_picked":["Cleave","Brutality"],"picked":"Body Slam+1","floor":24}],"player_experience":91074,"relics_obtained":[{"floor":9,"key":"Tiny Chest"},{"floor":10,"key":"Bronze Scales"},{"floor":21,"key":"Peace Pipe"}],"event_choices":[{"damage_healed":0,"gold_gain":0,"player_choice":"Ignored","damage_taken":0,"max_hp_gain":0,"max_hp_loss":0,"event_name":"Golden Idol","floor":2,"gold_loss":0},{"damage_healed":0,"gold_gain":0,"player_choice":"Entered Light","damage_taken":16,"max_hp_gain":0,"max_hp_loss":0,"event_name":"Shining Light","floor":4,"gold_loss":0,"cards_upgraded":["Strike_R","Strike_R"]},{"damage_healed":0,"gold_gain":0,"player_choice":"Donut","damage_taken":0,"max_hp_gain":5,"max_hp_loss":0,"event_name":"Big Fish","floor":7,"gold_loss":0},{"damage_healed":0,"gold_gain":0,"player_choice":"Ignored","damage_taken":0,"max_hp_gain":0,"max_hp_loss":0,"event_name":"Vampires","floor":19,"gold_loss":0},{"damage_healed":0,"gold_gain":0,"player_choice":"Ignored","damage_taken":0,"max_hp_gain":0,"max_hp_loss":0,"event_name":"Cursed Tome","floor":22,"gold_loss":0}],"is_beta":false,"boss_relics":[{"not_picked":["Runic Pyramid","Empty Cage"],"picked":"Sozu"}],"items_purged_floors":[],"is_endless":false,"potions_floor_spawned":[3,5,20,24],"killed_by":"Cultist and Chosen","ascension_level":0}