{"gold_per_floor":[111,137,151,163,163,163,188,188,188,188,222,232,249,11,11,11],"floor_reached":16,"playtime":489,"items_purged":[],"score":132,"play_id":"a52a75b0-2b81-46c6-9034-2ff1d6918432","local_time":"20180707020326","is_ascension_mode":true,"campfire_choices":[{"data":"Zap","floor":6,"key":"SMITH"},{"data":"Dualcast","floor":8,"key":"SMITH"},{"data":"Go for the Eyes","floor":10,"key":"SMITH"},{"data":"Sweeping Beam","floor":15,"key":"SMITH"}],"neow_cost":"","seed_source_timestamp":537591225945135,"circlet_count":0,"master_deck":["Strike_B","Strike_B","Strike_B","Defend_B","Defend_B","Defend_B","Defend_B","Zap+1","Dualcast+1","Gash","Sweeping Beam+1","Conserve Battery","Go for the Eyes+1","Conserve Battery","Cold Snap","Coolheaded"],"relics":["Cracked Core","Anchor","Art of War","Regal Pillow","Singing Bowl","Kunai"],"potions_floor_usage":[7,11],"damage_taken":[{"damage":1,"enemies":"Cultist","floor":1,"turns":3},{"damage":0,"enemies":"2 Louse","floor":3,"turns":2},{"damage":2,"enemies":"Small Slimes","floor":4,"turns":3},{"damage":31,"enemies":"Gremlin Nob","floor":7,"turns":4},{"damage":20,"enemies":"Lagavulin","floor":11,"turns":7},{"damage":12,"enemies":"Gremlin Gang","floor":12,"turns":4},{"damage":4,"enemies":"Lots of Slimes","floor":13,"turns":3},{"damage":9,"enemies":"Slime Boss","floor":16,"turns":6}],"seed_played":"-374148718939667534","potions_obtained":[{"floor":3,"key":"AttackPotion"},{"floor":7,"key":"SkillPotion"}],"is_trial":false,"path_per_floor":["M","T","M","M","?","R","E","R","T","R","E","M","M","$","R"],"character_chosen":"DEFECT","items_purchased":["Kunai"],"campfire_rested":0,"item_purchase_floors":[14],"current_hp_per_floor":[74,74,74,72,72,72,41,41,41,41,21,9,5,5,5,0],"gold":11,"neow_bonus":"","is_prod":false,"is_daily":false,"chose_seed":false,"campfire_upgraded":4,"win_rate":0,"timestamp":1530954206,"path_taken":["M","?","M","M","?","R","E","R","T","R","E","?","M","$","R","BOSS"],"build_version":"2018-07-05","purchased_purges":0,"victory":false,"max_hp_per_floor":[75,75,75,75,75,75,75,75,75,75,75,75,75,75,75,75],"card_choices":[{"not_picked":["Static Discharge","Barrage"],"picked":"Gash","floor":1},{"not_picked":["Compile Driver","Stack"],"picked":"Sweeping Beam","floor":3},{"not_picked":["Barrage","Steam"],"picked":"Conserve Battery","floor":4},{"not_picked":["Beam Cell","Ball Lightning"],"picked":"Go for the Eyes","floor":7},{"not_picked":["Capacitor","Redo"],"picked":"Conserve Battery","floor":11},{"not_picked":["Thunder Strike","Doom and Gloom"],"picked":"Cold Snap","floor":12},{"not_picked":["Ball Lightning","Steam"],"picked":"Coolheaded","floor":13}],"player_experience":257954,"relics_obtained":[{"floor":2,"key":"Anchor"},{"floor":7,"key":"Art of War"},{"floor":9,"key":"Regal Pillow"},{"floor":11,"key":"Singing Bowl"}],"event_choices":[{"event_name":"Wheel of Change","player_choice":"Card Removal","floor":5,"damage_taken":0}],"boss_relics":[],"items_purged_floors":[],"is_endless":false,"potions_floor_spawned":[3,7],"killed_by":"Slime Boss","ascension_level":4}