{"path_per_floor":["M","M","M","M","M","E","R","M","T","$","M","M","?","?","R","B",null,"M","M","M","?","$","R","M","?","T","?"],"character_chosen":"DEFECT","items_purchased":["Dark Shackles","Creative AI","Storm"],"gold_per_floor":[114,133,143,154,167,192,192,205,256,18,32,46,46,11,11,113,113,113,113,113,113,45,45,45,45,45,45,45],"floor_reached":28,"campfire_rested":3,"playtime":2496,"item_purchase_floors":[10,10,22],"current_hp_per_floor":[75,72,66,45,36,5,27,20,20,20,14,8,33,33,55,14,75,66,35,10,10,10,32,5,5,5,5,0],"items_purged":[],"gold":45,"score":224,"play_id":"eab676b5-9a87-40ac-abe3-073bbb52f884","local_time":"20180622040459","is_prod":false,"is_daily":false,"chose_seed":false,"is_ascension_mode":false,"campfire_upgraded":0,"win_rate":0.0,"timestamp":1529661899,"campfire_choices":[{"floor":7,"key":"REST"},{"floor":15,"key":"REST"},{"floor":23,"key":"REST"}],"path_taken":["M","M","M","M","M","E","R","M","T","$","M","M","?","?","R","BOSS","M","?","M","?","$","R","M","?","T","?","?"],"build_version":"2018-06-21","seed_source_timestamp":115929190795983,"purchased_purges":0,"circlet_count":0,"victory":false,"master_deck":["Strike_B","Strike_B","Strike_B","Strike_B","Defend_B","Defend_B","Defend_B+1","Defend_B","Zap","Dualcast","Streamline","Redo","Coolheaded+1","Auto Shields","Auto Shields","Heatsinks","Go for the Eyes","Dark Shackles","Creative AI","Leap","Cold Snap","Thunder Strike","Darkness","Redo","Conserve Battery+1","Storm","Stack"],"max_hp_per_floor":[75,75,75,75,75,75,75,75,75,75,75,75,75,75,75,75,75,75,75,75,75,75,75,75,75,75,75,75],"relics":["Cracked Core","Orichalcum","War Paint","Ectoplasm","Bottled Lightning"],"card_choices":[{"not_picked":["Cold Snap","Self Repair"],"picked":"Streamline","floor":1},{"not_picked":["Steam Power","Steam"],"picked":"Redo","floor":2},{"not_picked":["Streamline","Barrage"],"picked":"Coolheaded","floor":3},{"not_picked":["White Noise","Scrape"],"picked":"Auto Shields","floor":4},{"not_picked":["Defragment","Barrage"],"picked":"Auto Shields","floor":5},{"not_picked":["Barrage","Biased Cognition"],"picked":"Heatsinks","floor":6},{"not_picked":["Consume","Gash"],"picked":"Go for the Eyes","floor":8},{"not_picked":["Beam Cell","Chaos"],"picked":"Leap","floor":11},{"not_picked":["Coolheaded","Sweeping Beam"],"picked":"Cold Snap","floor":12},{"not_picked":["Rainbow","Buffer"],"picked":"Thunder Strike","floor":16},{"not_picked":["Tempest+1","Ball Lightning"],"picked":"Darkness","floor":18},{"not_picked":["Beam Cell","Heatsinks"],"picked":"Redo","floor":19},{"not_picked":["Gash","Go for the Eyes+1"],"picked":"Conserve Battery+1","floor":20},{"not_picked":["Beam Cell+1","Creative AI"],"picked":"Stack","floor":24}],"player_experience":8346,"potions_floor_usage":[6,19,19],"damage_taken":[{"damage":0,"enemies":"2 Louse","floor":1,"turns":2},{"damage":3,"enemies":"Jaw Worm","floor":2,"turns":4},{"damage":6,"enemies":"Cultist","floor":3,"turns":3},{"damage":21,"enemies":"Gremlin Gang","floor":4,"turns":9},{"damage":9,"enemies":"Exordium Wildlife","floor":5,"turns":6},{"damage":31,"enemies":"Gremlin Nob","floor":6,"turns":5},{"damage":7,"enemies":"3 Louse","floor":8,"turns":3},{"damage":6,"enemies":"Looter","floor":11,"turns":4},{"damage":6,"enemies":"Large Slime","floor":12,"turns":8},{"damage":41,"enemies":"Slime Boss","floor":16,"turns":15},{"damage":9,"enemies":"3 Byrds","floor":18,"turns":6},{"damage":31,"enemies":"Spheric Guardian","floor":19,"turns":6},{"damage":25,"enemies":"Chosen and Byrds","floor":20,"turns":9},{"damage":45,"enemies":"3 Cultists","floor":24,"turns":6},{"damage":8,"enemies":"Centurion and Healer","floor":28,"turns":2}],"relics_obtained":[{"floor":6,"key":"Orichalcum"},{"floor":9,"key":"War Paint"},{"floor":26,"key":"Bottled Lightning"}],"event_choices":[{"event_name":"Big Fish","player_choice":"Banana","floor":13,"damage_taken":0},{"event_name":"World of Goop","player_choice":"Left","floor":14,"damage_taken":0},{"event_name":"Forgotten Altar","player_choice":"Smashed Altar","floor":21,"damage_taken":0},{"event_name":"Fountain of Cleansing","player_choice":"Removed Curse","floor":25,"damage_taken":0},{"event_name":"Beggar","player_choice":"Ignored","floor":27,"damage_taken":0}],"boss_relics":[{"not_picked":["Empty Cage","Snecko Eye"],"picked":"Ectoplasm"}],"items_purged_floors":[],"is_endless":false,"potions_floor_spawned":[2,3,5,11,12,18,19,20,24],"seed_played":"-6701065655328560432","killed_by":"Centurion and Healer","ascension_level":0,"potions_obtained":[{"floor":2,"key":"Dexterity Potion"},{"floor":3,"key":"Poison Potion"},{"floor":5,"key":"GamblersBrew"},{"floor":11,"key":"Poison Potion"},{"floor":12,"key":"FearPotion"},{"floor":18,"key":"Poison Potion"},{"floor":19,"key":"FairyPotion"},{"floor":20,"key":"SpeedPotion"},{"floor":24,"key":"Fire Potion"}],"is_trial":false}