{"gold_per_floor":[109,11,21,41,41,75,89,89,89,112,112,62,62,76,76,76],"floor_reached":16,"playtime":689,"items_purged":["Strike_B"],"score":160,"play_id":"18888745-dc12-4764-8cf6-f6486b229ffd","local_time":"20190325182546","is_ascension_mode":true,"campfire_choices":[{"data":"Zap","floor":11,"key":"SMITH"},{"floor":15,"key":"REST"}],"neow_cost":"NONE","seed_source_timestamp":0,"circlet_count":0,"master_deck":["Strike_B","Strike_B","Strike_B","Defend_B","Defend_B","Defend_B","Defend_B","Zap+1","Dualcast","Streamline","Conserve Battery","Coolheaded","Thunder Strike","Barrage","Cold Snap","Blizzard"],"special_seed":0,"relics":["White Beast Statue","Golden Idol","Smiling Mask","Art of War","Dodecahedron"],"potions_floor_usage":[10,14,14,16,16],"damage_taken":[{"damage":1.0,"enemies":"Cultist","floor":1.0,"turns":3.0},{"damage":0.0,"enemies":"2 Louse","floor":3.0,"turns":1.0},{"damage":4.0,"enemies":"Jaw Worm","floor":4.0,"turns":3.0},{"damage":17.0,"enemies":"3 Sentries","floor":6.0,"turns":10.0},{"damage":3,"enemies":"Red Slaver","floor":7,"turns":5},{"damage":0,"enemies":"2 Fungi Beasts","floor":10,"turns":3},{"damage":19,"enemies":"Exordium Thugs","floor":14,"turns":5},{"damage":45,"enemies":"Slime Boss","floor":16,"turns":6}],"seed_played":"-789844102656545397","potions_obtained":[{"floor":1.0,"key":"Energy Potion"},{"floor":3.0,"key":"Weak Potion"},{"floor":4.0,"key":"EssenceOfSteel"},{"floor":6.0,"key":"Ancient Potion"},{"floor":7,"key":"AttackPotion"},{"floor":10,"key":"Block Potion"},{"floor":13,"key":"Explosive Potion"},{"floor":13,"key":"PowerPotion"},{"floor":13,"key":"SpeedPotion"},{"floor":14,"key":"SkillPotion"}],"is_trial":false,"path_per_floor":["M","$","M","M","?","E","M","T","T","M","R","$","?","M","R","B"],"character_chosen":"DEFECT","items_purchased":["Conserve Battery","SteroidPotion"],"campfire_rested":1,"item_purchase_floors":[2,2],"current_hp_per_floor":[74,74,74,70,52,35,32,32,32,32,32,32,32,13,35,0],"gold":76,"neow_bonus":"BOSS_RELIC","is_prod":false,"is_daily":false,"chose_seed":false,"campfire_upgraded":1,"win_rate":0,"timestamp":1553563546,"path_taken":["M","?","M","M","?","E","M","?","T","?","R","$","?","?","R","BOSS"],"build_version":"2019-01-23","purchased_purges":1,"victory":false,"max_hp_per_floor":[75,75,75,75,75,75,75,75,75,75,75,75,75,75,75,75],"card_choices":[{"not_picked":["Turbo","Steam Power"],"picked":"Streamline","floor":1.0},{"not_picked":["Streamline","Reinforced Body"],"picked":"Coolheaded","floor":3.0},{"not_picked":["Leap","Go for the Eyes"],"picked":"Thunder Strike","floor":4.0},{"not_picked":["Melter","Storm"],"picked":"Barrage","floor":6.0},{"not_picked":["Doom and Gloom","Sweeping Beam"],"picked":"Cold Snap","floor":7},{"not_picked":["Sweeping Beam","Go for the Eyes","Compile Driver"],"picked":"SKIP","floor":10},{"not_picked":["Consume","Electrodynamics"],"picked":"Blizzard","floor":14}],"player_experience":228470,"relics_obtained":[{"floor":6.0,"key":"Smiling Mask"},{"floor":8,"key":"Art of War"},{"floor":9,"key":"Dodecahedron"}],"event_choices":[{"damage_healed":0.0,"max_hp_gain":0.0,"max_hp_loss":0.0,"gold_gain":0.0,"event_name":"Golden Idol","player_choice":"Take Damage","floor":5.0,"gold_loss":0.0,"damage_taken":18.0,"relics_obtained":["Golden Idol"]},{"damage_healed":0,"gold_gain":0,"player_choice":"Got Potions","damage_taken":0,"max_hp_gain":0,"max_hp_loss":0,"event_name":"Lab","floor":13,"gold_loss":0}],"is_beta":false,"boss_relics":[],"items_purged_floors":[12],"is_endless":false,"potions_floor_spawned":[1,3,4,6,7,10,14],"killed_by":"Slime Boss","ascension_level":1}