{"path_per_floor":["M","M","?","M","M","E","M","?","T","?","R","M","E","?","R","B",null,"M","M"],"character_chosen":"THE_SILENT","items_purchased":[],"gold_per_floor":[142,162,162,175,191,516,534,534,534,534,534,552,577,577,577,674,674,693,674],"floor_reached":20,"campfire_rested":0,"playtime":1511,"current_hp_per_floor":[73,68,68,62,62,43,35,35,35,35,35,31,23,23,23,5,75,42,28],"items_purged":[],"gold":674,"play_id":"3ba87ebe-8b94-4366-a348-84e6782cf36d","is_prod":false,"is_daily":false,"is_ascension_mode":false,"campfire_upgraded":2,"path_taken":["M","M","?","M","M","E","M","?","T","?","R","M","E","?","R","BOSS","M","M","M"],"build_version":"2018-02-01-PROD3","purchased_purges":0,"victory":false,"master_deck":["Defend_G","Defend_G","Defend_G","Defend_G","Defend_G","Strike_G","Strike_G","Strike_G","Survivor","Neutralize","Poisoned Stab","Backflip+1","Flying Knee","Dagger Throw","Flying Knee","Dagger Spray","Caltrops","Phantasmal Killer","Bouncing Flask+1","Madness","Pain","Footwork","Acrobatics+1","Slice","A Thousand Cuts","Slice","Acrobatics+1"],"max_hp_per_floor":[75,75,75,75,75,75,75,75,75,75,75,75,75,75,75,75,75,75,75],"relics":["Tiny House","Old Coin","Oddly Smooth Stone","Bottled Flame","The Specimen"],"card_choices":[{"not_picked":["Deflect","Bouncing Flask"],"picked":"Poisoned Stab"},{"not_picked":["Flying Knee","Dodge and Roll"],"picked":"Backflip"},{"not_picked":["Adrenaline","Dagger Spray"],"picked":"Flying Knee"},{"not_picked":["Masterful Stab","Slice"],"picked":"Dagger Throw"},{"not_picked":["Deflect","Blade Dance"],"picked":"Flying Knee"},{"not_picked":["Malaise","Terror"],"picked":"Dagger Spray"},{"not_picked":["Poisoned Stab","Dagger Throw"],"picked":"Caltrops"},{"not_picked":["Phantasmal Killer","PiercingWail"],"picked":"Footwork"},{"not_picked":["Distraction","Prepared"],"picked":"Acrobatics"},{"not_picked":["Glass Knife","Wraith Form"],"picked":"A Thousand Cuts"},{"not_picked":["Backflip","Prepared"],"picked":"Slice"},{"not_picked":["Poisoned Stab","Flechettes"],"picked":"Acrobatics"}],"player_experience":24860,"potions_floor_usage":[6,6,13,16,16],"damage_taken":[{"damage":2,"enemies":"Small Slimes","floor":1,"turns":3},{"damage":5,"enemies":"Jaw Worm","floor":2,"turns":4},{"damage":6,"enemies":"Blue Slaver","floor":4,"turns":4},{"damage":0,"enemies":"Exordium Wildlife","floor":5,"turns":3},{"damage":28,"enemies":"Gremlin Nob","floor":6,"turns":5},{"damage":8,"enemies":"Gremlin Gang","floor":7,"turns":5},{"damage":4,"enemies":"Large Slime","floor":12,"turns":5},{"damage":8,"enemies":"3 Sentries","floor":13,"turns":8},{"damage":18,"enemies":"The Guardian","floor":16,"turns":8},{"damage":33,"enemies":"3 Byrds","floor":18,"turns":5},{"damage":14,"enemies":"2 Thieves","floor":19,"turns":4},{"damage":44,"enemies":"Slaver and Parasite","floor":20,"turns":4}],"event_choices":[{"event_name":"Living Wall","player_choice":"Forget","floor":3,"damage_taken":0},{"event_name":"Accursed Blacksmith","player_choice":"Forge","floor":8,"damage_taken":0},{"event_name":"Match and Keep!","player_choice":"4 cards matched","floor":10,"damage_taken":0},{"event_name":"Transmorgrifier","player_choice":"Transform","floor":14,"damage_taken":0}],"boss_relics":[{"not_picked":["Philosopher\u0027s Stone","Orrery"],"picked":"The Specimen"}],"potions_floor_spawned":[4,5,12,13],"seed_played":"-3437338039597191653","killed_by":"Slaver and Parasite","ascension_level":0,"is_trial":false}