{"path_per_floor":["M","?","M","?","$","E","R","E","T","M","M","M","M","E","R","B",null,"M","T","$","?","M","R","E","M","T","M","R","?","E","M","R","B",null,"M","M","?","$","?","R","$","R","T","M","R","E","?","E","R","B"],"character_chosen":"THE_SILENT","items_purchased":["Leg Sweep","A Thousand Cuts","Slice","Escape Plan","Toolbox","Infinite Blades"],"gold_per_floor":[110,110,129,129,15,73,73,104,177,194,210,223,240,272,272,372,372,385,385,20,20,40,40,65,84,84,102,102,102,132,152,152,256,256,269,285,285,39,39,39,5,5,29,40,40,70,70,97,97,97],"floor_reached":51,"campfire_rested":4,"playtime":4903,"current_hp_per_floor":[70,70,68,68,68,64,64,53,53,52,52,52,52,50,50,60,68,61,61,61,45,27,48,19,6,6,6,27,27,18,10,31,26,59,47,36,36,36,36,36,36,36,36,24,45,35,61,55,55,14],"items_purged":["Strike_G","Strike_G"],"gold":97,"score":942,"play_id":"990f54fa-623f-4c72-9e84-9f5479062be4","local_time":"20180319225950","is_prod":false,"is_daily":false,"is_ascension_mode":true,"campfire_upgraded":3,"timestamp":1521525590,"path_taken":["M","?","M","?","$","E","R","E","T","M","M","M","M","E","R","BOSS","M","?","$","?","M","R","E","M","T","M","R","?","E","M","R","BOSS","M","M","?","$","?","R","$","R","T","M","R","E","?","E","R","BOSS"],"build_version":"2018-03-16","purchased_purges":3,"victory":true,"master_deck":["Defend_G","Defend_G","Defend_G","Defend_G","Defend_G","Survivor+1","Neutralize+1","Slice+1","Night Terror+1","Noxious Fumes+1","Accuracy+1","Leg Sweep","Well Laid Plans+1","Backflip","Cloak And Dagger+1","Quick Slash","Calculated Gamble","Blur+1","PiercingWail","Envenom+1","Escape Plan","Flying Knee","Backflip","Sucker Punch","Cloak And Dagger","A Thousand Cuts+1","Slice","Escape Plan","Blade Dance","Well Laid Plans+1","Neutralize","Die Die Die","Backflip","Backstab+1","Venomology","Backflip","Infinite Blades+1","Doubt","Well Laid Plans+1","Slice+1","Accuracy+1"],"max_hp_per_floor":[70,70,70,70,70,70,70,70,70,70,70,70,70,70,70,70,70,70,70,70,70,70,70,70,70,70,70,70,70,70,70,70,70,70,70,70,70,70,70,70,70,70,70,70,70,70,61,61,61,61],"relics":["Astrolabe","Frozen Egg 2","Tiny Chest","Happy Flower","Pantograph","Ninja Scroll","Orrery","Girya","Nilry\u0027s Codex","War Paint","Bag of Marbles","Letter Opener","Cursed Key","Toolbox","Bronze Scales","Ice Cream","Gremlin Horn"],"card_choices":[{"not_picked":["Deadly Poison","Sucker Punch"],"picked":"Noxious Fumes"},{"not_picked":["Terror","Prepared"],"picked":"Accuracy"},{"not_picked":["Endless Agony","Malaise"],"picked":"Well Laid Plans"},{"not_picked":["Prepared","Deflect"],"picked":"Backflip"},{"not_picked":["Acrobatics","Eviscerate"],"picked":"Cloak And Dagger"},{"not_picked":["Masterful Stab","All Out Attack"],"picked":"Quick Slash"},{"not_picked":["Sucker Punch","Bane"],"picked":"Calculated Gamble"},{"not_picked":["Acrobatics","Bouncing Flask"],"picked":"Blur"},{"not_picked":["Phantasmal Killer","Prepared"],"picked":"PiercingWail"},{"not_picked":["Tactician","Grand Finale"],"picked":"Envenom"},{"not_picked":["PiercingWail","Choke"],"picked":"Escape Plan"},{"not_picked":["Leg Sweep","Poisoned Stab"],"picked":"Flying Knee"},{"not_picked":["Acrobatics","Calculated Gamble"],"picked":"Backflip"},{"not_picked":["Bane","Poisoned Stab"],"picked":"Sucker Punch"},{"not_picked":["Backstab","PiercingWail"],"picked":"Cloak And Dagger"},{"not_picked":["Flying Knee","Catalyst"],"picked":"Blade Dance"},{"not_picked":["Bane","Choke"],"picked":"Well Laid Plans"},{"not_picked":["Riddle With Holes","Dagger Spray"],"picked":"Backflip"},{"not_picked":["Poisoned Stab","Acrobatics"],"picked":"Backstab"},{"not_picked":["A Thousand Cuts","Glass Knife"],"picked":"Venomology"},{"not_picked":["Deadly Poison","Bane"],"picked":"Backflip"},{"not_picked":["Prepared","Masterful Stab"],"picked":"Well Laid Plans"},{"not_picked":["Dagger Throw","Predator"],"picked":"Slice"},{"not_picked":["Deadly Poison","Cloak And Dagger"],"picked":"Accuracy"}],"player_experience":167419,"potions_floor_usage":[24,27,30,50,50,50,50],"damage_taken":[{"damage":0.0,"enemies":"Jaw Worm","floor":1.0,"turns":4.0},{"damage":2.0,"enemies":"2 Louse","floor":3.0,"turns":3.0},{"damage":4.0,"enemies":"3 Sentries","floor":6.0,"turns":10.0},{"damage":11.0,"enemies":"Lagavulin","floor":8.0,"turns":7.0},{"damage":1.0,"enemies":"Small Slimes","floor":10.0,"turns":4.0},{"damage":0.0,"enemies":"Exordium Thugs","floor":11.0,"turns":4.0},{"damage":0.0,"enemies":"Red Slaver","floor":12.0,"turns":3.0},{"damage":0.0,"enemies":"Blue Slaver","floor":13.0,"turns":5.0},{"damage":2.0,"enemies":"3 Sentries","floor":14.0,"turns":9.0},{"damage":10.0,"enemies":"Slime Boss","floor":16.0,"turns":9.0},{"damage":7.0,"enemies":"Spheric Guardian","floor":18.0,"turns":6.0},{"damage":18.0,"enemies":"2 Thieves","floor":22.0,"turns":4.0},{"damage":29,"enemies":"Slavers","floor":24,"turns":7},{"damage":13,"enemies":"Snake Plant","floor":25,"turns":6},{"damage":0,"enemies":"Cultist and Chosen","floor":27,"turns":5},{"damage":9,"enemies":"Book of Stabbing","floor":30,"turns":9},{"damage":8,"enemies":"Centurion and Healer","floor":31,"turns":6},{"damage":30,"enemies":"Collector","floor":33,"turns":7},{"damage":12,"enemies":"3 Darklings","floor":35,"turns":5},{"damage":11,"enemies":"Orb Walker","floor":36,"turns":2},{"damage":12,"enemies":"Sphere and 2 Shapes","floor":44,"turns":4},{"damage":10,"enemies":"Nemesis","floor":46,"turns":3},{"damage":6,"enemies":"Giant Head","floor":48,"turns":6},{"damage":62,"enemies":"Donu and Deca","floor":50,"turns":7}],"event_choices":[{"event_name":"Big Fish","player_choice":"Box","floor":2.0,"damage_taken":0.0},{"event_name":"Living Wall","player_choice":"Forget","floor":4.0,"damage_taken":0.0},{"event_name":"Cursed Tome","player_choice":"Obtained Book","floor":21.0,"damage_taken":0.0},{"event_name":"Match and Keep!","player_choice":"2 cards matched","floor":29,"damage_taken":0},{"event_name":"Match and Keep!","player_choice":"2 cards matched","floor":29,"damage_taken":0},{"event_name":"Tomb of Lord Red Mask","player_choice":"Ignored","floor":37,"damage_taken":0},{"event_name":"The Moai Head","player_choice":"Heal","floor":47,"damage_taken":0}],"boss_relics":[{"not_picked":["Eternal Feather","Philosopher\u0027s Stone"],"picked":"Cursed Key"}],"potions_floor_spawned":[3,6,10,13,14,25,44,48],"seed_played":"8370996304367549984","ascension_level":5,"is_trial":false}