{"gold_per_floor":[118,137,58,5,22,50,61,61,61,96,96,111,123,134,134,230,230,247,24,24,41,56,56,56,56,56,83,83,95,7,24,24,24],"floor_reached":33,"playtime":1679,"items_purged":["Strike_G","Defend_G"],"score":279,"play_id":"1ae72049-d1a1-4224-b233-89476fc4a287","local_time":"20190404041816","is_ascension_mode":false,"campfire_choices":[{"data":"Skewer","floor":8,"key":"SMITH"},{"data":"Blade Dance","floor":11,"key":"SMITH"},{"floor":15,"key":"REST"},{"data":"Dodge and Roll","floor":23,"key":"SMITH"},{"floor":25,"key":"REST"},{"data":"Blade Dance","floor":32,"key":"SMITH"}],"neow_cost":"TEN_PERCENT_HP_LOSS","seed_source_timestamp":742996942894028,"circlet_count":0,"master_deck":["Defend_G","Defend_G","Defend_G","Survivor","Neutralize","PiercingWail","Slice","Quick Slash","Skewer+1","Quick Slash+1","Blade Dance+1","Poisoned Stab+1","Dagger Throw","Skewer","After Image+1","Night Terror+1","Prepared+1","Cloak And Dagger+1","Dodge and Roll+1","Deflect","Noxious Fumes+1","Escape Plan+1","Crippling Poison","Blade Dance+1"],"relics":["Ring of the Snake","Meat on the Bone","Darkstone Periapt","Frozen Egg 2","Nunchaku","Astrolabe","Boot","Whetstone","Smiling Mask"],"potions_floor_usage":[7,10,16,16,22,22,33],"damage_taken":[{"damage":2,"enemies":"Small Slimes","floor":1,"turns":5},{"damage":0,"enemies":"Cultist","floor":2,"turns":4},{"damage":0,"enemies":"Jaw Worm","floor":5,"turns":4},{"damage":25,"enemies":"Gremlin Nob","floor":6,"turns":5},{"damage":7,"enemies":"Gremlin Gang","floor":7,"turns":5},{"damage":26,"enemies":"Lagavulin","floor":10,"turns":7},{"damage":1,"enemies":"3 Louse","floor":12,"turns":4},{"damage":3,"enemies":"Blue Slaver","floor":13,"turns":4},{"damage":0,"enemies":"Exordium Wildlife","floor":14,"turns":3},{"damage":25,"enemies":"Slime Boss","floor":16,"turns":10},{"damage":8,"enemies":"3 Byrds","floor":18,"turns":6},{"damage":8,"enemies":"Shell Parasite","floor":21,"turns":7},{"damage":22,"enemies":"Cultist and Chosen","floor":22,"turns":7},{"damage":17,"enemies":"Book of Stabbing","floor":27,"turns":5},{"damage":4,"enemies":"Snake Plant","floor":29,"turns":4},{"damage":14,"enemies":"Centurion and Healer","floor":31,"turns":8},{"damage":49,"enemies":"Collector","floor":33,"turns":7}],"seed_played":"-8929657940117551062","potions_obtained":[{"floor":6,"key":"Energy Potion"},{"floor":7,"key":"SkillPotion"},{"floor":10,"key":"Weak Potion"},{"floor":12,"key":"Explosive Potion"},{"floor":13,"key":"SkillPotion"},{"floor":18,"key":"Strength Potion"},{"floor":21,"key":"Regen Potion"}],"is_trial":false,"path_per_floor":["M","M","?","$","M","E","M","R","T","E","R","M","M","M","R","B",null,"M","$","?","M","M","R","$","R","T","E","?","M","$","M","R","B"],"character_chosen":"THE_SILENT","items_purchased":["Quick Slash","Boot","Crippling Poison"],"campfire_rested":2,"item_purchase_floors":[4,19,30],"current_hp_per_floor":[61,61,61,61,61,36,41,41,41,27,27,38,35,35,53,40,63,55,55,44,36,38,38,38,58,58,41,41,37,37,35,35,0],"gold":24,"neow_bonus":"REMOVE_TWO","is_prod":false,"is_daily":false,"chose_seed":false,"campfire_upgraded":4,"win_rate":0,"timestamp":1554373096,"path_taken":["M","M","?","?","?","E","M","R","T","E","R","M","M","?","R","BOSS","M","$","?","M","M","R","$","R","T","E","?","M","$","M","R","BOSS"],"build_version":"2019-01-23","purchased_purges":2,"victory":false,"max_hp_per_floor":[63,63,63,63,63,63,63,63,63,63,63,63,63,63,63,63,63,63,63,68,68,68,68,68,68,68,68,68,68,68,68,68,68],"card_choices":[{"not_picked":["Dodge and Roll","Flying Knee"],"picked":"PiercingWail","floor":1},{"not_picked":["PiercingWail","Flying Knee"],"picked":"Slice","floor":2},{"not_picked":["Acrobatics","Bouncing Flask"],"picked":"Skewer","floor":5},{"not_picked":["Underhanded Strike","Blade Dance","Glass Knife"],"picked":"SKIP","floor":6},{"not_picked":["Dagger Spray","Setup"],"picked":"Quick Slash","floor":7},{"not_picked":["Eviscerate","Distraction"],"picked":"Blade Dance","floor":10},{"not_picked":["Underhanded Strike","Bane"],"picked":"Poisoned Stab","floor":12},{"not_picked":["Sucker Punch","Dodge and Roll"],"picked":"Dagger Throw","floor":13},{"not_picked":["Acrobatics","Masterful Stab"],"picked":"Skewer","floor":14},{"not_picked":["Wraith Form v2+1","Corpse Explosion"],"picked":"After Image+1","floor":16},{"not_picked":["Bane","Prepared","Expertise"],"picked":"SKIP","floor":18},{"not_picked":["Prepared","Bane+1"],"picked":"Dodge and Roll","floor":21},{"not_picked":["Poisoned Stab","Calculated Gamble+1"],"picked":"Deflect","floor":22},{"not_picked":["Acrobatics","Masterful Stab"],"picked":"Noxious Fumes+1","floor":27},{"not_picked":["Dodge and Roll","Underhanded Strike+1"],"picked":"Escape Plan+1","floor":29},{"not_picked":["Setup","Distraction"],"picked":"Blade Dance","floor":31}],"player_experience":172349,"relics_obtained":[{"floor":6,"key":"Darkstone Periapt"},{"floor":9,"key":"Frozen Egg 2"},{"floor":10,"key":"Nunchaku"},{"floor":26,"key":"Whetstone"},{"floor":27,"key":"Smiling Mask"}],"event_choices":[{"damage_healed":0,"gold_gain":0,"player_choice":"Paid Gold","damage_taken":0,"relics_obtained":["Meat on the Bone"],"max_hp_gain":0,"max_hp_loss":0,"event_name":"WeMeetAgain","floor":3,"gold_loss":79},{"damage_healed":0,"gold_gain":0,"player_choice":"Shed Blood","damage_taken":16,"max_hp_gain":5,"max_hp_loss":0,"event_name":"Forgotten Altar","floor":20,"gold_loss":0},{"damage_healed":0,"gold_gain":0,"player_choice":"Ignored","damage_taken":0,"max_hp_gain":0,"max_hp_loss":0,"event_name":"Vampires","floor":28,"gold_loss":0}],"is_beta":false,"boss_relics":[{"not_picked":["Runic Pyramid","Orrery"],"picked":"Astrolabe"}],"items_purged_floors":[19,30],"is_endless":false,"potions_floor_spawned":[6,7,10,12,13,14,18,21],"killed_by":"Collector","ascension_level":0}