{"gold_per_floor":[118,118,118,118,133,133,164,183,183,197,214,249,249,284,284,387,387,403,403,403,54,68,402,449,449,449,167,199,210,221,221,221,316,316,333,333,343,356,316,316,316,95,165,21,121,138,158,177,177,177],"floor_reached":51,"playtime":2215,"items_purged":["Regret"],"score":891,"play_id":"716dab63-225d-4f43-ba66-3078fe5bb2e1","local_time":"20181031140801","is_ascension_mode":true,"campfire_choices":[{"data":"Zap","floor":6,"key":"SMITH"},{"floor":13,"key":"REST"},{"data":"Heatsinks","floor":15,"key":"SMITH"},{"floor":25,"key":"REST"},{"floor":32,"key":"REST"},{"floor":40,"key":"REST"},{"floor":41,"key":"REST"},{"floor":49,"key":"REST"}],"neow_cost":"NONE","seed_source_timestamp":214424749020720,"circlet_count":0,"master_deck":["Strike_B","Strike_B","Strike_B","Defend_B","Defend_B","Defend_B","Defend_B","Zap+1","Dualcast","Storm+1","Conserve Battery","Static Discharge","Darkness","Doom and Gloom","Hologram","Heatsinks+1","Echo Form","Defragment","Storm+1","Glacier","Redo+1","Coolheaded","Defragment","Poisoned Stab+1","Acrobatics+1","Backflip","Brutality","Crippling Poison+1","Redo","Apotheosis","Storm","Acrobatics+1","Trip+1","Anger+1"],"relics":["Cracked Core","NeowsBlessing","WingedGreaves","Regal Pillow","Question Card","DataDisk","Bird Faced Urn","Nuclear Battery","Medical Kit","Old Coin","Potion Belt","Molten Egg 2","PrismaticShard","Shuriken","Lizard Tail","Cables","Blood Vial","Unceasing Top"],"potions_floor_usage":[11,14,18,23,28,33,33,48,48,50,50],"damage_taken":[{"damage":0,"enemies":"Cultist","floor":1,"turns":1},{"damage":0,"enemies":"2 Louse","floor":5,"turns":1},{"damage":0,"enemies":"Gremlin Nob","floor":7,"turns":1},{"damage":6,"enemies":"Small Slimes","floor":8,"turns":3},{"damage":7,"enemies":"2 Fungi Beasts","floor":10,"turns":4},{"damage":0,"enemies":"Lots of Slimes","floor":11,"turns":2},{"damage":32,"enemies":"Lagavulin","floor":12,"turns":4},{"damage":23,"enemies":"3 Sentries","floor":14,"turns":5},{"damage":57,"enemies":"The Guardian","floor":16,"turns":10},{"damage":27,"enemies":"2 Thieves","floor":18,"turns":2},{"damage":14,"enemies":"3 Byrds","floor":22,"turns":3},{"damage":25,"enemies":"Book of Stabbing","floor":23,"turns":5},{"damage":28,"enemies":"Slavers","floor":28,"turns":3},{"damage":7,"enemies":"Centurion and Healer","floor":29,"turns":5},{"damage":21,"enemies":"3 Cultists","floor":30,"turns":4},{"damage":48,"enemies":"Champ","floor":33,"turns":7},{"damage":47,"enemies":"3 Darklings","floor":35,"turns":5},{"damage":9,"enemies":"3 Shapes","floor":37,"turns":3},{"damage":54,"enemies":"Sphere and 2 Shapes","floor":38,"turns":4},{"damage":0,"enemies":"Mind Bloom Boss Battle","floor":45,"turns":4},{"damage":20,"enemies":"Jaw Worm Horde","floor":46,"turns":3},{"damage":24,"enemies":"Spire Growth","floor":47,"turns":4},{"damage":27,"enemies":"Maw","floor":48,"turns":4},{"damage":95,"enemies":"Donu and Deca","floor":50,"turns":9}],"seed_played":"-2043774791693347591","potions_obtained":[{"floor":1,"key":"SteroidPotion"},{"floor":7,"key":"Regen Potion"},{"floor":10,"key":"Explosive Potion"},{"floor":16,"key":"Explosive Potion"},{"floor":22,"key":"EssenceOfSteel"},{"floor":23,"key":"AttackPotion"},{"floor":28,"key":"Energy Potion"},{"floor":30,"key":"PowerPotion"},{"floor":38,"key":"Dexterity Potion"},{"floor":39,"key":"AttackPotion"},{"floor":39,"key":"Fire Potion"},{"floor":39,"key":"PowerPotion"}],"is_trial":false,"path_per_floor":["M","?","?","?","M","R","E","M","T","M","M","E","R","E","R","B",null,"M","?","?","$","M","E","T","R","T","$","E","M","M","?","R","B",null,"M","?","M","M","?","R","R","$","T","$","?","M","M","M","R","B"],"character_chosen":"DEFECT","items_purchased":["Medical Kit","Glacier","PrismaticShard","Defragment","Apotheosis","Storm","Blood Vial"],"campfire_rested":6,"item_purchase_floors":[21,21,27,27,42,42,44],"current_hp_per_floor":[75,75,75,75,75,75,75,69,69,62,62,30,67,56,56,5,75,48,34,34,34,26,11,11,50,50,50,30,37,30,30,69,45,80,45,45,48,4,4,43,80,80,80,80,80,66,54,45,80,43],"gold":177,"neow_bonus":"THREE_ENEMY_KILL","is_prod":false,"is_daily":false,"chose_seed":false,"campfire_upgraded":2,"win_rate":0,"timestamp":1541012881,"path_taken":["M","?","?","?","?","R","E","M","T","M","M","E","R","E","R","BOSS","M","?","?","$","?","E","?","R","T","$","E","M","M","?","R","BOSS","M","?","?","M","?","R","R","$","T","$","?","M","M","?","R","BOSS"],"build_version":"2018-10-25v2","purchased_purges":1,"victory":true,"max_hp_per_floor":[75,75,75,75,75,75,75,75,75,75,75,75,75,75,75,75,75,75,80,80,80,80,80,80,80,80,80,80,80,80,80,80,80,80,80,80,80,80,80,80,80,80,80,80,80,80,80,80,80,80],"card_choices":[{"not_picked":["Loop","White Noise"],"picked":"Storm","floor":1},{"not_picked":["Compile Driver","Stack"],"picked":"Conserve Battery","floor":5},{"not_picked":["Cold Snap","Tempest"],"picked":"Static Discharge","floor":7},{"not_picked":["Aggregate","Leap"],"picked":"Ball Lightning","floor":8},{"not_picked":["Sweeping Beam","Sunder","Conserve Battery"],"picked":"Darkness","floor":10},{"not_picked":["Turbo","Auto Shields","Hyperbeam"],"picked":"Doom and Gloom","floor":11},{"not_picked":["Undo","Gash","Compile Driver"],"picked":"Hologram","floor":12},{"not_picked":["Rebound","Barrage","Hologram"],"picked":"Heatsinks","floor":14},{"not_picked":["Thunder Strike","Seek","Machine Learning"],"picked":"Echo Form","floor":16},{"not_picked":["Rebound","Gash","Hologram"],"picked":"Defragment","floor":18},{"not_picked":["Steam","Rebound+1","Tempest"],"picked":"Redo+1","floor":22},{"not_picked":["Streamline","Double Energy","Defragment+1"],"picked":"Coolheaded","floor":23},{"not_picked":["Riddle With Holes+1","Phantasmal Killer","Shrug It Off"],"picked":"Poisoned Stab+1","floor":28},{"not_picked":["Leap","Steam+1","Sweeping Beam+1"],"picked":"Acrobatics+1","floor":29},{"not_picked":["Sword Boomerang+1","Havoc","Blur"],"picked":"Backflip","floor":30},{"not_picked":["After Image","Hyperbeam+1","All For One+1"],"picked":"Brutality","floor":33},{"not_picked":["Hologram","Finesse+1","Lockon+1"],"picked":"Crippling Poison+1","floor":35},{"not_picked":["Sunder+1","Havoc","Tempest","Thunderclap+1"],"picked":"SKIP","floor":37},{"not_picked":["Inflame","Dropkick+1","Tactician+1"],"picked":"Redo","floor":38},{"not_picked":["Sever Soul+1","Second Wind","Sword Boomerang+1"],"picked":"Acrobatics+1","floor":45},{"not_picked":["Outmaneuver+1","Sword Boomerang+1","Clothesline+1"],"picked":"Trip+1","floor":46},{"not_picked":["Bane+1","Iron Wave+1","Sweeping Beam+1","Whirlwind+1"],"picked":"SKIP","floor":47},{"not_picked":["Turbo","Rage+1","Headbutt+1"],"picked":"Anger+1","floor":48}],"player_experience":233435,"relics_obtained":[{"floor":7,"key":"Regal Pillow"},{"floor":9,"key":"Question Card"},{"floor":12,"key":"DataDisk"},{"floor":14,"key":"Bird Faced Urn"},{"floor":23,"key":"Old Coin"},{"floor":24,"key":"Potion Belt"},{"floor":26,"key":"Molten Egg 2"},{"floor":28,"key":"Shuriken"},{"floor":43,"key":"Cables"},{"floor":45,"key":"Unceasing Top"}],"event_choices":[{"damage_healed":0,"gold_gain":0,"player_choice":"Ignored","damage_taken":0,"max_hp_gain":0,"max_hp_loss":0,"event_name":"Shining Light","floor":2,"gold_loss":0},{"damage_healed":0,"gold_gain":0,"player_choice":"Box","damage_taken":0,"relics_obtained":["WingedGreaves"],"max_hp_gain":0,"max_hp_loss":0,"event_name":"Big Fish","floor":3,"gold_loss":0,"cards_obtained":["Regret"]},{"damage_healed":0,"gold_gain":0,"player_choice":"Grow","damage_taken":0,"max_hp_gain":0,"max_hp_loss":0,"event_name":"Living Wall","floor":4,"gold_loss":0,"cards_upgraded":["Storm"]},{"damage_healed":0,"gold_gain":0,"player_choice":"Shed Blood","damage_taken":19,"max_hp_gain":5,"max_hp_loss":0,"event_name":"Forgotten Altar","floor":19,"gold_loss":0},{"damage_healed":0,"gold_gain":0,"player_choice":"Copied","damage_taken":0,"max_hp_gain":0,"max_hp_loss":0,"event_name":"Duplicator","floor":20,"gold_loss":0,"cards_obtained":["Storm"]},{"cards_removed":["Strike_B"],"damage_healed":0,"gold_gain":0,"player_choice":"Elegance","damage_taken":0,"max_hp_gain":0,"max_hp_loss":0,"event_name":"Back to Basics","floor":31,"gold_loss":0},{"cards_removed":["Ball Lightning"],"damage_healed":0,"gold_gain":0,"player_choice":"Removed Attack","damage_taken":0,"max_hp_gain":0,"max_hp_loss":0,"event_name":"Falling","floor":36,"gold_loss":0},{"damage_healed":0,"gold_gain":0,"player_choice":"Bought 3 Potions","damage_taken":0,"max_hp_gain":0,"max_hp_loss":0,"event_name":"The Woman in Blue","floor":39,"gold_loss":0},{"damage_healed":0,"gold_gain":0,"player_choice":"Fight","damage_taken":0,"max_hp_gain":0,"max_hp_loss":0,"event_name":"MindBloom","floor":45,"gold_loss":0}],"is_beta":false,"boss_relics":[{"not_picked":["Cursed Key","Astrolabe"],"picked":"Nuclear Battery"},{"not_picked":["Pandora\u0027s Box","Velvet Choker"],"picked":"Lizard Tail"}],"items_purged_floors":[21],"is_endless":false,"potions_floor_spawned":[1,7,10,16,22,23,28,30,38,46,47],"ascension_level":4}