{"gold_per_floor":[19,94,19,30,44,70,0,17,17,17,17,28,28,48,48,145,145,134,134,134,150,168,168,118,129,129,129,142,21,39,54,54,157,157,173,123,140,155,205,205,223,254,324,336,436,436,490,510,510,510],"floor_reached":51,"playtime":2487,"items_purged":["Perfected Strike","Corruption","Doubt","Strike_R"],"score":708,"play_id":"53ce973e-842a-4883-bb17-846ea7d3f9a6","local_time":"20180709170909","is_ascension_mode":false,"campfire_choices":[{"data":"Inflame","floor":10,"key":"SMITH"},{"data":"Rampage","floor":13,"key":"SMITH"},{"data":"Shrug It Off","floor":15,"key":"SMITH"},{"data":"Dual Wield","floor":23,"key":"SMITH"},{"data":"Flex","floor":27,"key":"SMITH"},{"data":"Heavy Blade","floor":32,"key":"SMITH"},{"data":"Armaments","floor":40,"key":"SMITH"},{"floor":46,"key":"REST"},{"floor":49,"key":"REST"}],"neow_cost":"NO_GOLD","seed_source_timestamp":661886702742811,"circlet_count":0,"master_deck":["Strike_R","Strike_R","Defend_R","Defend_R","Defend_R+1","Defend_R","Bash","Infernal Blade+1","Cleave","Headbutt","Headbutt","Shrug It Off+1","Inflame+1","Ghostly Armor","Rampage+1","Flex+1","Reaper","Injury","Injury","Infernal Blade","Dual Wield+1","RitualDagger","Battle Trance+1","Anger","Searing Blow+1","Inflame","Heavy Blade+1","Demon Form","Double Tap","Warcry+1","Power Through","Armaments+1","Shrug It Off","Twin Strike+1","Iron Wave","Regret","Normality","Battle Trance+1"],"relics":["Burning Blood","Mercury Hourglass","Du-Vu Doll","Calling Bell","War Paint","Smiling Mask","Thread and Needle","Bottled Tornado","Cursed Key","Gambling Chip","Sundial","Molten Egg 2","Orichalcum"],"potions_floor_usage":[6,28,30,33,33,39,42],"damage_taken":[{"damage":5,"enemies":"Small Slimes","floor":1,"turns":4},{"damage":1,"enemies":"Jaw Worm","floor":4,"turns":3},{"damage":5,"enemies":"Cultist","floor":5,"turns":4},{"damage":22,"enemies":"Gremlin Nob","floor":6,"turns":4},{"damage":0,"enemies":"Large Slime","floor":8,"turns":4},{"damage":2,"enemies":"Looter","floor":12,"turns":3},{"damage":6,"enemies":"Exordium Thugs","floor":14,"turns":3},{"damage":57,"enemies":"Hexaghost","floor":16,"turns":8},{"damage":15,"enemies":"2 Thieves","floor":18,"turns":4},{"damage":0,"enemies":"Shell Parasite","floor":21,"turns":7},{"damage":11,"enemies":"Cultist and Chosen","floor":22,"turns":7},{"damage":16,"enemies":"Centurion and Healer","floor":25,"turns":7},{"damage":8,"enemies":"3 Cultists","floor":28,"turns":5},{"damage":0,"enemies":"Sentry and Sphere","floor":30,"turns":3},{"damage":7,"enemies":"Snake Plant","floor":31,"turns":4},{"damage":34,"enemies":"Champ","floor":33,"turns":8},{"damage":18,"enemies":"3 Darklings","floor":35,"turns":4},{"damage":30,"enemies":"3 Shapes","floor":37,"turns":3},{"damage":26,"enemies":"3 Darklings","floor":38,"turns":5},{"damage":39,"floor":39,"turns":4},{"damage":29,"enemies":"Maw","floor":41,"turns":7},{"damage":41,"enemies":"Giant Head","floor":42,"turns":7},{"damage":0,"enemies":"4 Shapes","floor":44,"turns":3},{"damage":27,"enemies":"3 Darklings","floor":48,"turns":4},{"damage":111,"enemies":"Donu and Deca","floor":50,"turns":10}],"seed_played":"1824211487747729334","potions_obtained":[{"floor":4,"key":"PowerPotion"},{"floor":8,"key":"SteroidPotion"},{"floor":14,"key":"Energy Potion"},{"floor":22,"key":"Block Potion"},{"floor":28,"key":"Fire Potion"},{"floor":30,"key":"SpeedPotion"},{"floor":31,"key":"AttackPotion"},{"floor":33,"key":"FairyPotion"},{"floor":35,"key":"Weak Potion"},{"floor":38,"key":"SkillPotion"},{"floor":44,"key":"Poison Potion"}],"is_trial":false,"path_per_floor":["M","?","$","M","M","E","$","M","T","R","?","M","R","M","R","B",null,"M","?","?","M","M","R","$","M","T","R","M","$","M","M","R","B",null,"M","$","M","M","?","R","M","E","T","M","?","R","T","M","R","B"],"character_chosen":"IRONCLAD","items_purchased":["Inflame","Inflame"],"campfire_rested":2,"item_purchase_floors":[7,29],"current_hp_per_floor":[80,69,69,74,75,59,59,65,65,65,65,72,72,72,72,21,83,74,74,68,74,78,78,78,68,68,68,81,81,83,82,82,54,83,71,71,59,57,54,54,42,7,7,36,36,60,60,52,76,14],"gold":510,"neow_bonus":"TRANSFORM_TWO_CARDS","is_prod":false,"is_daily":false,"chose_seed":false,"campfire_upgraded":7,"win_rate":0,"timestamp":1531177749,"path_taken":["M","?","$","M","M","E","$","M","T","R","?","M","R","M","R","BOSS","M","?","?","M","M","R","$","?","T","R","M","?","M","M","R","BOSS","M","$","M","M","?","R","?","E","T","M","?","R","?","M","R","BOSS"],"build_version":"2018-07-05","purchased_purges":4,"victory":true,"max_hp_per_floor":[80,80,80,80,80,80,80,80,80,80,80,83,83,83,83,83,83,83,83,83,83,83,83,83,83,83,83,83,83,83,83,83,83,83,83,83,83,83,83,83,83,83,83,83,83,83,83,83,83,83],"card_choices":[{"not_picked":["Perfected Strike","Armaments"],"picked":"Cleave","floor":1},{"not_picked":["Wild Strike","Flex"],"picked":"Headbutt","floor":4},{"not_picked":["Sentinel","Anger"],"picked":"Headbutt","floor":5},{"not_picked":["Uppercut","Pommel Strike"],"picked":"Shrug It Off","floor":6},{"not_picked":["Clash","Rupture"],"picked":"Ghostly Armor","floor":8},{"not_picked":["Sentinel","Corruption"],"picked":"Rampage","floor":12},{"not_picked":["Anger","Cleave"],"picked":"Flex","floor":14},{"not_picked":["Barricade","Fiend Fire"],"picked":"Reaper","floor":16},{"not_picked":["Dropkick","Second Wind"],"picked":"Infernal Blade","floor":18},{"not_picked":["Anger","Wild Strike"],"picked":"Corruption","floor":21},{"not_picked":["Armaments","Anger+1"],"picked":"Battle Trance+1","floor":22},{"not_picked":["Infernal Blade","Wild Strike"],"picked":"Anger","floor":25},{"not_picked":["Corruption","Burning Pact+1"],"picked":"Searing Blow+1","floor":28},{"not_picked":["Flex","Clash+1"],"picked":"Heavy Blade","floor":30},{"not_picked":["Shockwave","Hemokinesis+1"],"picked":"Demon Form","floor":31},{"not_picked":["Brutality","Reaper"],"picked":"Double Tap","floor":33},{"not_picked":["Flex","Wild Strike"],"picked":"Warcry+1","floor":35},{"not_picked":["Body Slam+1","Berserk"],"picked":"Power Through","floor":37},{"not_picked":["Pummel","Clash+1"],"picked":"Armaments","floor":38},{"not_picked":["Cleave+1","Pommel Strike"],"picked":"Shrug It Off","floor":39},{"not_picked":["Bludgeon","Dual Wield"],"picked":"Twin Strike+1","floor":41},{"not_picked":["Body Slam","Dropkick"],"picked":"Iron Wave","floor":42},{"not_picked":["Corruption","Combust","True Grit"],"picked":"SKIP","floor":44},{"not_picked":["Twin Strike+1","Cleave+1"],"picked":"Battle Trance+1","floor":48}],"player_experience":81547,"relics_obtained":[{"floor":6,"key":"Mercury Hourglass"},{"floor":9,"key":"Du-Vu Doll"},{"floor":17,"key":"War Paint"},{"floor":17,"key":"Smiling Mask"},{"floor":17,"key":"Thread and Needle"},{"floor":26,"key":"Bottled Tornado"},{"floor":39,"key":"Gambling Chip"},{"floor":42,"key":"Sundial"},{"floor":43,"key":"Molten Egg 2"},{"floor":47,"key":"Orichalcum"}],"event_choices":[{"event_name":"World of Goop","player_choice":"Gather Gold","floor":2,"damage_taken":0},{"event_name":"The Cleric","player_choice":"Leave","floor":11,"damage_taken":0},{"event_name":"The Library","player_choice":"Read","floor":19,"damage_taken":0},{"event_name":"Nest","player_choice":"Joined the Cult","floor":20,"damage_taken":0},{"event_name":"Mysterious Sphere","player_choice":"Fight","floor":39,"damage_taken":0},{"event_name":"Golden Shrine","player_choice":"Pray","floor":45,"damage_taken":0}],"boss_relics":[{"not_picked":["Eternal Feather","Snecko Eye"],"picked":"Calling Bell"},{"not_picked":["Runic Dome","Tiny House"],"picked":"Cursed Key"}],"items_purged_floors":[3,24,29,36],"is_endless":false,"potions_floor_spawned":[4,8,14,22,28,30,31,33,35,38,44],"ascension_level":0}