{"path_per_floor":["M","M","M","?","M","E","R","M","T","M","?","M","M","M","R","B",null,"M","?","?","M","$","R","$","R","T","R","M"],"character_chosen":"IRONCLAD","items_purchased":["Meat on the Bone"],"gold_per_floor":[109,129,147,247,267,299,299,309,336,354,354,377,393,417,417,542,542,537,537,452,473,136,136,36,36,63,63,78],"floor_reached":29,"campfire_rested":3,"playtime":1325,"current_hp_per_floor":[79,78,80,80,60,20,44,45,45,49,49,55,53,59,80,51,80,69,69,69,51,51,75,75,75,75,75,59],"items_purged":["Injury","Strike_R"],"gold":78,"play_id":"ae530eeb-1408-4fbd-a975-e225ad658c03","is_prod":false,"is_daily":false,"is_ascension_mode":false,"campfire_upgraded":2,"path_taken":["M","M","M","?","M","E","R","M","T","M","?","?","M","M","R","BOSS","M","?","?","M","$","R","$","R","T","R","?","E"],"build_version":"2018-02-01-PROD3","purchased_purges":2,"victory":false,"master_deck":["Strike_R","Strike_R","Strike_R","Strike_R","Defend_R","Defend_R","Defend_R","Defend_R+1","Bash","Flex","Disarm","Headbutt","Inflame+1","Metallicize+1","Dropkick","Flex","Inflame","Pommel Strike","Thunderclap","Bludgeon","Flex","Thunderclap","Perfected Strike+1"],"max_hp_per_floor":[80,80,80,80,80,80,80,80,80,80,80,80,80,80,80,80,80,80,80,80,80,80,80,80,80,80,80,80],"relics":["Burning Blood","Oddly Smooth Stone","Anchor","Golden Idol","Black Star","Kunai","Ancient Tea Set","Meat on the Bone","Happy Flower"],"card_choices":[{"not_picked":["Twin Strike","Wild Strike"],"picked":"Flex"},{"not_picked":["Battle Trance","Corruption"],"picked":"Disarm"},{"not_picked":["Clothesline","True Grit"],"picked":"Headbutt"},{"not_picked":["Bloodletting","Whirlwind"],"picked":"Inflame"},{"not_picked":["Sword Boomerang","Sever Soul"],"picked":"Metallicize"},{"not_picked":["Twin Strike","Shrug It Off"],"picked":"Dropkick"},{"not_picked":["Immolate","Pummel"],"picked":"Flex"},{"not_picked":["Hemokinesis","Metallicize"],"picked":"Inflame"},{"not_picked":["Pummel","Rage"],"picked":"Pommel Strike"},{"not_picked":["Wild Strike","Bloodletting"],"picked":"Thunderclap"},{"not_picked":["Offering","Fiend Fire"],"picked":"Bludgeon"},{"not_picked":["Pommel Strike","Cleave"],"picked":"Flex"},{"not_picked":["Warcry","Clothesline"],"picked":"Thunderclap"},{"not_picked":["Blood for Blood","Sever Soul"],"picked":"Perfected Strike"}],"player_experience":63651,"potions_floor_usage":[10,12,14,16,16],"damage_taken":[{"damage":7,"enemies":"Jaw Worm","floor":1,"turns":4},{"damage":7,"enemies":"Blue Slaver","floor":2,"turns":4},{"damage":0,"enemies":"Cultist","floor":3,"turns":3},{"damage":26,"enemies":"Large Slime","floor":5,"turns":7},{"damage":46,"enemies":"Gremlin Nob","floor":6,"turns":5},{"damage":5,"enemies":"Looter","floor":8,"turns":4},{"damage":2,"enemies":"Exordium Thugs","floor":10,"turns":5},{"damage":0,"enemies":"Lots of Slimes","floor":12,"turns":2},{"damage":8,"enemies":"2 Fungi Beasts","floor":13,"turns":3},{"damage":0,"enemies":"3 Louse","floor":14,"turns":2},{"damage":35,"enemies":"Hexaghost","floor":16,"turns":9},{"damage":17,"enemies":"2 Thieves","floor":18,"turns":4},{"damage":24,"enemies":"Spheric Guardian","floor":21,"turns":5},{"damage":22,"enemies":"Snake Plant","floor":28,"turns":4},{"damage":73,"enemies":"Gremlin Leader","floor":29,"turns":6}],"event_choices":[{"event_name":"Golden Shrine","player_choice":"Pray","floor":4,"damage_taken":0},{"event_name":"Golden Idol","player_choice":"Take Wound","floor":11,"damage_taken":0},{"event_name":"The Mausoleum","player_choice":"Yes","floor":19,"damage_taken":0},{"event_name":"Addict","player_choice":"Obtained Relic","floor":20,"damage_taken":0}],"boss_relics":[{"not_picked":["Question Card","Sozu"],"picked":"Black Star"}],"potions_floor_spawned":[2,6,8,10,12,13],"seed_played":"1458135610649348298","killed_by":"Gremlin Leader","ascension_level":0,"is_trial":false}