{"gold_per_floor":[109,129,129,54,71,91,91,91,91,110,60,71,71,103,103,206,206,225,239,250,103,117,117,42,75,75,75,26,46,60,90,102,209,221,244,283,295,103,103,117,117,117,169,181,36,36,49,64,64,64],"floor_reached":51,"playtime":1926,"items_purged":["Defend_B","Strike_B","Strike_B"],"score":714,"play_id":"ed17dc62-c07a-4661-8c30-4e54abf675d9","local_time":"20181001050048","is_ascension_mode":false,"campfire_choices":[{"data":"Gash","floor":8,"key":"SMITH"},{"data":"Zap","floor":15,"key":"SMITH"},{"floor":23,"key":"REST"},{"floor":27,"key":"REST"},{"floor":32,"key":"REST"},{"data":"Madness","floor":42,"key":"SMITH"},{"floor":46,"key":"REST"},{"floor":49,"key":"REST"}],"neow_cost":"","seed_source_timestamp":1585204090272050,"circlet_count":0,"master_deck":["Strike_B","Strike_B","Defend_B","Defend_B","Zap+1","Dualcast","Leap","Leap+1","FTL","Gash","Gash+1","Gash","Skim","Reboot","Fusion+1","Go for the Eyes","Glacier+1","Gash","Hologram+1","Reboot","Madness+1","Madness+1","Scrape","Gash","Hologram+1","Beam Cell+1"],"relics":["Cracked Core","Centennial Puzzle","Ornamental Fan","Thread and Needle","Busted Crown","Happy Flower","Blue Candle","MawBank","Black Star","DataDisk","Ginger","Pen Nib","War Paint"],"potions_floor_usage":[16,20,31,50,50],"damage_taken":[{"damage":0,"enemies":"Cultist","floor":1,"turns":4},{"damage":1,"enemies":"Jaw Worm","floor":2,"turns":5},{"damage":0,"enemies":"Small Slimes","floor":5,"turns":2},{"damage":8,"enemies":"2 Fungi Beasts","floor":6,"turns":3},{"damage":4,"enemies":"Lots of Slimes","floor":10,"turns":4},{"damage":5,"enemies":"Looter","floor":12,"turns":2},{"damage":4,"enemies":"Lagavulin","floor":14,"turns":4},{"damage":3,"enemies":"Slime Boss","floor":16,"turns":7},{"damage":0,"enemies":"Shell Parasite","floor":18,"turns":4},{"damage":6,"enemies":"Chosen","floor":19,"turns":4},{"damage":18,"enemies":"Snecko","floor":20,"turns":6},{"damage":12,"enemies":"Sentry and Sphere","floor":22,"turns":4},{"damage":24,"enemies":"Slavers","floor":25,"turns":8},{"damage":7,"enemies":"Cultist and Chosen","floor":29,"turns":8},{"damage":1,"enemies":"Centurion and Healer","floor":30,"turns":4},{"damage":6,"enemies":"Gremlin Leader","floor":31,"turns":6},{"damage":27,"enemies":"Automaton","floor":33,"turns":11},{"damage":0,"enemies":"3 Shapes","floor":35,"turns":4},{"damage":17,"enemies":"Mind Bloom Boss Battle","floor":39,"turns":5},{"damage":0,"enemies":"Orb Walker","floor":40,"turns":3},{"damage":13,"enemies":"Spire Growth","floor":44,"turns":5},{"damage":2,"enemies":"Transient","floor":47,"turns":5},{"damage":0,"enemies":"Reptomancer","floor":48,"turns":7},{"damage":43,"enemies":"Donu and Deca","floor":50,"turns":8}],"seed_played":"-7486775271476396533","potions_obtained":[{"floor":2,"key":"Ancient Potion"},{"floor":10,"key":"SpeedPotion"},{"floor":14,"key":"FocusPotion"},{"floor":25,"key":"FearPotion"},{"floor":29,"key":"Poison Potion"},{"floor":31,"key":"FairyPotion"},{"floor":33,"key":"FairyPotion"},{"floor":44,"key":"Weak Potion"}],"is_trial":false,"path_per_floor":["M","M","?","$","M","M","$","R","T","M","?","M","?","E","R","B",null,"M","M","M","$","M","R","?","E","T","R","$","M","M","E","R","B",null,"M","T","?","$","?","M","?","R","T","M","$","R","M","M","R","B"],"character_chosen":"DEFECT","items_purchased":["Go for the Eyes","Gash","Scrape","Gash","War Paint"],"campfire_rested":5,"item_purchase_floors":[21,28,38,38,45],"current_hp_per_floor":[75,74,74,74,74,66,66,66,66,62,62,57,57,53,53,50,75,75,69,51,51,39,61,61,37,37,59,59,52,51,45,67,40,75,75,75,66,66,49,49,49,49,49,36,36,58,56,56,75,32],"gold":64,"neow_bonus":"","is_prod":false,"is_daily":false,"chose_seed":false,"campfire_upgraded":3,"win_rate":0,"timestamp":1538362848,"path_taken":["M","M","?","$","M","M","?","R","T","?","?","M","?","E","R","BOSS","M","M","M","$","M","R","?","E","T","R","$","M","M","E","R","BOSS","M","?","?","$","?","M","?","R","T","M","$","R","?","M","R","BOSS"],"build_version":"2018-09-27","purchased_purges":3,"victory":true,"max_hp_per_floor":[75,75,75,75,75,75,75,75,75,75,75,75,75,75,75,75,75,75,75,75,75,75,75,75,75,75,75,75,75,75,75,75,75,75,75,75,75,75,75,75,75,75,75,75,75,75,75,75,75,75],"card_choices":[{"not_picked":["Barrage","Loop"],"picked":"Leap","floor":1},{"not_picked":["Fusion","Coolheaded"],"picked":"Leap","floor":2},{"not_picked":["Go for the Eyes","Barrage"],"picked":"Gash","floor":5},{"not_picked":["Self Repair","Go for the Eyes"],"picked":"Gash","floor":6},{"not_picked":["Cold Snap","Streamline","Coolheaded"],"picked":"SKIP","floor":10},{"not_picked":["Double Energy","Machine Learning"],"picked":"Gash","floor":12},{"not_picked":["Redo","Hello World"],"picked":"Skim","floor":14},{"not_picked":["Fission","Multi-Cast"],"picked":"Reboot","floor":16},{"not_picked":[],"picked":"Fusion+1","floor":18},{"not_picked":["Coolheaded"],"picked":"SKIP","floor":19},{"not_picked":["Streamline+1"],"picked":"SKIP","floor":20},{"not_picked":[],"picked":"Glacier","floor":22},{"not_picked":["Streamline"],"picked":"SKIP","floor":25},{"not_picked":[],"picked":"Hologram+1","floor":29},{"not_picked":["Turbo+1"],"picked":"SKIP","floor":30},{"not_picked":["Streamline"],"picked":"SKIP","floor":31},{"not_picked":[],"picked":"Reboot","floor":33},{"not_picked":["Sweeping Beam"],"picked":"SKIP","floor":35},{"not_picked":[],"picked":"Hologram+1","floor":39},{"not_picked":["Redo"],"picked":"SKIP","floor":40},{"not_picked":[],"picked":"Beam Cell+1","floor":44},{"not_picked":["Stack+1"],"picked":"SKIP","floor":47},{"not_picked":["Rebound"],"picked":"SKIP","floor":48}],"player_experience":142798,"relics_obtained":[{"floor":9,"key":"Centennial Puzzle"},{"floor":14,"key":"Thread and Needle"},{"floor":25,"key":"Happy Flower"},{"floor":26,"key":"Blue Candle"},{"floor":31,"key":"MawBank"},{"floor":36,"key":"DataDisk"},{"floor":39,"key":"Ginger"},{"floor":43,"key":"Pen Nib"}],"event_choices":[{"event_name":"Match and Keep!","player_choice":"2 cards matched","floor":3,"damage_taken":0},{"event_name":"The Cleric","player_choice":"Card Removal","floor":11,"damage_taken":0},{"event_name":"Dead Adventurer","player_choice":"Searched \u00272\u0027 times","floor":13,"damage_taken":0},{"event_name":"Beggar","player_choice":"Gave Gold","floor":24,"damage_taken":0},{"event_name":"Winding Halls","player_choice":"Embrace Madness","floor":37,"damage_taken":0},{"event_name":"MindBloom","player_choice":"Fight","floor":39,"damage_taken":0},{"event_name":"Upgrade Shrine","player_choice":"Upgraded","floor":41,"damage_taken":0}],"is_beta":false,"boss_relics":[{"not_picked":["Inserter","Eternal Feather"],"picked":"Busted Crown"},{"not_picked":["Runic Pyramid","Philosopher\u0027s Stone"],"picked":"Black Star"}],"items_purged_floors":[4,21,38],"is_endless":false,"potions_floor_spawned":[2,10,14,25,29,31,33,40,44,47],"ascension_level":0}