{"gold_per_floor":[114,189,139,154,166,199,219,219],"floor_reached":8,"playtime":191,"items_purged":[],"score":87,"play_id":"a55ee2d5-1934-4cdd-9f0d-283999a5199e","local_time":"20190402232456","is_ascension_mode":true,"campfire_choices":[],"neow_cost":"NONE","seed_source_timestamp":51412425406376,"circlet_count":0,"master_deck":["AscendersBane","Strike_B","Strike_B","Strike_B","Strike_B","Defend_B","Defend_B","Defend_B","Zap","Dualcast","Leap","Sunder","Ball Lightning"],"relics":["Cracked Core","NeowsBlessing","Regal Pillow"],"potions_floor_usage":[],"damage_taken":[{"damage":0,"enemies":"Small Slimes","floor":1,"turns":1},{"damage":0,"enemies":"2 Louse","floor":4,"turns":1},{"damage":0,"enemies":"Jaw Worm","floor":5,"turns":1},{"damage":34,"enemies":"Gremlin Nob","floor":6,"turns":4},{"damage":2,"enemies":"2 Fungi Beasts","floor":7,"turns":3},{"damage":22,"enemies":"3 Sentries","floor":8,"turns":4}],"seed_played":"5352195027011911221","potions_obtained":[{"floor":7,"key":"Swift Potion"}],"is_trial":false,"path_per_floor":["M","?","?","M","M","E","M","E"],"character_chosen":"DEFECT","items_purchased":[],"campfire_rested":0,"item_purchase_floors":[],"current_hp_per_floor":[68,57,57,57,57,23,21,0],"gold":219,"neow_bonus":"THREE_ENEMY_KILL","is_prod":false,"is_daily":false,"chose_seed":false,"campfire_upgraded":0,"win_rate":0,"timestamp":1554265496,"path_taken":["M","?","?","?","M","E","M","E"],"build_version":"2019-01-23","purchased_purges":0,"victory":false,"max_hp_per_floor":[75,75,75,75,75,75,75,75],"card_choices":[{"not_picked":["Steam","Rebound"],"picked":"Leap","floor":1},{"not_picked":["Compile Driver","Doom and Gloom"],"picked":"Sunder","floor":4},{"not_picked":["Rebound","Self Repair","Turbo"],"picked":"SKIP","floor":5},{"not_picked":["Stack","Fusion","Rebound"],"picked":"SKIP","floor":6},{"not_picked":["Hologram","Redo"],"picked":"Ball Lightning","floor":7}],"player_experience":240584,"relics_obtained":[{"floor":6,"key":"Regal Pillow"}],"event_choices":[{"damage_healed":0,"gold_gain":75,"player_choice":"Gather Gold","damage_taken":11,"max_hp_gain":0,"max_hp_loss":0,"event_name":"World of Goop","floor":2,"gold_loss":0},{"cards_removed":["Defend_B"],"damage_healed":0,"gold_gain":0,"player_choice":"Card Removal","damage_taken":0,"max_hp_gain":0,"max_hp_loss":0,"event_name":"The Cleric","floor":3,"gold_loss":50}],"is_beta":false,"boss_relics":[],"items_purged_floors":[],"is_endless":false,"potions_floor_spawned":[7],"killed_by":"3 Sentries","ascension_level":10}