{"gold_per_floor":[113,127,137,62,62,62,87,97,124,149,149,149,168,188,188,292,292,276,24,41,41,51,86,104,104,104,118,118,128,139,174,174,277,277,297,308,325,180,199,199,210,210,236,236],"floor_reached":44,"playtime":4337,"items_purged":["Defend_R","Strike_R"],"score":566,"play_id":"5e538eef-d48e-455a-ac70-fa243d34b111","local_time":"20190409233007","is_ascension_mode":true,"campfire_choices":[{"data":"Anger","floor":6,"key":"SMITH"},{"floor":11,"key":"REST"},{"data":"Anger","floor":15,"key":"SMITH"},{"floor":25,"key":"REST"},{"data":"Body Slam","floor":28,"key":"SMITH"},{"floor":32,"key":"REST"},{"floor":40,"key":"REST"},{"floor":42,"key":"REST"}],"neow_cost":"NONE","seed_source_timestamp":440756014114492,"circlet_count":0,"master_deck":["Strike_R","Defend_R","Defend_R","Defend_R","Metallicize","Metallicize","Shrug It Off","Anger+1","Shrug It Off","Anger+1","Shrug It Off","Cleave+1","Metallicize","Body Slam+1","Metallicize+1","Anger+1","Infernal Blade","Barricade","Shrug It Off","True Grit+1","Body Slam+1"],"relics":["Burning Blood","Potion Belt","PreservedInsect","Omamori","Empty Cage","DollysMirror","Lantern","Letter Opener","Bronze Scales","Lizard Tail","Vajra"],"potions_floor_usage":[16,33,37,37,39,41],"damage_taken":[{"damage":1,"enemies":"Cultist","floor":1,"turns":5},{"damage":6,"enemies":"Jaw Worm","floor":2,"turns":6},{"damage":4,"enemies":"Small Slimes","floor":3,"turns":5},{"damage":24,"enemies":"Lagavulin","floor":7,"turns":9},{"damage":2,"enemies":"2 Fungi Beasts","floor":8,"turns":5},{"damage":37,"enemies":"Gremlin Nob","floor":10,"turns":5},{"damage":5,"enemies":"3 Louse","floor":13,"turns":4},{"damage":1,"enemies":"Blue Slaver","floor":14,"turns":5},{"damage":48,"enemies":"The Guardian","floor":16,"turns":14},{"damage":2,"enemies":"2 Thieves","floor":18,"turns":4},{"damage":5,"enemies":"Chosen","floor":20,"turns":7},{"damage":30,"enemies":"Snake Plant","floor":22,"turns":8},{"damage":16,"enemies":"Gremlin Leader","floor":23,"turns":6},{"damage":15,"enemies":"Centurion and Healer","floor":24,"turns":9},{"damage":15,"enemies":"Shelled Parasite and Fungi","floor":27,"turns":9},{"damage":6,"enemies":"Cultist and Chosen","floor":29,"turns":8},{"damage":11,"enemies":"Snake Plant","floor":30,"turns":6},{"damage":0,"enemies":"Book of Stabbing","floor":31,"turns":5},{"damage":35,"enemies":"Automaton","floor":33,"turns":10},{"damage":13,"enemies":"Orb Walker","floor":35,"turns":5},{"damage":50,"enemies":"3 Shapes","floor":36,"turns":8},{"damage":45,"enemies":"Jaw Worm Horde","floor":37,"turns":6},{"damage":38,"enemies":"Writhing Mass","floor":39,"turns":8},{"damage":24,"enemies":"3 Darklings","floor":41,"turns":5},{"damage":57,"enemies":"Transient","floor":44,"turns":5}],"seed_played":"8755101662175820913","potions_obtained":[{"floor":3,"key":"FearPotion"},{"floor":10,"key":"PowerPotion"},{"floor":13,"key":"GamblersBrew"},{"floor":14,"key":"SteroidPotion"},{"floor":20,"key":"PowerPotion"},{"floor":22,"key":"Ancient Potion"},{"floor":24,"key":"PowerPotion"},{"floor":31,"key":"BloodPotion"},{"floor":33,"key":"Swift Potion"},{"floor":37,"key":"FearPotion"},{"floor":39,"key":"Swift Potion"}],"is_trial":false,"path_per_floor":["M","M","M","$","$","R","E","M","T","E","R","?","M","M","R","B",null,"M","$","M","?","M","E","M","R","T","M","R","M","M","E","R","B",null,"M","M","M","$","M","R","M","R","T","M"],"character_chosen":"IRONCLAD","items_purchased":["DollysMirror","Body Slam","Shrug It Off"],"campfire_rested":5,"item_purchase_floors":[19,19,38],"current_hp_per_floor":[80,80,80,80,80,80,62,66,66,35,59,64,65,70,70,28,85,85,85,85,85,61,51,42,67,67,58,58,58,53,59,84,55,85,78,34,56,56,24,49,31,56,56,0],"gold":236,"neow_bonus":"TRANSFORM_CARD","is_prod":false,"is_daily":false,"chose_seed":false,"campfire_upgraded":3,"win_rate":0,"timestamp":1554867007,"path_taken":["M","M","M","?","$","R","E","M","T","E","R","?","M","M","R","BOSS","M","$","M","?","M","E","M","R","T","M","R","?","M","E","R","BOSS","M","M","M","$","M","R","M","R","T","M"],"build_version":"2019-01-23","purchased_purges":2,"victory":false,"max_hp_per_floor":[80,80,80,80,80,80,80,80,80,80,80,85,85,85,85,85,85,85,85,85,85,85,85,85,85,85,85,85,85,85,85,85,85,85,85,85,85,85,85,85,85,85,85,85],"card_choices":[{"not_picked":["Burning Pact","Disarm"],"picked":"Metallicize","floor":1},{"not_picked":["Perfected Strike","Headbutt"],"picked":"Shrug It Off","floor":2},{"not_picked":["Thunderclap","Pommel Strike"],"picked":"Anger","floor":3},{"not_picked":["Seeing Red","Heavy Blade"],"picked":"Shrug It Off","floor":7},{"not_picked":["Brutality","Headbutt","Iron Wave"],"picked":"SKIP","floor":8},{"not_picked":["True Grit","Berserk"],"picked":"Anger","floor":10},{"not_picked":["Power Through","Sword Boomerang"],"picked":"Shrug It Off","floor":13},{"not_picked":["Sever Soul","Heavy Blade","Flex"],"picked":"SKIP","floor":14},{"not_picked":["Shrug It Off","Dropkick"],"picked":"Cleave+1","floor":18},{"not_picked":["Clash","Spot Weakness","Warcry"],"picked":"SKIP","floor":20},{"not_picked":["Pommel Strike","Iron Wave","Wild Strike"],"picked":"SKIP","floor":22},{"not_picked":["Twin Strike","Warcry"],"picked":"Metallicize+1","floor":23},{"not_picked":["Thunderclap","Combust+1","Cleave"],"picked":"SKIP","floor":24},{"not_picked":["Flame Barrier","Perfected Strike","Cleave"],"picked":"SKIP","floor":27},{"not_picked":["Wild Strike","Flex+1"],"picked":"Anger+1","floor":29},{"not_picked":["Anger","Thunderclap"],"picked":"Infernal Blade","floor":30},{"not_picked":["Brutality","Carnage","Clash"],"picked":"SKIP","floor":31},{"not_picked":["Feed","Double Tap"],"picked":"Barricade","floor":33},{"not_picked":["Wild Strike","Clothesline","Headbutt"],"picked":"SKIP","floor":35},{"not_picked":["Flex","Wild Strike","Armaments"],"picked":"SKIP","floor":36},{"not_picked":["Clash+1","Bloodletting","Dual Wield"],"picked":"SKIP","floor":37},{"not_picked":["Uppercut","Hemokinesis"],"picked":"True Grit+1","floor":39},{"not_picked":["Shrug It Off+1","Flame Barrier"],"picked":"Body Slam+1","floor":41}],"player_experience":107849,"relics_obtained":[{"floor":7,"key":"Potion Belt"},{"floor":9,"key":"PreservedInsect"},{"floor":10,"key":"Omamori"},{"floor":23,"key":"Lantern"},{"floor":26,"key":"Letter Opener"},{"floor":31,"key":"Bronze Scales"},{"floor":43,"key":"Vajra"}],"event_choices":[{"damage_healed":0,"gold_gain":0,"player_choice":"Donut","damage_taken":0,"max_hp_gain":5,"max_hp_loss":0,"event_name":"Big Fish","floor":12,"gold_loss":0},{"cards_removed":["Strike_R"],"damage_healed":0,"gold_gain":0,"player_choice":"Purged","damage_taken":0,"max_hp_gain":0,"max_hp_loss":0,"event_name":"Purifier","floor":21,"gold_loss":0}],"is_beta":false,"boss_relics":[{"not_picked":["White Beast Statue","Orrery"],"picked":"Empty Cage"},{"not_picked":["Runic Dome","Coffee Dripper"],"picked":"Lizard Tail"}],"items_purged_floors":[4,38],"is_endless":false,"potions_floor_spawned":[1,3,10,13,14,20,22,24,31,33,36,37,39],"killed_by":"Transient","ascension_level":1}