{"gold_per_floor":[144,189,189,150,195,315,321,321,346,46,46,46,91,136,136,436,526,541,586,631,28,73,163,208,208,258,258,183,183,228,273,273,573,573,618,618,318,363,63,63,108,108,183,33,78,123,123,168,168,168],"floor_reached":51,"playtime":5268,"items_purged":["Pain"],"score":746,"play_id":"168f1934-a143-4d37-a2b3-a011a8214f97","local_time":"20180710144237","daily_mods":["Brewmaster","Cursed Run","Midas"],"is_ascension_mode":false,"campfire_choices":[{"floor":8.0,"key":"REST"},{"floor":12.0,"key":"DIG"},{"floor":15.0,"key":"REST"},{"floor":29,"key":"REST"},{"floor":32,"key":"REST"},{"floor":40,"key":"DIG"},{"floor":42,"key":"REST"},{"floor":47,"key":"REST"},{"floor":49,"key":"REST"}],"neow_cost":"","seed_source_timestamp":0,"circlet_count":0,"master_deck":["Defend_G","Defend_G","Defend_G","Defend_G","Defend_G","Strike_G","Strike_G","Strike_G","Strike_G","Strike_G+1","Survivor","Neutralize","Venomology","Venomology","Venomology","Venomology","Venomology","Dagger Spray","Flechettes","Infinite Blades","Malaise","Dodge and Roll","Expertise","Cloak And Dagger","Prepared","Grand Finale","Footwork","Distraction","Skewer","Flying Knee+1","Backstab+1","Blade Dance","Envenom+1","Riddle With Holes+1","Deadly Poison+1","Escape Plan","Pain","Burst","Backflip+1","Madness","Madness","PiercingWail+1","Poisoned Stab+1","Injury","Noxious Fumes+1","Predator","Storm of Steel+1","Regret"],"special_seed":17721,"relics":["Cursed Key","Darkstone Periapt","Du-Vu Doll","White Beast Statue","Tiny Chest","Odd Mushroom","Bag of Preparation","Shovel","Ice Cream","Tiny House","Frozen Egg 2","TwistedFunnel","Happy Flower","Lantern","Lizard Tail","Mango","Ginger","Toxic Egg 2","Blood Vial"],"potions_floor_usage":[18,22,22,23,23,23,24,24,24,30,31,33,33,33,35,41,41,45,48,50,50,50],"damage_taken":[{"damage":0.0,"enemies":"Small Slimes","floor":1.0,"turns":5.0},{"damage":5.0,"enemies":"Jaw Worm","floor":2.0,"turns":6.0},{"damage":1.0,"enemies":"2 Louse","floor":5.0,"turns":2.0},{"damage":17.0,"enemies":"3 Sentries","floor":6.0,"turns":8.0},{"damage":25.0,"floor":7.0,"turns":5.0},{"damage":7.0,"enemies":"Large Slime","floor":13.0,"turns":7.0},{"damage":13.0,"enemies":"Exordium Thugs","floor":14.0,"turns":5.0},{"damage":40.0,"enemies":"Hexaghost","floor":16.0,"turns":16.0},{"damage":4,"enemies":"2 Thieves","floor":18,"turns":4},{"damage":31,"enemies":"Spheric Guardian","floor":19,"turns":6},{"damage":25,"enemies":"Snake Plant","floor":20,"turns":5},{"damage":28,"enemies":"Slaver and Parasite","floor":22,"turns":5},{"damage":19,"enemies":"Slavers","floor":23,"turns":4},{"damage":3,"enemies":"Snecko","floor":24,"turns":4},{"damage":22,"enemies":"Sentry and Sphere","floor":30,"turns":7},{"damage":8,"enemies":"3 Cultists","floor":31,"turns":5},{"damage":21,"enemies":"Champ","floor":33,"turns":12},{"damage":10,"enemies":"Orb Walker","floor":35,"turns":2},{"damage":2,"enemies":"3 Shapes","floor":38,"turns":3},{"damage":36,"enemies":"Maw","floor":41,"turns":8},{"damage":33,"enemies":"3 Darklings","floor":45,"turns":4},{"damage":3,"enemies":"Sphere and 2 Shapes","floor":46,"turns":5},{"damage":31,"enemies":"4 Shapes","floor":48,"turns":4},{"damage":54,"enemies":"Time Eater","floor":50,"turns":10}],"seed_played":"2365577451791200373","potions_obtained":[{"floor":1.0,"key":"FairyPotion"},{"floor":2.0,"key":"GhostInAJar"},{"floor":6.0,"key":"SkillPotion"},{"floor":7.0,"key":"AttackPotion"},{"floor":13.0,"key":"GhostInAJar"},{"floor":14.0,"key":"Block Potion"},{"floor":18,"key":"FearPotion"},{"floor":20,"key":"LiquidBronze"},{"floor":22,"key":"Poison Potion"},{"floor":23,"key":"SteroidPotion"},{"floor":24,"key":"Block Potion"},{"floor":30,"key":"Swift Potion"},{"floor":31,"key":"GamblersBrew"},{"floor":33,"key":"SkillPotion"},{"floor":35,"key":"FearPotion"},{"floor":38,"key":"Block Potion"},{"floor":41,"key":"SteroidPotion"},{"floor":45,"key":"SkillPotion"},{"floor":48,"key":"SpeedPotion"}],"is_trial":false,"path_per_floor":["M","M","?","$","M","E","?","R","T","$","?","R","M","M","R","B",null,"M","M","M","$","M","E","M","?","T","?","?","R","M","M","R","B",null,"M","?","$","M","$","R","M","R","T","$","M","M","R","M","R","B"],"character_chosen":"THE_SILENT","items_purchased":["Infinite Blades","Shovel","Frozen Egg 2","TwistedFunnel","Backstab","Mango","Ginger","Blood Vial"],"campfire_rested":7,"item_purchase_floors":[4,10,21,21,21,37,39,44],"current_hp_per_floor":[70,65,70,70,69,52,27,49,55,55,55,55,48,35,59,25,92,88,57,32,32,4,4,1,1,7,7,7,36,14,6,35,20,104,94,81,95,93,93,93,57,92,98,98,67,66,103,74,111,65],"gold":168,"neow_bonus":"","is_prod":false,"is_daily":true,"chose_seed":false,"campfire_upgraded":0,"win_rate":0.0,"timestamp":1531226557,"path_taken":["M","M","?","$","M","E","?","R","T","$","?","R","?","M","R","BOSS","M","M","?","$","M","E","M","?","T","?","?","R","M","M","R","BOSS","M","?","$","?","$","R","M","R","T","$","M","M","R","?","R","BOSS"],"build_version":"2018-07-05","purchased_purges":1,"victory":true,"max_hp_per_floor":[70,70,75,75,75,75,75,75,81,81,81,81,81,81,81,87,92,92,92,92,92,92,92,92,92,98,98,98,98,98,98,98,104,104,104,104,118,118,118,118,118,118,124,124,124,124,124,124,124,130],"card_choices":[{"not_picked":["Leg Sweep","Flying Knee"],"picked":"Dagger Spray","floor":1.0},{"not_picked":["Dagger Spray","Underhanded Strike"],"picked":"Flechettes","floor":2.0},{"not_picked":["Backflip","Sucker Punch"],"picked":"Malaise","floor":5.0},{"not_picked":["Prepared","Night Terror"],"picked":"Dodge and Roll","floor":6.0},{"not_picked":["Bouncing Flask","Bane"],"picked":"Expertise","floor":7.0},{"not_picked":["Flying Knee","Backflip"],"picked":"Cloak And Dagger","floor":13.0},{"not_picked":["All Out Attack","Slice"],"picked":"Prepared","floor":14.0},{"not_picked":["Storm of Steel","Venomology"],"picked":"Grand Finale","floor":16.0},{"not_picked":["Outmaneuver","Dagger Throw"],"picked":"Footwork","floor":17},{"not_picked":["Dagger Throw","Acrobatics"],"picked":"Distraction","floor":18},{"not_picked":["Malaise","Infinite Blades"],"picked":"Skewer","floor":19},{"not_picked":["PiercingWail","Deflect"],"picked":"Flying Knee+1","floor":20},{"not_picked":["Deflect","Crippling Poison"],"picked":"Blade Dance","floor":22},{"not_picked":["Malaise","Flying Knee+1"],"picked":"Envenom+1","floor":23},{"not_picked":["Dagger Spray","Slice"],"picked":"Riddle With Holes+1","floor":24},{"not_picked":["Flying Knee","Sucker Punch"],"picked":"Deadly Poison+1","floor":30},{"not_picked":["PiercingWail","Sucker Punch+1"],"picked":"Escape Plan","floor":31},{"not_picked":["Tactician","Wraith Form v2+1"],"picked":"Burst","floor":33},{"not_picked":["Well Laid Plans+1","Predator"],"picked":"Backflip+1","floor":35},{"not_picked":["Prepared","Malaise+1"],"picked":"PiercingWail+1","floor":38},{"not_picked":["Slice","Distraction"],"picked":"Poisoned Stab+1","floor":41},{"not_picked":["Prepared+1","Outmaneuver+1"],"picked":"Noxious Fumes+1","floor":45},{"not_picked":["Riddle With Holes+1","Outmaneuver+1"],"picked":"Predator","floor":46},{"not_picked":["Flying Knee","Dodge and Roll+1"],"picked":"Storm of Steel+1","floor":48}],"player_experience":60302,"relics_obtained":[{"floor":6.0,"key":"Tiny Chest"},{"floor":7.0,"key":"Odd Mushroom"},{"floor":9.0,"key":"Bag of Preparation"},{"floor":12.0,"key":"Ice Cream"},{"floor":23,"key":"Happy Flower"},{"floor":26,"key":"Lantern"},{"floor":43,"key":"Toxic Egg 2"}],"event_choices":[{"event_name":"Big Fish","player_choice":"Donut","floor":3.0,"damage_taken":0.0},{"event_name":"Mushrooms","player_choice":"Fought Mushrooms","floor":7.0,"damage_taken":0.0},{"event_name":"Shining Light","player_choice":"Ignored","floor":11.0,"damage_taken":0.0},{"event_name":"Back to Basics","player_choice":"Elegance","floor":25,"damage_taken":0},{"event_name":"Upgrade Shrine","player_choice":"Upgraded","floor":27,"damage_taken":0},{"event_name":"Beggar","player_choice":"Gave Gold","floor":28,"damage_taken":0},{"event_name":"Winding Halls","player_choice":"Embrace Madness","floor":36,"damage_taken":0}],"boss_relics":[{"not_picked":["Runic Pyramid","Eternal Feather"],"picked":"Tiny House"},{"not_picked":["Snecko Eye","Fusion Hammer"],"picked":"Lizard Tail"}],"items_purged_floors":[21],"is_endless":false,"potions_floor_spawned":[1,2,5,6,7,13,14,16,18,19,20,22,23,24,30,31,33,35,38,41,45,46,48],"ascension_level":0}