{"gold_per_floor":[115,131,131,4,21,21,21,0,24,24,56,66,81,93,93,194,194,211,224,224],"floor_reached":20,"playtime":8011,"items_purged":["Defend_G"],"score":176,"play_id":"cfaa9c35-b676-47b5-8096-98e5fda018b5","local_time":"20180711202808","is_ascension_mode":false,"campfire_choices":[{"data":"Neutralize","floor":6,"key":"SMITH"},{"data":"Survivor","floor":10,"key":"SMITH"},{"floor":15,"key":"REST"}],"neow_cost":"","seed_source_timestamp":78369979511853,"circlet_count":0,"master_deck":["Defend_G","Defend_G","Defend_G","Defend_G","Strike_G","Strike_G","Strike_G","Strike_G","Survivor+1","Neutralize+1","Deadly Poison","Backstab","Noxious Fumes","Bullet Time","Prepared","Deflect+1"],"relics":["Ring of the Snake","Bag of Preparation","Prayer Wheel","Philosopher\u0027s Stone"],"potions_floor_usage":[11,16,16],"damage_taken":[{"damage":0,"enemies":"Small Slimes","floor":1,"turns":5},{"damage":1,"enemies":"Cultist","floor":2,"turns":5},{"damage":2,"enemies":"2 Louse","floor":5,"turns":3},{"damage":21,"enemies":"Gremlin Nob","floor":11,"turns":5},{"damage":3,"enemies":"Large Slime","floor":12,"turns":7},{"damage":0,"enemies":"Gremlin Gang","floor":13,"turns":7},{"damage":0,"enemies":"Exordium Wildlife","floor":14,"turns":3},{"damage":17,"enemies":"The Guardian","floor":16,"turns":10},{"damage":20,"enemies":"Shell Parasite","floor":18,"turns":6},{"damage":45,"enemies":"Spheric Guardian","floor":19,"turns":6},{"damage":15,"enemies":"Snake Plant","floor":20,"turns":3}],"seed_played":"-5742084583559037574","potions_obtained":[{"floor":1,"key":"FairyPotion"},{"floor":2,"key":"Weak Potion"},{"floor":7,"key":"Block Potion"},{"floor":13,"key":"FearPotion"},{"floor":19,"key":"SteroidPotion"}],"is_trial":false,"path_per_floor":["M","M","?","$","M","R","?","?","T","R","E","M","M","M","R","B",null,"M","M"],"character_chosen":"THE_SILENT","items_purchased":["Fire Potion"],"campfire_rested":1,"item_purchase_floors":[4],"current_hp_per_floor":[70,69,69,69,67,67,67,67,67,67,46,43,43,43,64,47,70,50,5,1],"gold":224,"neow_bonus":"","is_prod":false,"is_daily":false,"chose_seed":false,"campfire_upgraded":2,"win_rate":0,"timestamp":1531366088,"path_taken":["M","M","?","$","M","R","?","?","T","R","E","M","?","M","R","BOSS","M","M","M"],"build_version":"2018-07-05","purchased_purges":1,"victory":false,"max_hp_per_floor":[70,70,70,70,70,70,70,70,70,70,70,70,70,70,70,70,70,70,70,70],"card_choices":[{"not_picked":["Footwork","Cloak And Dagger","Masterful Stab"],"picked":"SKIP","floor":1},{"not_picked":["Masterful Stab","Caltrops","Backflip"],"picked":"SKIP","floor":2},{"not_picked":["Bane","PiercingWail","Backflip"],"picked":"SKIP","floor":5},{"not_picked":["Finisher","Well Laid Plans"],"picked":"Deadly Poison","floor":11},{"not_picked":["Underhanded Strike","Deflect","Heel Hook"],"picked":"SKIP","floor":12},{"not_picked":["Prepared","Slice","Distraction"],"picked":"SKIP","floor":12},{"not_picked":["Reflex","Flying Knee"],"picked":"Backstab","floor":13},{"not_picked":["Sucker Punch","Dagger Spray"],"picked":"Noxious Fumes","floor":13},{"not_picked":["Underhanded Strike","Doppelganger","Acrobatics"],"picked":"SKIP","floor":14},{"not_picked":["Cloak And Dagger","Footwork","Sucker Punch"],"picked":"SKIP","floor":14},{"not_picked":["Phantasmal Killer","Corpse Explosion"],"picked":"Bullet Time","floor":16},{"not_picked":["PiercingWail","Poisoned Stab+1"],"picked":"Prepared","floor":18},{"not_picked":["Crippling Poison","Heel Hook","Quick Slash+1"],"picked":"SKIP","floor":18},{"not_picked":["Riddle With Holes","Slice"],"picked":"Deflect+1","floor":19},{"not_picked":["Choke+1","Dagger Spray+1","Calculated Gamble+1"],"picked":"SKIP","floor":19}],"player_experience":66651,"relics_obtained":[{"floor":9,"key":"Bag of Preparation"},{"floor":11,"key":"Prayer Wheel"}],"event_choices":[{"event_name":"Bonfire Elementals","player_choice":"BASIC","floor":3,"damage_taken":0},{"event_name":"The Lab","player_choice":"Got Potions","floor":7,"damage_taken":0},{"event_name":"World of Goop","player_choice":"Left","floor":8,"damage_taken":0}],"boss_relics":[{"not_picked":["White Beast Statue","Black Star"],"picked":"Philosopher\u0027s Stone"}],"items_purged_floors":[4],"is_endless":false,"potions_floor_spawned":[1,2,13,19],"killed_by":"Snake Plant","ascension_level":0}