{"gold_per_floor":[115,115,115,40,60,60,80,100,124,143,143,143,161,22,22,141,141,165,183,98,98,98],"floor_reached":22,"playtime":712,"items_purged":["Defend_R"],"score":176,"play_id":"8cd649eb-f5d5-4543-b2d6-f65f948840c5","local_time":"20181123201920","is_ascension_mode":false,"campfire_choices":[{"data":"Pommel Strike","floor":6,"key":"SMITH"},{"data":"Inflame","floor":11,"key":"SMITH"},{"floor":15,"key":"REST"}],"neow_cost":"NONE","seed_source_timestamp":590687919557055,"circlet_count":0,"master_deck":["Strike_R","Strike_R","Strike_R","Strike_R","Strike_R","Defend_R","Defend_R","Defend_R","Bash","Searing Blow","Pommel Strike+1","Perfected Strike","Inflame+1","Reckless Charge","Armaments","Twin Strike","Inflame","Pommel Strike","Good Instincts","Iron Wave","Berserk","Thunderclap","Warcry"],"relics":["Burning Blood","Golden Idol","Potion Belt","Sundial","Runic Cube","Vajra","Question Card"],"potions_floor_usage":[],"damage_taken":[{"damage":13,"enemies":"Jaw Worm","floor":1,"turns":3},{"damage":11,"enemies":"Small Slimes","floor":5,"turns":3},{"damage":6,"enemies":"Cultist","floor":7,"turns":3},{"damage":24,"enemies":"Exordium Thugs","floor":8,"turns":4},{"damage":7,"enemies":"Exordium Wildlife","floor":10,"turns":3},{"damage":19,"enemies":"Blue Slaver","floor":13,"turns":3},{"damage":25,"enemies":"Slime Boss","floor":16,"turns":7},{"damage":25,"enemies":"Chosen","floor":18,"turns":4},{"damage":37,"enemies":"2 Thieves","floor":19,"turns":4},{"damage":34,"enemies":"Shelled Parasite and Fungi","floor":22,"turns":3}],"seed_played":"-5324996571782936347","potions_obtained":[{"floor":7,"key":"FearPotion"},{"floor":13,"key":"Dexterity Potion"},{"floor":18,"key":"GamblersBrew"},{"floor":19,"key":"PowerPotion"}],"is_trial":false,"path_per_floor":["M","?","?","$","M","R","M","M","T","M","R","T","M","$","R","B",null,"M","M","?","?","M"],"character_chosen":"IRONCLAD","items_purchased":["Good Instincts","Iron Wave"],"campfire_rested":1,"item_purchase_floors":[14,14],"current_hp_per_floor":[73,73,73,73,68,68,68,50,50,49,49,49,36,36,58,39,74,55,24,24,24,0],"gold":98,"neow_bonus":"THREE_CARDS","is_prod":false,"is_daily":false,"chose_seed":false,"campfire_upgraded":2,"win_rate":0.0,"timestamp":1543025960,"path_taken":["M","?","?","$","?","R","M","M","T","M","R","?","M","$","R","BOSS","M","M","?","?","M"],"build_version":"2018-11-15","purchased_purges":1,"victory":false,"max_hp_per_floor":[80,74,74,74,74,74,74,74,74,74,74,74,74,74,74,74,74,74,74,74,74,74],"card_choices":[{"not_picked":["Twin Strike","Sword Boomerang"],"picked":"Searing Blow","floor":0},{"not_picked":["Perfected Strike","Infernal Blade"],"picked":"Pommel Strike","floor":1},{"not_picked":["Dropkick","Heavy Blade"],"picked":"Reckless Charge","floor":5},{"not_picked":["Warcry","Bloodletting"],"picked":"Armaments","floor":7},{"not_picked":["Juggernaut","Disarm"],"picked":"Twin Strike","floor":8},{"not_picked":["Warcry","Whirlwind"],"picked":"Inflame","floor":10},{"not_picked":["Armaments","Body Slam"],"picked":"Pommel Strike","floor":13},{"not_picked":["Fiend Fire","Brutality"],"picked":"Berserk","floor":16},{"not_picked":["Blood for Blood+1","Pommel Strike"],"picked":"Thunderclap","floor":18},{"not_picked":["Pommel Strike","Heavy Blade"],"picked":"Warcry","floor":19}],"player_experience":9438,"relics_obtained":[{"floor":9,"key":"Potion Belt"},{"floor":12,"key":"Sundial"}],"event_choices":[{"damage_healed":0,"gold_gain":0,"player_choice":"Lose Max HP","damage_taken":0,"relics_obtained":["Golden Idol"],"max_hp_gain":0,"max_hp_loss":6,"event_name":"Golden Idol","floor":2,"gold_loss":0},{"damage_healed":0,"gold_gain":0,"player_choice":"2 cards matched","damage_taken":0,"max_hp_gain":0,"max_hp_loss":0,"event_name":"Match and Keep!","floor":3,"gold_loss":0,"cards_obtained":["Perfected Strike","Inflame"]},{"damage_healed":0,"gold_gain":0,"player_choice":"Obtained Relic","damage_taken":0,"relics_obtained":["Vajra"],"max_hp_gain":0,"max_hp_loss":0,"event_name":"Addict","floor":20,"gold_loss":85},{"damage_healed":0,"gold_gain":0,"player_choice":"Opened","damage_taken":0,"relics_obtained":["Question Card"],"max_hp_gain":0,"max_hp_loss":0,"event_name":"The Mausoleum","floor":21,"gold_loss":0}],"is_beta":false,"boss_relics":[{"not_picked":["Philosopher\u0027s Stone","Coffee Dripper"],"picked":"Runic Cube"}],"items_purged_floors":[4],"is_endless":false,"potions_floor_spawned":[7,13,18,19],"killed_by":"Shelled Parasite and Fungi","ascension_level":0}