{"gold_per_floor":[115,132,152,227,227,227,247,285,285,306,84,123,123,156,156,276,339,360,378,378,396,396,396,429,429,429,429,14,39,54,74,74,74],"floor_reached":33,"playtime":22245,"items_purged":["Defend_G","Strike_G"],"score":312,"play_id":"f346e5c8-e98a-4421-bf13-0ae982f6301e","local_time":"20190406180603","is_ascension_mode":false,"campfire_choices":[{"floor":13,"key":"REST"},{"floor":15,"key":"REST"},{"data":"1","floor":23,"key":"LIFT"},{"floor":25,"key":"REST"},{"data":"2","floor":27,"key":"LIFT"},{"data":"3","floor":32,"key":"LIFT"}],"neow_cost":"NONE","seed_source_timestamp":6577593373046373,"circlet_count":0,"master_deck":["Defend_G","Defend_G","Defend_G","Defend_G","Strike_G+1","Strike_G","Strike_G","Strike_G","Survivor","Neutralize","Underhanded Strike","Prepared","Noxious Fumes","Tactician","Tactician","Dagger Throw","Die Die Die","Predator","A Thousand Cuts","Dagger Throw","Adrenaline","Blade Dance","Sucker Punch","Bouncing Flask+1","Finisher","Die Die Die","Underhanded Strike","Noxious Fumes+1","Distraction+1","Flying Knee"],"relics":["Ring of the Snake","NeowsBlessing","Golden Idol","Girya","The Specimen","Pear","Mercury Hourglass","Bronze Scales","Tiny House","MutagenicStrength","Bottled Tornado","Paper Crane","Ornamental Fan"],"potions_floor_usage":[12,12,14,16,18,21,24,33,33],"damage_taken":[{"damage":0,"enemies":"Cultist","floor":1,"turns":1},{"damage":0,"enemies":"Small Slimes","floor":2,"turns":1},{"damage":0,"enemies":"2 Louse","floor":3,"turns":1},{"damage":2,"enemies":"Blue Slaver","floor":7,"turns":4},{"damage":28,"enemies":"Lagavulin","floor":8,"turns":8},{"damage":10,"enemies":"Exordium Wildlife","floor":10,"turns":6},{"damage":10,"enemies":"Gremlin Nob","floor":12,"turns":4},{"damage":16,"enemies":"Lagavulin","floor":14,"turns":6},{"damage":14,"enemies":"Slime Boss","floor":16,"turns":7},{"damage":22,"enemies":"Shell Parasite","floor":18,"turns":4},{"damage":19,"enemies":"2 Thieves","floor":19,"turns":3},{"damage":16,"enemies":"3 Cultists","floor":21,"turns":4},{"damage":28,"enemies":"Book of Stabbing","floor":24,"turns":4},{"damage":14,"enemies":"Snake Plant","floor":29,"turns":3},{"damage":6,"enemies":"Cultist and Chosen","floor":30,"turns":2},{"damage":1,"enemies":"Sentry and Sphere","floor":31,"turns":3},{"damage":27,"enemies":"Champ","floor":33,"turns":8}],"seed_played":"-715472484487187591","potions_obtained":[{"floor":2,"key":"Weak Potion"},{"floor":10,"key":"EssenceOfSteel"},{"floor":12,"key":"Strength Potion"},{"floor":14,"key":"PowerPotion"},{"floor":16,"key":"PowerPotion"},{"floor":17,"key":"Fruit Juice"},{"floor":19,"key":"Ancient Potion"},{"floor":29,"key":"Regen Potion"},{"floor":30,"key":"Dexterity Potion"}],"is_trial":false,"path_per_floor":["M","M","M","?","?","T","M","E","T","M","$","E","R","E","R","B",null,"M","M","?","M","?","R","E","R","T","R","$","M","M","M","R","B"],"character_chosen":"THE_SILENT","items_purchased":["Die Die Die","Predator","Ornamental Fan","Underhanded Strike"],"campfire_rested":3,"item_purchase_floors":[11,11,28,28],"current_hp_per_floor":[70,70,70,59,42,42,40,12,22,12,12,2,26,10,34,20,85,68,49,49,33,33,33,5,32,32,32,32,18,12,11,11,0],"gold":74,"neow_bonus":"THREE_ENEMY_KILL","is_prod":false,"is_daily":false,"chose_seed":false,"campfire_upgraded":0,"win_rate":0.0,"timestamp":1554588363,"path_taken":["M","?","M","?","?","?","M","E","T","M","?","E","R","E","R","BOSS","M","M","?","M","?","R","E","R","T","R","?","M","M","M","R","BOSS"],"build_version":"2019-01-23","purchased_purges":2,"victory":false,"max_hp_per_floor":[70,70,70,70,70,70,70,70,80,80,80,80,80,80,80,80,85,90,90,90,90,90,90,90,90,90,90,90,90,90,90,90,90],"card_choices":[{"not_picked":["Prepared","PiercingWail"],"picked":"Underhanded Strike","floor":1},{"not_picked":["Catalyst","Dash"],"picked":"Prepared","floor":2},{"not_picked":["PiercingWail","Quick Slash"],"picked":"Noxious Fumes","floor":3},{"not_picked":["Bane","Heel Hook"],"picked":"Tactician","floor":7},{"not_picked":["Dodge and Roll","Escape Plan"],"picked":"Tactician","floor":8},{"not_picked":["Flying Knee","Acrobatics"],"picked":"Dagger Throw","floor":10},{"not_picked":["Catalyst","Predator"],"picked":"A Thousand Cuts","floor":12},{"not_picked":["Sucker Punch","Flying Knee"],"picked":"Dagger Throw","floor":14},{"not_picked":["A Thousand Cuts","Malaise"],"picked":"Adrenaline","floor":16},{"not_picked":["Dagger Throw","Underhanded Strike"],"picked":"Blade Dance","floor":17},{"not_picked":["Flying Knee","Dodge and Roll"],"picked":"Sucker Punch","floor":18},{"not_picked":["Deadly Poison","Infinite Blades"],"picked":"Bouncing Flask+1","floor":19},{"not_picked":["Bane","Deadly Poison"],"picked":"Finisher","floor":21},{"not_picked":["Tactician","Slice"],"picked":"Die Die Die","floor":24},{"not_picked":["Eviscerate","Dash"],"picked":"Noxious Fumes+1","floor":29},{"not_picked":["Dagger Throw","Dodge and Roll"],"picked":"Distraction+1","floor":30},{"not_picked":["PiercingWail","Well Laid Plans"],"picked":"Flying Knee","floor":31}],"player_experience":146934,"relics_obtained":[{"floor":6,"key":"Girya"},{"floor":8,"key":"The Specimen"},{"floor":9,"key":"Pear"},{"floor":12,"key":"Mercury Hourglass"},{"floor":14,"key":"Bronze Scales"},{"floor":24,"key":"Bottled Tornado"},{"floor":26,"key":"Paper Crane"}],"event_choices":[{"damage_healed":0,"gold_gain":75,"player_choice":"Gather Gold","damage_taken":11,"max_hp_gain":0,"max_hp_loss":0,"event_name":"World of Goop","floor":4,"gold_loss":0},{"damage_healed":0,"gold_gain":0,"player_choice":"Take Damage","damage_taken":17,"relics_obtained":["Golden Idol"],"max_hp_gain":0,"max_hp_loss":0,"event_name":"Golden Idol","floor":5,"gold_loss":0},{"damage_healed":0,"gold_gain":0,"player_choice":"Ignored","damage_taken":0,"max_hp_gain":0,"max_hp_loss":0,"event_name":"Ghosts","floor":20,"gold_loss":0},{"damage_healed":0,"gold_gain":0,"player_choice":"Inject Mutagens","damage_taken":0,"relics_obtained":["MutagenicStrength"],"max_hp_gain":0,"max_hp_loss":0,"event_name":"Drug Dealer","floor":22,"gold_loss":0}],"is_beta":false,"boss_relics":[{"not_picked":["Ectoplasm","Busted Crown"],"picked":"Tiny House"}],"items_purged_floors":[11,28],"is_endless":false,"potions_floor_spawned":[2,10,12,14,16,19,29,30],"killed_by":"Champ","ascension_level":0}