{"gold_per_floor":[111,111,186,204,214,246,263,283,283,315,315,349,368,0,0,97,147,163,117,117,134,134,134,166,166,245,245,132,132,132,143,143,241,241,253,253,253,265,279,279,279,279,303,314,333,347,365,385,385,385],"floor_reached":51,"playtime":4289,"items_purged":["Streamline"],"score":888,"play_id":"881fc1e0-edc3-4e6e-b5d2-12aba32681ad","local_time":"20190330003307","is_ascension_mode":true,"campfire_choices":[{"floor":11.0,"key":"REST"},{"data":"Creative AI","floor":15.0,"key":"SMITH"},{"data":"Defragment","floor":23.0,"key":"SMITH"},{"data":"Seek","floor":25.0,"key":"SMITH"},{"data":"Chill","floor":27.0,"key":"SMITH"},{"data":"Undo","floor":29.0,"key":"SMITH"},{"floor":32.0,"key":"REST"},{"data":"Go for the Eyes","floor":40.0,"key":"SMITH"},{"floor":49.0,"key":"REST"}],"neow_cost":"NONE","seed_source_timestamp":0,"circlet_count":0,"master_deck":["Defend_B+1","Defend_B+1","Defend_B+1","Defend_B+1","Zap+1","Dualcast","Ball Lightning","Conserve Battery","Seek+1","Defragment+1","Creative AI+1","Capacitor","Chill+1","Go for the Eyes+1","Trip","Core Surge","Hologram","Cold Snap","Cold Snap","Bite","Bite","Bite","Bite","Conserve Battery","Undo+1","Cold Snap+1","FTL+1","Defragment"],"special_seed":0,"relics":["Cracked Core","NeowsBlessing","Gremlin Horn","Meat on the Bone","Shuriken","Bottled Tornado","Kunai","Tiny House","Juzu Bracelet","Matryoshka","Velvet Choker","Mercury Hourglass","Question Card","Symbiotic Virus","Smiling Mask"],"potions_floor_usage":[50,50],"damage_taken":[{"damage":0.0,"enemies":"Small Slimes","floor":1.0,"turns":1.0},{"damage":0.0,"enemies":"Jaw Worm","floor":4.0,"turns":1.0},{"damage":0.0,"enemies":"2 Louse","floor":5.0,"turns":1.0},{"damage":10.0,"enemies":"Gremlin Nob","floor":6.0,"turns":3.0},{"damage":0.0,"enemies":"Looter","floor":7.0,"turns":2.0},{"damage":0.0,"enemies":"3 Louse","floor":8.0,"turns":2.0},{"damage":11.0,"enemies":"Lagavulin","floor":10.0,"turns":5.0},{"damage":24.0,"enemies":"Gremlin Nob","floor":12.0,"turns":4.0},{"damage":20.0,"enemies":"Large Slime","floor":13.0,"turns":6.0},{"damage":19.0,"enemies":"Hexaghost","floor":16.0,"turns":9.0},{"damage":5.0,"enemies":"Shell Parasite","floor":18.0,"turns":7.0},{"damage":30.0,"enemies":"2 Thieves","floor":21.0,"turns":5.0},{"damage":19.0,"enemies":"Gremlin Leader","floor":24.0,"turns":8.0},{"damage":22.0,"enemies":"Colosseum Slavers","floor":30.0,"turns":7.0},{"damage":3.0,"enemies":"Snake Plant","floor":31.0,"turns":7.0},{"damage":12.0,"enemies":"Collector","floor":33.0,"turns":15.0},{"damage":7.0,"enemies":"3 Darklings","floor":35.0,"turns":7.0},{"damage":8.0,"enemies":"3 Shapes","floor":38.0,"turns":6.0},{"damage":10.0,"enemies":"Jaw Worm Horde","floor":39.0,"turns":8.0},{"damage":36.0,"enemies":"Transient","floor":44.0,"turns":5.0},{"damage":17.0,"enemies":"Sphere and 2 Shapes","floor":45.0,"turns":7.0},{"damage":13.0,"enemies":"Writhing Mass","floor":46.0,"turns":7.0},{"damage":21.0,"enemies":"Transient","floor":47.0,"turns":5.0},{"damage":0.0,"enemies":"Spire Growth","floor":48.0,"turns":6.0},{"damage":23,"enemies":"Awakened One","floor":50,"turns":12}],"seed_played":"4494464642838147105","potions_obtained":[{"floor":8.0,"key":"Block Potion"},{"floor":10.0,"key":"SteroidPotion"},{"floor":12.0,"key":"FearPotion"},{"floor":13.0,"key":"FearPotion"},{"floor":16.0,"key":"Dexterity Potion"},{"floor":17.0,"key":"SkillPotion"},{"floor":18.0,"key":"Regen Potion"},{"floor":24.0,"key":"Swift Potion"},{"floor":33.0,"key":"EssenceOfSteel"},{"floor":38.0,"key":"Fire Potion"},{"floor":45.0,"key":"PowerPotion"},{"floor":47.0,"key":"FocusPotion"},{"floor":48.0,"key":"PowerPotion"}],"is_trial":false,"path_per_floor":["M","?","?","M","M","E","M","M","T","E","R","E","M","$","R","B",null,"M","$","?","M","?","R","E","R","T","R","$","R","?","M","R","B",null,"M","?","?","M","M","R","?","T","T","M","M","M","M","M","R","B",null],"character_chosen":"DEFECT","items_purchased":["Kunai","Go for the Eyes","Trip","Cold Snap","Undo"],"campfire_rested":3,"item_purchase_floors":[14,14,14,19,28],"current_hp_per_floor":[68,53,42,42,42,32,32,32,32,33,55,43,35,35,35,28,68,63,63,56,32,32,32,36,36,36,36,36,36,32,33,49,56,56,55,53,53,48,53,53,53,53,53,33,36,27,20,36,51,53],"gold":385,"neow_bonus":"THREE_ENEMY_KILL","is_prod":false,"is_daily":false,"chose_seed":false,"campfire_upgraded":6,"win_rate":0,"timestamp":1553923987,"path_taken":["M","?","?","M","M","E","M","M","T","E","R","E","M","$","R","BOSS","M","$","?","M","?","R","E","R","T","R","$","R","?","M","R","BOSS","M","?","?","M","M","R","?","?","T","M","M","M","M","M","R","BOSS"],"build_version":"2019-01-23","purchased_purges":1,"victory":true,"max_hp_per_floor":[75,75,75,75,75,75,75,75,75,75,75,75,75,75,75,75,80,80,80,56,56,56,56,56,56,56,56,56,56,56,56,56,56,56,56,53,53,53,53,53,53,53,53,53,53,53,53,53,53,53],"card_choices":[{"not_picked":["Redo","Stack"],"picked":"Ball Lightning","floor":1.0},{"not_picked":["Gash","Chaos"],"picked":"Streamline","floor":4.0},{"not_picked":["Ball Lightning","Gash"],"picked":"Conserve Battery","floor":5.0},{"not_picked":["Doom and Gloom","Buffer"],"picked":"Seek","floor":6.0},{"not_picked":["Gash","Heatsinks","Redo"],"picked":"SKIP","floor":7.0},{"not_picked":["Double Energy","Recycle"],"picked":"Defragment","floor":8.0},{"not_picked":["Hologram","Capacitor"],"picked":"Creative AI","floor":10.0},{"not_picked":["Aggregate","Coolheaded"],"picked":"Capacitor","floor":12.0},{"not_picked":["Conserve Battery","Hologram"],"picked":"Chill","floor":13.0},{"not_picked":["Amplify","Rainbow"],"picked":"Core Surge","floor":16.0},{"not_picked":["Go for the Eyes","Genetic Algorithm"],"picked":"Hologram","floor":17.0},{"not_picked":["Turbo+1","Conserve Battery"],"picked":"Cold Snap","floor":18.0},{"not_picked":["Turbo","Stack+1"],"picked":"Conserve Battery","floor":21.0},{"not_picked":["Steam","Conserve Battery","Hologram"],"picked":"SKIP","floor":24.0},{"not_picked":["Recycle","Barrage","Gash"],"picked":"SKIP","floor":31.0},{"not_picked":["Turbo","Sunder","Gash+1"],"picked":"SKIP","floor":35.0},{"not_picked":["Gash+1","Capacitor","Cold Snap"],"picked":"SKIP","floor":38.0},{"not_picked":["Sweeping Beam","Barrage"],"picked":"Cold Snap+1","floor":39.0},{"not_picked":["BootSequence","Chill+1","Redo","Turbo+1"],"picked":"SKIP","floor":44.0},{"not_picked":["Sweeping Beam","Rebound+1","Sunder"],"picked":"FTL+1","floor":45.0},{"not_picked":["Melter","Glacier","Turbo+1","Compile Driver"],"picked":"SKIP","floor":46.0},{"not_picked":["Sweeping Beam","Sunder+1","Beam Cell","Turbo"],"picked":"SKIP","floor":47.0},{"not_picked":["Coolheaded+1","All For One","Hologram+1"],"picked":"Defragment","floor":48.0}],"player_experience":184623,"relics_obtained":[{"floor":6.0,"key":"Gremlin Horn"},{"floor":9.0,"key":"Meat on the Bone"},{"floor":10.0,"key":"Shuriken"},{"floor":12.0,"key":"Bottled Tornado"},{"floor":24.0,"key":"Juzu Bracelet"},{"floor":26.0,"key":"Matryoshka"},{"floor":42.0,"key":"Mercury Hourglass"},{"floor":42.0,"key":"Question Card"},{"floor":43.0,"key":"Symbiotic Virus"},{"floor":43.0,"key":"Smiling Mask"}],"event_choices":[{"damage_healed":0.0,"max_hp_gain":0.0,"max_hp_loss":0.0,"gold_gain":0.0,"event_name":"Shining Light","player_choice":"Entered Light","floor":2.0,"gold_loss":0.0,"damage_taken":15.0,"cards_upgraded":["Strike_B","Zap"]},{"damage_healed":0.0,"max_hp_gain":0.0,"max_hp_loss":0.0,"gold_gain":75.0,"event_name":"World of Goop","player_choice":"Gather Gold","floor":3.0,"gold_loss":0.0,"damage_taken":11.0},{"damage_healed":0.0,"max_hp_gain":0.0,"max_hp_loss":24.0,"gold_gain":0.0,"event_name":"Vampires","player_choice":"Became a vampire","floor":20.0,"gold_loss":0.0,"damage_taken":0.0,"cards_obtained":["Bite","Bite","Bite","Bite","Bite"]},{"damage_healed":0.0,"max_hp_gain":0.0,"max_hp_loss":0.0,"gold_gain":0.0,"event_name":"Back to Basics","player_choice":"Simplicity","floor":22.0,"gold_loss":0.0,"damage_taken":0.0,"cards_upgraded":["Defend_B","Defend_B","Defend_B","Defend_B"]},{"damage_healed":0.0,"max_hp_gain":0.0,"max_hp_loss":0.0,"gold_gain":0.0,"event_name":"Colosseum","player_choice":"Fight","floor":30.0,"gold_loss":0.0,"damage_taken":0.0},{"damage_healed":0.0,"max_hp_gain":0.0,"max_hp_loss":0.0,"gold_gain":0.0,"event_name":"Colosseum","player_choice":"Fled From Nobs","floor":30.0,"gold_loss":0.0,"damage_taken":0.0},{"damage_healed":0.0,"max_hp_gain":0.0,"max_hp_loss":3.0,"gold_gain":0.0,"event_name":"Winding Halls","player_choice":"Max HP","floor":36.0,"gold_loss":0.0,"damage_taken":0.0},{"damage_healed":0.0,"max_hp_gain":0.0,"max_hp_loss":0.0,"gold_gain":0.0,"event_name":"Tomb of Lord Red Mask","player_choice":"Ignored","floor":37.0,"gold_loss":0.0,"damage_taken":0.0},{"cards_removed":["Bite"],"damage_healed":0.0,"max_hp_gain":0.0,"max_hp_loss":0.0,"gold_gain":0.0,"event_name":"Falling","player_choice":"Removed Attack","floor":41.0,"gold_loss":0.0,"damage_taken":0.0}],"is_beta":false,"boss_relics":[{"not_picked":["Eternal Feather","Fusion Hammer"],"picked":"Tiny House"},{"not_picked":["Lizard Tail","Snecko Eye"],"picked":"Velvet Choker"}],"items_purged_floors":[28],"is_endless":false,"potions_floor_spawned":[8,10,12,13,16,18,24,33,38,45,47,48],"ascension_level":7}