{"gold_per_floor":[115,115,24,24,40,40,65,81,81,110,110,127,140,140,140,244,244,169,94,4,4,14,14,14,14,65,65,15,29,49,49,49,152,202,214,214,18,31,49,49,63,13,83,83,110,133,148,148,148,148],"floor_reached":51,"playtime":6539,"items_purged":["Strike_G","Strike_G","Strike_G+1"],"score":768,"play_id":"7d4e537b-3c49-40b5-a9bc-319949a9130a","local_time":"20181024043310","is_ascension_mode":true,"campfire_choices":[{"data":"Footwork","floor":6,"key":"SMITH"},{"data":"Noxious Fumes","floor":11,"key":"SMITH"},{"floor":15,"key":"REST"},{"data":"Envenom","floor":23,"key":"SMITH"},{"data":"Footwork","floor":25,"key":"SMITH"},{"data":"Survivor","floor":27,"key":"SMITH"},{"data":"Tools of the Trade","floor":32,"key":"SMITH"},{"data":"Well Laid Plans","floor":40,"key":"SMITH"},{"data":"Neutralize","floor":44,"key":"SMITH"},{"data":"Footwork","floor":49,"key":"SMITH"}],"neow_cost":"NONE","seed_source_timestamp":12792745292078,"circlet_count":0,"master_deck":["Defend_G+1","Defend_G","Defend_G","Defend_G+1","Strike_G+1","Survivor+1","Neutralize","Footwork+1","Footwork+1","Blur+1","Noxious Fumes+1","Escape Plan+1","Neutralize+1","Envenom+1","Prepared+1","Expertise+1","Expertise+1","Acrobatics+1","Tactician+1","Well Laid Plans+1","Blade Dance+1","Tools of the Trade+1","Acrobatics+1","Dodge and Roll+1","Venomology+1","Blade Dance+1","Outmaneuver+1","Prepared+1","Escape Plan+1","Prepared+1","Tactician+1","Footwork+1"],"relics":["Ring of the Snake","Smiling Mask","Toxic Egg 2","Bronze Scales","Orichalcum","Orrery","Regal Pillow","Tiny House","Dream Catcher","Kunai","Pen Nib","Boot","Girya"],"potions_floor_usage":[29,35,38,38,39,45,47,48,50,50],"damage_taken":[{"damage":0,"enemies":"Cultist","floor":1,"turns":4},{"damage":1,"enemies":"Jaw Worm","floor":5,"turns":6},{"damage":22,"enemies":"3 Sentries","floor":7,"turns":17},{"damage":1,"enemies":"Small Slimes","floor":8,"turns":4},{"damage":18,"enemies":"Gremlin Nob","floor":10,"turns":8},{"damage":0,"enemies":"3 Louse","floor":12,"turns":4},{"damage":9,"enemies":"Exordium Thugs","floor":13,"turns":6},{"damage":5,"enemies":"The Guardian","floor":16,"turns":13},{"damage":4,"enemies":"2 Thieves","floor":18,"turns":5},{"damage":0,"enemies":"Spheric Guardian","floor":22,"turns":6},{"damage":8,"enemies":"Centurion and Healer","floor":29,"turns":8},{"damage":8,"enemies":"Snake Plant","floor":30,"turns":6},{"damage":0,"enemies":"Champ","floor":33,"turns":18},{"damage":0,"enemies":"Orb Walker","floor":35,"turns":6},{"damage":20,"enemies":"3 Darklings","floor":38,"turns":5},{"damage":9,"enemies":"Transient","floor":39,"turns":5},{"damage":11,"enemies":"Spire Growth","floor":41,"turns":6},{"damage":0,"enemies":"Nemesis","floor":45,"turns":9},{"damage":0,"enemies":"Maw","floor":47,"turns":8},{"damage":3,"enemies":"Mind Bloom Boss Battle","floor":48,"turns":7},{"damage":29,"enemies":"Time Eater","floor":50,"turns":19}],"seed_played":"-3046961761033331841","potions_obtained":[{"floor":12,"key":"GhostInAJar"},{"floor":13,"key":"Block Potion"},{"floor":29,"key":"Ancient Potion"},{"floor":34,"key":"SkillPotion"}],"is_trial":false,"path_per_floor":["M","?","$","$","M","R","E","M","T","E","R","M","M","?","R","B",null,"M","?","?","$","M","R","?","R","T","R","$","M","M","?","R","B",null,"M","?","$","M","M","R","M","$","T","R","E","T","M","?","R","B"],"character_chosen":"THE_SILENT","items_purchased":["Footwork","Prepared+1","Dream Catcher"],"campfire_rested":1,"item_purchase_floors":[3,37,37],"current_hp_per_floor":[70,56,56,56,55,55,33,32,32,14,14,14,5,5,26,21,70,66,66,66,66,66,66,66,66,66,66,66,58,50,43,43,43,75,75,75,75,55,46,46,35,35,35,35,35,35,35,32,32,3],"gold":148,"neow_bonus":"RANDOM_COMMON_RELIC","is_prod":false,"is_daily":false,"chose_seed":false,"campfire_upgraded":9,"win_rate":0,"timestamp":1540373590,"path_taken":["M","?","?","$","M","R","E","M","T","E","R","M","M","?","R","BOSS","M","?","?","$","M","R","?","R","T","R","$","?","M","?","R","BOSS","M","?","$","M","M","R","M","?","T","R","E","?","?","?","R","BOSS"],"build_version":"2018-10-18","purchased_purges":3,"victory":true,"max_hp_per_floor":[70,70,70,70,70,70,70,70,70,70,70,70,70,70,70,70,70,70,70,70,70,70,70,70,70,70,70,70,70,70,70,70,70,75,75,75,75,75,75,75,75,75,75,75,75,75,75,75,75,75],"card_choices":[{"not_picked":["Quick Slash","Blur"],"picked":"Footwork","floor":1},{"not_picked":["Endless Agony","Catalyst","Bane"],"picked":"SKIP","floor":5},{"not_picked":["PiercingWail","Footwork"],"picked":"Quick Slash","floor":7},{"not_picked":["Caltrops","Underhanded Strike"],"picked":"Blur+1","floor":8},{"not_picked":["Backstab","Outmaneuver+1"],"picked":"Noxious Fumes","floor":10},{"not_picked":["Sucker Punch","Backstab"],"picked":"Escape Plan+1","floor":12},{"not_picked":["Quick Slash","Backstab","All Out Attack"],"picked":"SKIP","floor":13},{"not_picked":["Night Terror+1","Die Die Die"],"picked":"Envenom","floor":16},{"not_picked":["PiercingWail+1","Dagger Spray"],"picked":"Prepared+1","floor":17},{"not_picked":["Acrobatics+1","Deflect+1"],"picked":"Expertise+1","floor":17},{"not_picked":["Dash","Dodge and Roll+1"],"picked":"Expertise+1","floor":17},{"not_picked":["Underhanded Strike","PiercingWail+1"],"picked":"Acrobatics+1","floor":17},{"not_picked":["Skewer+1","Dagger Throw+1"],"picked":"Tactician+1","floor":18},{"not_picked":["Bouncing Flask+1","Bane+1"],"picked":"Well Laid Plans","floor":22},{"not_picked":["Dagger Spray","Bullet Time+1"],"picked":"Acrobatics+1","floor":29},{"not_picked":["Dash","Caltrops"],"picked":"Dodge and Roll+1","floor":30},{"not_picked":["Night Terror+1","Malaise+1"],"picked":"Venomology+1","floor":33},{"not_picked":["Quick Slash","Distraction+1"],"picked":"Blade Dance+1","floor":34},{"not_picked":["Bane","Poisoned Stab+1"],"picked":"Outmaneuver+1","floor":35},{"not_picked":["Night Terror+1","Quick Slash"],"picked":"Escape Plan+1","floor":38},{"not_picked":["Outmaneuver+1","Deflect+1"],"picked":"Prepared+1","floor":39},{"not_picked":["Flying Knee+1","All Out Attack+1"],"picked":"Tactician+1","floor":41},{"not_picked":["Quick Slash+1","Blur+1","Deflect+1"],"picked":"SKIP","floor":45},{"not_picked":["Dagger Throw","Predator","Caltrops"],"picked":"SKIP","floor":47},{"not_picked":["Deflect+1","Well Laid Plans+1"],"picked":"Footwork","floor":48}],"player_experience":177812,"relics_obtained":[{"floor":7,"key":"Toxic Egg 2"},{"floor":9,"key":"Bronze Scales"},{"floor":10,"key":"Orichalcum"},{"floor":26,"key":"Regal Pillow"},{"floor":43,"key":"Kunai"},{"floor":45,"key":"Pen Nib"},{"floor":46,"key":"Boot"},{"floor":48,"key":"Girya"}],"event_choices":[{"damage_healed":0,"gold_gain":0,"player_choice":"Entered Light","damage_taken":14,"max_hp_gain":0,"max_hp_loss":0,"event_name":"Shining Light","floor":2,"gold_loss":0,"cards_upgraded":["Strike_G","Defend_G"]},{"damage_healed":0,"gold_gain":0,"player_choice":"1 cards matched","damage_taken":0,"max_hp_gain":0,"max_hp_loss":0,"event_name":"Match and Keep!","floor":14,"gold_loss":0,"cards_obtained":["Neutralize"]},{"cards_removed":["Quick Slash"],"damage_healed":0,"gold_gain":0,"player_choice":"Gave Gold","damage_taken":0,"max_hp_gain":0,"max_hp_loss":0,"event_name":"Beggar","floor":19,"gold_loss":75},{"cards_removed":["Defend_G"],"damage_healed":0,"gold_gain":0,"player_choice":"Upgrade and Remove","damage_taken":0,"max_hp_gain":0,"max_hp_loss":0,"event_name":"Designer","floor":20,"gold_loss":90,"cards_upgraded":["Defend_G"]},{"damage_healed":0,"gold_gain":0,"player_choice":"2 cards matched","damage_taken":0,"max_hp_gain":0,"max_hp_loss":0,"event_name":"Match and Keep!","floor":24,"gold_loss":0,"cards_obtained":["Blade Dance","Tools of the Trade"]},{"damage_healed":0,"gold_gain":0,"player_choice":"Damaged","damage_taken":7,"max_hp_gain":0,"max_hp_loss":0,"event_name":"Wheel of Change","floor":31,"gold_loss":0},{"cards_removed":["Strike_G"],"damage_healed":0,"gold_gain":0,"player_choice":"Purged","damage_taken":0,"max_hp_gain":0,"max_hp_loss":0,"event_name":"Purifier","floor":36,"gold_loss":0},{"damage_healed":0,"gold_gain":0,"player_choice":"Fight","damage_taken":0,"max_hp_gain":0,"max_hp_loss":0,"event_name":"MindBloom","floor":48,"gold_loss":0}],"is_beta":false,"boss_relics":[{"not_picked":["Calling Bell","Pandora\u0027s Box"],"picked":"Orrery"},{"not_picked":["Ring of the Serpent","Velvet Choker"],"picked":"Tiny House"}],"items_purged_floors":[3,28,42],"is_endless":false,"potions_floor_spawned":[12,13,29,35,41,47],"ascension_level":1}