{"gold_per_floor":[109,126,138,152,152,178,178,178,234,289,304,304,333,343,343,443,443,461,17,36,136,146,176,176,205,205,233,233,246,24,49,49,150,150,160,178,196,208,208,241,259,259,286,286,312,7,18,28,28,28,28,28,28,63,63],"floor_reached":56,"playtime":8058,"items_purged":["Parasite"],"score":1961,"play_id":"a341ab57-124e-48c6-984f-22129883c33a","local_time":"20190409204205","is_ascension_mode":true,"campfire_choices":[{"data":"Footwork","floor":7.0,"key":"SMITH"},{"floor":12.0,"key":"REST"},{"data":"Caltrops","floor":15.0,"key":"SMITH"},{"data":"Footwork","floor":24.0,"key":"SMITH"},{"data":"Bandage Up","floor":28.0,"key":"SMITH"},{"data":"Noxious Fumes","floor":32.0,"key":"SMITH"},{"floor":42,"key":"RECALL"},{"data":"Well Laid Plans","floor":44,"key":"SMITH"},{"data":"Leg Sweep","floor":49,"key":"SMITH"},{"data":"After Image","floor":52,"key":"SMITH"}],"neow_cost":"NONE","seed_source_timestamp":0,"circlet_count":0,"master_deck":["AscendersBane","Defend_G","Defend_G","Defend_G","Defend_G","Defend_G","Strike_G","Strike_G","Strike_G","Strike_G","Strike_G+1","Survivor","Neutralize+1","Footwork+1","PiercingWail+1","Backflip+1","Dagger Spray","Well Laid Plans+1","Caltrops+1","Venomology","Leg Sweep+1","Adrenaline","Backflip+1","Bandage Up+1","Footwork+1","Acrobatics+1","Dash","PiercingWail+1","Blur+1","Noxious Fumes+1","Malaise+1","Night Terror+1","Catalyst+1","Backflip+1","Calculated Gamble+1","Blur+1","After Image+1","Finesse+1"],"special_seed":0,"relics":["Ring of the Serpent","PreservedInsect","Potion Belt","Tiny Chest","Whetstone","Orichalcum","Velvet Choker","TwistedFunnel","Snake Skull","Letter Opener","Toxic Egg 2","Gremlin Horn","Vajra","Centennial Puzzle","Dream Catcher","Shuriken","Singing Bowl","Art of War","Happy Flower"],"potions_floor_usage":[45,48,50,54,55],"damage_taken":[{"damage":0.0,"enemies":"2 Louse","floor":1.0,"turns":5.0},{"damage":1.0,"enemies":"Jaw Worm","floor":2.0,"turns":5.0},{"damage":0.0,"enemies":"Cultist","floor":3.0,"turns":5.0},{"damage":7.0,"enemies":"Lots of Slimes","floor":4.0,"turns":4.0},{"damage":11.0,"enemies":"3 Sentries","floor":6.0,"turns":10.0},{"damage":0.0,"enemies":"3 Louse","floor":11.0,"turns":4.0},{"damage":6.0,"enemies":"Gremlin Nob","floor":13.0,"turns":5.0},{"damage":2.0,"enemies":"Large Slime","floor":14.0,"turns":8.0},{"damage":32.0,"enemies":"Slime Boss","floor":16.0,"turns":14.0},{"damage":3.0,"enemies":"Spheric Guardian","floor":18.0,"turns":7.0},{"damage":0.0,"enemies":"3 Byrds","floor":20.0,"turns":4.0},{"damage":0.0,"enemies":"Centurion and Healer","floor":22.0,"turns":14.0},{"damage":5.0,"enemies":"Gremlin Leader","floor":23.0,"turns":9.0},{"damage":9.0,"enemies":"Slavers","floor":25.0,"turns":4.0},{"damage":0.0,"enemies":"Gremlin Leader","floor":27.0,"turns":7.0},{"damage":0.0,"enemies":"3 Cultists","floor":29.0,"turns":6.0},{"damage":5.0,"enemies":"Slavers","floor":31.0,"turns":4.0},{"damage":0.0,"enemies":"Collector","floor":33.0,"turns":11.0},{"damage":0.0,"enemies":"3 Shapes","floor":35.0,"turns":4.0},{"damage":0.0,"enemies":"3 Darklings","floor":36.0,"turns":6.0},{"damage":3.0,"enemies":"Spire Growth","floor":37.0,"turns":7.0},{"damage":0.0,"enemies":"Writhing Mass","floor":38.0,"turns":6.0},{"damage":16.0,"enemies":"Giant Head","floor":40.0,"turns":8.0},{"damage":1.0,"enemies":"Sphere and 2 Shapes","floor":41.0,"turns":6.0},{"damage":0,"enemies":"Nemesis","floor":45,"turns":9},{"damage":0,"enemies":"Jaw Worm Horde","floor":47,"turns":6},{"damage":0,"enemies":"Writhing Mass","floor":48,"turns":6},{"damage":6,"enemies":"Time Eater","floor":50,"turns":10},{"damage":0,"enemies":"Shield and Spear","floor":54,"turns":9},{"damage":3,"enemies":"The Heart","floor":55,"turns":15}],"seed_played":"8821276765751219329","potions_obtained":[{"floor":1.0,"key":"LiquidBronze"},{"floor":2.0,"key":"Block Potion"},{"floor":13.0,"key":"Explosive Potion"},{"floor":14.0,"key":"Block Potion"},{"floor":16.0,"key":"Dexterity Potion"},{"floor":22.0,"key":"EssenceOfSteel"},{"floor":25.0,"key":"GamblersBrew"},{"floor":29.0,"key":"FearPotion"},{"floor":31.0,"key":"Swift Potion"},{"floor":33.0,"key":"Ancient Potion"},{"floor":35.0,"key":"Block Potion"},{"floor":40.0,"key":"LiquidBronze"},{"floor":48,"key":"GhostInAJar"},{"floor":54,"key":"Swift Potion"}],"is_trial":false,"path_per_floor":["M","M","M","M","?","E","R","?","T","T","M","R","E","M","R","B",null,"M","$","M","?","M","E","R","E","T","E","R","M","$","E","R","B",null,"M","M","M","M","?","E","M","R","T","R","E","$","M","M","R","B",null,"R","$","E","B",null],"character_chosen":"THE_SILENT","items_purchased":["TwistedFunnel","Snake Skull","Bandage Up","Noxious Fumes","Centennial Puzzle","Art of War","Finesse+1"],"campfire_rested":1,"item_purchase_floors":[19,19,19,30,30,46,46],"current_hp_per_floor":[63,62,62,55,60,49,49,34,34,34,34,56,50,48,48,16,60,57,57,61,61,65,64,64,59,59,63,63,69,69,70,70,75,75,75,75,75,75,75,64,69,69,69,69,75,72,74,76,76,76,76,76,76,78,78],"gold":63,"neow_bonus":"RANDOM_COMMON_RELIC","is_prod":false,"is_daily":false,"chose_seed":false,"campfire_upgraded":8,"win_rate":0,"timestamp":1554867725,"path_taken":["M","M","M","M","?","E","R","?","T","?","M","R","E","M","R","BOSS","M","$","M","?","M","E","R","E","T","E","R","?","$","E","R","BOSS","M","M","M","?","?","E","M","R","T","R","E","$","M","M","R","BOSS","R","$","E","BOSS"],"build_version":"2019-01-23","purchased_purges":1,"victory":true,"max_hp_per_floor":[70,70,70,70,75,75,75,75,75,75,75,75,75,75,75,75,75,75,75,75,75,75,75,75,75,75,75,75,75,75,75,75,75,75,75,75,75,75,75,75,75,75,75,75,75,72,74,76,76,76,76,76,76,78,78],"card_choices":[{"not_picked":["Deflect","Cloak And Dagger"],"picked":"Footwork","floor":1.0},{"not_picked":["Catalyst","Sucker Punch"],"picked":"PiercingWail","floor":2.0},{"not_picked":["Dagger Throw","Crippling Poison"],"picked":"Backflip","floor":3.0},{"not_picked":["Distraction","Doppelganger"],"picked":"Dagger Spray","floor":4.0},{"not_picked":["Slice","Concentrate"],"picked":"Well Laid Plans","floor":6.0},{"not_picked":["PiercingWail","All Out Attack"],"picked":"Caltrops","floor":11.0},{"not_picked":["Doppelganger","Predator"],"picked":"Venomology","floor":13.0},{"not_picked":["Slice","Dagger Spray"],"picked":"Leg Sweep","floor":14.0},{"not_picked":["Burst","Grand Finale"],"picked":"Adrenaline","floor":16.0},{"not_picked":["Endless Agony","Cloak And Dagger"],"picked":"Backflip+1","floor":18.0},{"not_picked":["PiercingWail","Quick Slash+1"],"picked":"Footwork","floor":20.0},{"not_picked":["Bane","Predator","PiercingWail"],"picked":"SKIP","floor":22.0},{"not_picked":["Eviscerate","Escape Plan"],"picked":"Acrobatics+1","floor":23.0},{"not_picked":["Distraction+1","Acrobatics"],"picked":"Dash","floor":25.0},{"not_picked":["Caltrops","Slice"],"picked":"PiercingWail+1","floor":27.0},{"not_picked":["Bouncing Flask+1","Outmaneuver+1"],"picked":"Blur+1","floor":29.0},{"not_picked":["Slice","Poisoned Stab"],"picked":"Malaise+1","floor":31.0},{"not_picked":["Malaise+1","Storm of Steel+1"],"picked":"Night Terror+1","floor":33.0},{"not_picked":["Sucker Punch+1","Cloak And Dagger+1"],"picked":"Catalyst+1","floor":35.0},{"not_picked":["Cloak And Dagger+1","Leg Sweep+1"],"picked":"Backflip+1","floor":36.0},{"not_picked":["Dodge and Roll+1","Choke"],"picked":"Calculated Gamble+1","floor":37.0},{"not_picked":["Eviscerate+1","Finisher"],"picked":"Blur+1","floor":38.0},{"not_picked":["Underhanded Strike+1","Flechettes","Crippling Poison+1"],"picked":"SKIP","floor":40.0},{"not_picked":["PiercingWail+1","Blur+1","Heel Hook"],"picked":"SKIP","floor":41},{"not_picked":["Blade Dance+1","Acrobatics+1"],"picked":"After Image","floor":45},{"not_picked":["Infinite Blades","Bane","Dagger Throw"],"picked":"Singing Bowl","floor":47},{"not_picked":["Heel Hook+1","All Out Attack+1","Skewer"],"picked":"Singing Bowl","floor":48},{"not_picked":["Expertise+1","Dagger Spray","Glass Knife"],"picked":"Singing Bowl","floor":54}],"player_experience":285712,"relics_obtained":[{"floor":6.0,"key":"Potion Belt"},{"floor":9.0,"key":"Tiny Chest"},{"floor":10.0,"key":"Whetstone"},{"floor":13.0,"key":"Orichalcum"},{"floor":23.0,"key":"Letter Opener"},{"floor":25.0,"key":"Toxic Egg 2"},{"floor":26.0,"key":"Gremlin Horn"},{"floor":27.0,"key":"Vajra"},{"floor":31.0,"key":"Dream Catcher"},{"floor":40.0,"key":"Shuriken"},{"floor":45,"key":"Singing Bowl"},{"floor":54,"key":"Happy Flower"}],"event_choices":[{"damage_healed":0.0,"max_hp_gain":5.0,"max_hp_loss":0.0,"gold_gain":0.0,"event_name":"Big Fish","player_choice":"Donut","floor":5.0,"gold_loss":0.0,"damage_taken":0.0},{"damage_healed":0.0,"max_hp_gain":0.0,"max_hp_loss":0.0,"gold_gain":0.0,"event_name":"Shining Light","player_choice":"Entered Light","floor":8.0,"gold_loss":0.0,"damage_taken":15.0,"cards_upgraded":["PiercingWail","Backflip"]},{"damage_healed":0.0,"max_hp_gain":0.0,"max_hp_loss":0.0,"gold_gain":100.0,"event_name":"Golden Shrine","player_choice":"Pray","floor":21.0,"gold_loss":0.0,"damage_taken":0.0},{"damage_healed":0.0,"max_hp_gain":0.0,"max_hp_loss":0.0,"gold_gain":0.0,"event_name":"Mysterious Sphere","player_choice":"Ignored","floor":39.0,"gold_loss":0.0,"damage_taken":0.0}],"is_beta":false,"boss_relics":[{"not_picked":["Cursed Key","HoveringKite"],"picked":"Velvet Choker"},{"not_picked":["Eternal Feather","Snecko Eye"],"picked":"Ring of the Serpent"}],"items_purged_floors":[46],"is_endless":false,"potions_floor_spawned":[1,2,13,14,16,22,25,29,31,33,35,40,48,54],"ascension_level":10}