{"gold_per_floor":[218,183,193,193,211,211,238,16,16,32,50,62,62,77,77,180,180,191,177,177,193,292,292,309,16,16,0,0],"floor_reached":28,"playtime":1082,"items_purged":["Strike_B"],"score":222,"play_id":"7de7c1dc-62d3-422d-8ac3-93ea157fa404","local_time":"20181129161357","is_ascension_mode":false,"campfire_choices":[{"data":"Zap","floor":6,"key":"SMITH"},{"floor":13,"key":"REST"},{"floor":15,"key":"REST"},{"data":"Sunder","floor":23,"key":"SMITH"}],"neow_cost":"NONE","seed_source_timestamp":1093989199103248,"circlet_count":0,"master_deck":["Strike_B","Strike_B","Strike_B","Defend_B","Defend_B","Defend_B","Defend_B","Zap+1","Dualcast","Hologram","Glacier","Genetic Algorithm","Steam","Steam","Sweeping Beam","Rebound","Sunder+1","Beam Cell","FTL","Seek","Steam","Rebound","Steam Power","FTL+1","Loop"],"relics":["Cracked Core","Peace Pipe","PreservedInsect","Girya","Eternal Feather","Happy Flower","Bottled Lightning"],"potions_floor_usage":[28,28,28],"damage_taken":[{"damage":12,"enemies":"2 Louse","floor":1,"turns":2},{"damage":5,"enemies":"Small Slimes","floor":3,"turns":4},{"damage":0,"enemies":"Cultist","floor":5,"turns":4},{"damage":21,"enemies":"3 Sentries","floor":7,"turns":9},{"damage":0,"enemies":"Large Slime","floor":10,"turns":7},{"damage":0,"enemies":"Lots of Slimes","floor":11,"turns":3},{"damage":20,"enemies":"Exordium Thugs","floor":12,"turns":5},{"damage":1,"enemies":"Blue Slaver","floor":14,"turns":3},{"damage":44,"enemies":"Hexaghost","floor":16,"turns":12},{"damage":17,"enemies":"3 Byrds","floor":18,"turns":5},{"damage":21,"enemies":"2 Thieves","floor":19,"turns":4},{"damage":12,"enemies":"3 Cultists","floor":21,"turns":5},{"damage":47,"enemies":"Sentry and Sphere","floor":24,"turns":8},{"damage":28,"enemies":"Shelled Parasite and Fungi","floor":28,"turns":4}],"seed_played":"5605930418189662552","potions_obtained":[{"floor":5,"key":"Explosive Potion"},{"floor":11,"key":"Dexterity Potion"},{"floor":12,"key":"Fire Potion"}],"is_trial":false,"path_per_floor":["M","?","M","?","M","R","E","$","T","M","M","M","R","M","R","B",null,"M","M","?","M","?","R","M","$","T","?","M"],"character_chosen":"DEFECT","items_purchased":["PreservedInsect","Steam","Sweeping Beam","Happy Flower","Loop"],"campfire_rested":2,"item_purchase_floors":[8,8,8,25,25],"current_hp_per_floor":[63,75,70,63,63,63,42,42,42,42,42,22,44,43,65,21,75,58,37,75,63,63,75,28,28,28,28,0],"gold":0,"neow_bonus":"HUNDRED_GOLD","is_prod":false,"is_daily":false,"chose_seed":false,"campfire_upgraded":2,"win_rate":0.0,"timestamp":1543529637,"path_taken":["M","?","M","?","M","R","E","$","T","M","?","M","R","M","R","BOSS","M","M","?","?","?","R","M","$","T","?","M"],"build_version":"2018-11-15","purchased_purges":1,"victory":false,"max_hp_per_floor":[75,75,75,75,75,75,75,75,75,75,75,75,75,75,75,75,75,75,75,75,75,75,75,75,75,75,75,75],"card_choices":[{"not_picked":["Beam Cell","Scrape"],"picked":"Hologram","floor":1},{"not_picked":["Stack","Conserve Battery"],"picked":"Glacier","floor":3},{"not_picked":["Force Field","Reinforced Body"],"picked":"Genetic Algorithm","floor":5},{"not_picked":["Turbo","Rip and Tear"],"picked":"Steam","floor":7},{"not_picked":["Cold Snap","Hologram"],"picked":"Rebound","floor":10},{"not_picked":["Steam","Chill"],"picked":"Sunder","floor":11},{"not_picked":["Redo","Cold Snap"],"picked":"Beam Cell","floor":12},{"not_picked":["Stack","Cold Snap"],"picked":"FTL","floor":14},{"not_picked":["Rainbow","Buffer"],"picked":"Seek","floor":16},{"not_picked":["Coolheaded+1","Turbo"],"picked":"Steam","floor":18},{"not_picked":["Recycle","Compile Driver"],"picked":"Rebound","floor":19},{"not_picked":["Chill","Go for the Eyes"],"picked":"Steam Power","floor":21},{"not_picked":["Hello World+1","Compile Driver"],"picked":"FTL+1","floor":24}],"player_experience":94272,"relics_obtained":[{"floor":7,"key":"Peace Pipe"},{"floor":9,"key":"Girya"},{"floor":26,"key":"Bottled Lightning"}],"event_choices":[{"damage_healed":18,"gold_gain":0,"player_choice":"Healed","damage_taken":0,"max_hp_gain":0,"max_hp_loss":0,"event_name":"The Cleric","floor":2,"gold_loss":35},{"damage_healed":0,"gold_gain":0,"player_choice":"Damaged","damage_taken":7,"max_hp_gain":0,"max_hp_loss":0,"event_name":"Wheel of Change","floor":4,"gold_loss":0},{"damage_healed":38,"gold_gain":0,"player_choice":"Full Heal","damage_taken":0,"max_hp_gain":0,"max_hp_loss":0,"event_name":"Wheel of Change","floor":20,"gold_loss":0},{"damage_healed":0,"gold_gain":99,"player_choice":"Stole From Cult","damage_taken":0,"max_hp_gain":0,"max_hp_loss":0,"event_name":"Nest","floor":22,"gold_loss":0},{"damage_healed":0,"gold_gain":0,"player_choice":"Paid Fearfully","damage_taken":0,"max_hp_gain":0,"max_hp_loss":0,"event_name":"Masked Bandits","floor":27,"gold_loss":16}],"is_beta":false,"boss_relics":[{"not_picked":["Runic Pyramid","Astrolabe"],"picked":"Eternal Feather"}],"items_purged_floors":[25],"is_endless":false,"potions_floor_spawned":[5,11,12,14,16,19,24],"killed_by":"Shelled Parasite and Fungi","ascension_level":0}