{"gold_per_floor":[111,111,111,111,111,150,150,171,241,265,265,279,317,332,332,463,526,549,549,588,588,606,644,644,662,713,495,528,543,563,577,577,708,708,726,377,391,410,632,673,687,711,711,755,779,799,799],"floor_reached":47,"playtime":2749,"items_purged":["Regret"],"score":648,"play_id":"66d68f5e-6ffa-474b-acc6-ffa6528c2a2e","local_time":"20181025021810","is_ascension_mode":true,"campfire_choices":[{"data":"Exhume","floor":7,"key":"SMITH"},{"data":"Anger","floor":11,"key":"SMITH"},{"data":"Uppercut","floor":15,"key":"SMITH"},{"floor":24,"key":"REST"},{"data":"Pommel Strike","floor":32,"key":"SMITH"}],"neow_cost":"NONE","seed_source_timestamp":94887152602928,"circlet_count":0,"master_deck":["Strike_R","Strike_R+1","Strike_R","Strike_R+1","Defend_R","Defend_R","Defend_R","Defend_R","Bash+1","Iron Wave","Exhume+1","Anger+1","Iron Wave","Headbutt","Flame Barrier","Uppercut+1","Immolate+1","Battle Trance+1","Anger+1","Pommel Strike+1","Immolate","Immolate","Pommel Strike+1","Headbutt","Headbutt+1","Flex+1","Pommel Strike+1","Anger+1"],"relics":["Burning Blood","NeowsBlessing","Meat on the Bone","Golden Idol","Ornamental Fan","Mummified Hand","Kunai","Tiny House","Red Mask","Dream Catcher","Potion Belt","Bag of Marbles","Lantern","Fusion Hammer","Happy Flower","Lee\u0027s Waffle","Boot","Ancient Tea Set","Gremlin Horn"],"potions_floor_usage":[16,18,20,20,23,29,30,33,33,33,42,44,46],"damage_taken":[{"damage":0,"enemies":"Small Slimes","floor":1,"turns":1},{"damage":0,"enemies":"Gremlin Nob","floor":6,"turns":1},{"damage":0,"enemies":"Cultist","floor":8,"turns":1},{"damage":15,"enemies":"Jaw Worm","floor":10,"turns":2},{"damage":8,"enemies":"2 Fungi Beasts","floor":12,"turns":4},{"damage":9,"enemies":"3 Sentries","floor":13,"turns":7},{"damage":6,"enemies":"Blue Slaver","floor":14,"turns":5},{"damage":27,"enemies":"Hexaghost","floor":16,"turns":10},{"damage":4,"enemies":"Chosen","floor":18,"turns":4},{"damage":12,"enemies":"Masked Bandits","floor":20,"turns":5},{"damage":16,"enemies":"2 Thieves","floor":22,"turns":4},{"damage":55,"enemies":"Slavers","floor":23,"turns":4},{"damage":13,"enemies":"Snecko","floor":25,"turns":3},{"damage":28,"enemies":"Book of Stabbing","floor":28,"turns":5},{"damage":1,"enemies":"Sentry and Sphere","floor":29,"turns":3},{"damage":0,"enemies":"Cultist and Chosen","floor":30,"turns":3},{"damage":0,"enemies":"Snake Plant","floor":31,"turns":3},{"damage":45,"enemies":"Automaton","floor":33,"turns":8},{"damage":0,"enemies":"3 Darklings","floor":35,"turns":2},{"damage":12,"enemies":"3 Shapes","floor":37,"turns":1},{"damage":12,"enemies":"Writhing Mass","floor":38,"turns":3},{"damage":14,"enemies":"Reptomancer","floor":40,"turns":3},{"damage":6,"enemies":"3 Darklings","floor":41,"turns":4},{"damage":28,"enemies":"Maw","floor":42,"turns":7},{"damage":49,"enemies":"Nemesis","floor":44,"turns":5},{"damage":16,"enemies":"4 Shapes","floor":45,"turns":2},{"damage":18,"enemies":"Jaw Worm Horde","floor":46,"turns":3},{"damage":16,"enemies":"Giant Head","floor":47,"turns":7}],"seed_played":"-163655304085175063","potions_obtained":[{"floor":6,"key":"GamblersBrew"},{"floor":12,"key":"Block Potion"},{"floor":14,"key":"Poison Potion"},{"floor":16,"key":"Poison Potion"},{"floor":17,"key":"EssenceOfSteel"},{"floor":19,"key":"Fire Potion"},{"floor":20,"key":"Strength Potion"},{"floor":23,"key":"Strength Potion"},{"floor":28,"key":"Explosive Potion"},{"floor":29,"key":"AttackPotion"},{"floor":31,"key":"Poison Potion"},{"floor":33,"key":"Ancient Potion"},{"floor":38,"key":"Ancient Potion"},{"floor":40,"key":"Dexterity Potion"},{"floor":41,"key":"PowerPotion"},{"floor":45,"key":"PowerPotion"}],"is_trial":false,"path_per_floor":["M","?","?","?","?","E","R","M","T","M","R","M","E","M","R","B",null,"M","?","?","?","M","E","R","M","T","$","E","M","M","M","R","B",null,"M","$","M","M","?","E","M","M","T","E","M","M"],"character_chosen":"IRONCLAD","items_purchased":["Bag of Marbles","Happy Flower","Lee\u0027s Waffle"],"campfire_rested":1,"item_purchase_floors":[27,36,36],"current_hp_per_floor":[80,80,64,64,44,50,50,56,56,47,47,57,54,54,54,45,85,85,85,79,79,69,32,57,50,50,50,40,57,63,69,69,42,85,85,92,86,80,80,72,72,62,62,31,33,33,17],"gold":799,"neow_bonus":"THREE_ENEMY_KILL","is_prod":false,"is_daily":false,"chose_seed":false,"campfire_upgraded":4,"win_rate":0,"timestamp":1540451890,"path_taken":["M","?","?","?","?","E","R","?","T","M","R","M","E","M","R","BOSS","M","?","?","?","M","E","R","M","T","$","E","M","M","M","R","BOSS","M","$","M","M","?","E","M","M","T","E","M","M","E"],"build_version":"2018-10-18","purchased_purges":1,"victory":false,"max_hp_per_floor":[80,80,80,80,80,80,80,80,80,80,80,80,80,80,80,80,85,85,85,85,85,85,85,85,85,85,85,85,85,85,85,85,85,85,85,92,92,92,92,92,92,92,92,92,92,92,92],"card_choices":[{"not_picked":["Shrug It Off","Armaments"],"picked":"Iron Wave","floor":1},{"not_picked":["Warcry","Battle Trance"],"picked":"Exhume","floor":6},{"not_picked":["Havoc","Clothesline"],"picked":"Anger","floor":8},{"not_picked":["Havoc","Sentinel"],"picked":"Iron Wave","floor":10},{"not_picked":["Sword Boomerang","Clash"],"picked":"Headbutt","floor":12},{"not_picked":["Dropkick","Twin Strike"],"picked":"Flame Barrier","floor":13},{"not_picked":["Feel No Pain","Whirlwind"],"picked":"Uppercut","floor":14},{"not_picked":["Feed","Fiend Fire"],"picked":"Immolate","floor":16},{"not_picked":["Thunderclap","Havoc","Clothesline"],"picked":"SKIP","floor":18},{"not_picked":["Heavy Blade","Clothesline","Havoc"],"picked":"SKIP","floor":22},{"not_picked":["Flex","Clash","Sentinel"],"picked":"SKIP","floor":23},{"not_picked":["Sentinel","Barricade"],"picked":"Battle Trance+1","floor":24},{"not_picked":["Armaments","Rage"],"picked":"Anger+1","floor":25},{"not_picked":["Twin Strike+1","Shockwave","Shrug It Off"],"picked":"SKIP","floor":28},{"not_picked":["Perfected Strike","Sentinel+1"],"picked":"Pommel Strike","floor":29},{"not_picked":["Rage+1","Infernal Blade","Twin Strike"],"picked":"SKIP","floor":30},{"not_picked":["True Grit+1","Fire Breathing"],"picked":"Immolate","floor":31},{"not_picked":["Limit Break","Barricade"],"picked":"Immolate","floor":33},{"not_picked":["Blood for Blood+1","Rupture","Twin Strike"],"picked":"SKIP","floor":35},{"not_picked":["Evolve+1","Combust"],"picked":"Pommel Strike+1","floor":37},{"not_picked":["Body Slam+1","Juggernaut"],"picked":"Headbutt","floor":38},{"not_picked":["Body Slam","Ghostly Armor+1"],"picked":"Headbutt+1","floor":40},{"not_picked":["Thunderclap+1","Clash"],"picked":"Flex+1","floor":41},{"not_picked":["Flex","Dropkick"],"picked":"Pommel Strike+1","floor":42},{"not_picked":["Thunderclap","Shockwave+1"],"picked":"Anger+1","floor":44},{"not_picked":["Juggernaut","Twin Strike","Iron Wave"],"picked":"SKIP","floor":45},{"not_picked":["Sentinel","Warcry","Pommel Strike"],"picked":"SKIP","floor":46}],"player_experience":191821,"relics_obtained":[{"floor":6,"key":"Ornamental Fan"},{"floor":9,"key":"Mummified Hand"},{"floor":13,"key":"Kunai"},{"floor":20,"key":"Red Mask"},{"floor":23,"key":"Dream Catcher"},{"floor":26,"key":"Potion Belt"},{"floor":28,"key":"Lantern"},{"floor":40,"key":"Boot"},{"floor":43,"key":"Ancient Tea Set"},{"floor":44,"key":"Gremlin Horn"}],"event_choices":[{"cards_removed":["Strike_R"],"damage_healed":0,"gold_gain":0,"player_choice":"Offered Basic","damage_taken":0,"max_hp_gain":0,"max_hp_loss":0,"event_name":"Bonfire Elementals","floor":2,"gold_loss":0},{"damage_healed":0,"gold_gain":0,"player_choice":"Entered Light","damage_taken":16,"max_hp_gain":0,"max_hp_loss":0,"event_name":"Shining Light","floor":3,"gold_loss":0,"cards_upgraded":["Bash","Strike_R"]},{"damage_healed":0,"gold_gain":0,"player_choice":"Box","damage_taken":0,"relics_obtained":["Meat on the Bone"],"max_hp_gain":0,"max_hp_loss":0,"event_name":"Big Fish","floor":4,"gold_loss":0,"cards_obtained":["Regret"]},{"damage_healed":0,"gold_gain":0,"player_choice":"Take Damage","damage_taken":20,"relics_obtained":["Golden Idol"],"max_hp_gain":0,"max_hp_loss":0,"event_name":"Golden Idol","floor":5,"gold_loss":0},{"damage_healed":0,"gold_gain":0,"player_choice":"Got Potions","damage_taken":0,"max_hp_gain":0,"max_hp_loss":0,"event_name":"The Lab","floor":19,"gold_loss":0},{"damage_healed":0,"gold_gain":0,"player_choice":"Fought Bandits","damage_taken":0,"max_hp_gain":0,"max_hp_loss":0,"event_name":"Masked Bandits","floor":20,"gold_loss":0},{"damage_healed":0,"gold_gain":0,"player_choice":"Forge","damage_taken":0,"max_hp_gain":0,"max_hp_loss":0,"event_name":"Accursed Blacksmith","floor":21,"gold_loss":0,"cards_upgraded":["Immolate"]},{"damage_healed":0,"gold_gain":222,"player_choice":"Wore Mask","damage_taken":0,"max_hp_gain":0,"max_hp_loss":0,"event_name":"Tomb of Lord Red Mask","floor":39,"gold_loss":0}],"is_beta":false,"boss_relics":[{"not_picked":["Runic Pyramid","Velvet Choker"],"picked":"Tiny House"},{"not_picked":["Astrolabe","Philosopher\u0027s Stone"],"picked":"Fusion Hammer"}],"items_purged_floors":[27],"is_endless":false,"potions_floor_spawned":[6,12,14,16,20,23,28,29,31,33,38,40,41,45],"killed_by":"Giant Head","ascension_level":2}