{"gold_per_floor":[115,132,99,99,64,38,73,73,73,94,94,110,131,150,150,279,279,298,287,11,31,31,31,50,50,50,50,65,80,34,34],"floor_reached":31,"playtime":7728,"items_purged":[],"score":239,"play_id":"99d36722-5686-49db-81fd-85c56f658be3","local_time":"20190309115506","is_ascension_mode":false,"campfire_choices":[{"floor":11.0,"key":"REST"},{"floor":15.0,"key":"REST"},{"floor":23.0,"key":"REST"},{"floor":25.0,"key":"REST"}],"neow_cost":"NONE","seed_source_timestamp":0,"circlet_count":0,"master_deck":["Strike_R","Strike_R","Strike_R","Strike_R","Defend_R","Defend_R","Defend_R","Defend_R","Bash","Infernal Blade","Clash","Shrug It Off","Warcry","Anger","Iron Wave","Barricade","Body Slam","Dual Wield","Armaments","Reaper","Headbutt","Intimidate","Armaments","Thunderclap","Headbutt","True Grit","Headbutt","Ghostly Armor","Flex"],"special_seed":0,"relics":["Burning Blood","Golden Idol","StoneCalendar","Matryoshka","Runic Cube","Self Forming Clay","Mummified Hand","Bag of Marbles"],"potions_floor_usage":[29,29],"damage_taken":[{"damage":7.0,"enemies":"Jaw Worm","floor":1.0,"turns":4.0},{"damage":0.0,"enemies":"Small Slimes","floor":2.0,"turns":4.0},{"damage":42.0,"enemies":"Lagavulin","floor":7.0,"turns":8.0},{"damage":4.0,"enemies":"Cultist","floor":10.0,"turns":4.0},{"damage":14.0,"enemies":"Large Slime","floor":12.0,"turns":7.0},{"damage":8.0,"enemies":"Lots of Slimes","floor":13.0,"turns":4.0},{"damage":8.0,"enemies":"3 Louse","floor":14.0,"turns":5.0},{"damage":52.0,"enemies":"The Guardian","floor":16.0,"turns":13.0},{"damage":41.0,"enemies":"3 Byrds","floor":18.0,"turns":7.0},{"damage":27.0,"enemies":"2 Thieves","floor":19.0,"turns":4.0},{"damage":11.0,"enemies":"Cultist and Chosen","floor":21.0,"turns":9.0},{"damage":37.0,"enemies":"Centurion and Healer","floor":24.0,"turns":6.0},{"damage":19.0,"enemies":"Snake Plant","floor":28.0,"turns":6.0},{"damage":30,"enemies":"Sentry and Sphere","floor":29,"turns":7},{"damage":23,"enemies":"3 Cultists","floor":31,"turns":4}],"seed_played":"6439672558816735197","potions_obtained":[{"floor":10.0,"key":"Ancient Potion"},{"floor":13.0,"key":"PowerPotion"},{"floor":16.0,"key":"SpeedPotion"},{"floor":19.0,"key":"Regen Potion"},{"floor":28.0,"key":"Swift Potion"},{"floor":29,"key":"Poison Potion"}],"is_trial":false,"path_per_floor":["?","?","?","$","?","M","?","M","?"],"character_chosen":"IRONCLAD","items_purchased":["Warcry","Self Forming Clay","Armaments","Flex"],"campfire_rested":4,"item_purchase_floors":[6,20,20,30],"current_hp_per_floor":[79,80,80,74,74,74,38,38,38,40,62,54,52,50,72,26,74,45,24,24,19,19,41,10,32,32,32,34,10,10,0],"gold":34,"neow_bonus":"THREE_CARDS","is_prod":false,"is_daily":false,"chose_seed":false,"campfire_upgraded":0,"win_rate":0.0,"timestamp":1552128906,"path_taken":["M","M","?","?","?","?","E","?","T","M","R","M","M","M","R","BOSS","M","?","$","M","?","R","?","R","T","?","M","M","$","M"],"build_version":"2019-01-23","purchased_purges":0,"victory":false,"max_hp_per_floor":[80,80,80,74,74,74,74,74,74,74,74,74,74,74,74,74,74,74,74,74,74,74,74,74,74,74,74,74,74,74,74],"card_choices":[{"not_picked":["Hemokinesis","Bloodletting"],"picked":"Infernal Blade","floor":0.0},{"not_picked":["Body Slam","True Grit"],"picked":"Clash","floor":1.0},{"not_picked":["Twin Strike","Corruption"],"picked":"Shrug It Off","floor":2.0},{"not_picked":["Pommel Strike","Clothesline"],"picked":"Anger","floor":7.0},{"not_picked":["Pommel Strike","Headbutt"],"picked":"Barricade","floor":10.0},{"not_picked":["Anger","Cleave"],"picked":"Body Slam","floor":12.0},{"not_picked":["Warcry","Cleave"],"picked":"Dual Wield","floor":13.0},{"not_picked":["Reckless Charge","Corruption"],"picked":"Armaments","floor":14.0},{"not_picked":["Fiend Fire","Feed"],"picked":"Reaper","floor":16.0},{"not_picked":["Twin Strike","Seeing Red"],"picked":"Headbutt","floor":18.0},{"not_picked":["Shrug It Off","Whirlwind"],"picked":"Intimidate","floor":19.0},{"not_picked":["Seeing Red","Bloodletting+1"],"picked":"Thunderclap","floor":21.0},{"not_picked":["Rupture","Sword Boomerang"],"picked":"True Grit","floor":24.0},{"not_picked":["Thunderclap","Twin Strike"],"picked":"Headbutt","floor":28.0},{"not_picked":["Rupture+1","Shockwave"],"picked":"Ghostly Armor","floor":29}],"player_experience":22430,"relics_obtained":[{"floor":7.0,"key":"StoneCalendar"},{"floor":9.0,"key":"Matryoshka"},{"floor":26.0,"key":"Mummified Hand"},{"floor":26.0,"key":"Bag of Marbles"}],"event_choices":[{"damage_healed":0.0,"max_hp_gain":0.0,"max_hp_loss":0.0,"gold_gain":0.0,"event_name":"World of Goop","player_choice":"Left Gold","floor":3.0,"gold_loss":33.0,"damage_taken":0.0},{"damage_healed":0.0,"max_hp_gain":0.0,"max_hp_loss":6.0,"gold_gain":0.0,"event_name":"Golden Idol","player_choice":"Lose Max HP","floor":4.0,"gold_loss":0.0,"damage_taken":0.0,"relics_obtained":["Golden Idol"]},{"damage_healed":18.0,"max_hp_gain":0.0,"max_hp_loss":0.0,"gold_gain":0.0,"event_name":"The Cleric","player_choice":"Healed","floor":5.0,"gold_loss":35.0,"damage_taken":0.0},{"damage_healed":0.0,"max_hp_gain":0.0,"max_hp_loss":0.0,"gold_gain":0.0,"cards_transformed":["Strike_R"],"event_name":"Transmorgrifier","player_choice":"Transformed","floor":8.0,"gold_loss":0.0,"damage_taken":0.0,"cards_obtained":["Iron Wave"]},{"damage_healed":0.0,"max_hp_gain":0.0,"max_hp_loss":0.0,"gold_gain":0.0,"event_name":"Duplicator","player_choice":"Copied","floor":22.0,"gold_loss":0.0,"damage_taken":0.0,"cards_obtained":["Headbutt"]},{"damage_healed":0.0,"max_hp_gain":0.0,"max_hp_loss":0.0,"gold_gain":0.0,"event_name":"Lab","player_choice":"Got Potions","floor":27.0,"gold_loss":0.0,"damage_taken":0.0}],"is_beta":false,"boss_relics":[{"not_picked":["Philosopher\u0027s Stone","Black Star"],"picked":"Runic Cube"}],"items_purged_floors":[],"is_endless":false,"potions_floor_spawned":[10,13,16,19,21,28,29],"killed_by":"3 Cultists","ascension_level":0}