{"path_per_floor":["M","$","M","M","M","R","?","R","T","M","R","M","M","?","R","B",null,"M","M","?","?","$","R","M","R","T","R","M","M","M","M","R","B",null,"M","?","$","T","M","R","E","M","T","M","R","M","R","M","R","B"],"character_chosen":"THE_SILENT","items_purchased":["Tough Bandages","Noxious Fumes"],"gold_per_floor":[115,40,57,74,87,87,112,112,112,128,128,141,152,152,152,257,257,277,287,287,377,78,78,89,89,89,89,104,115,127,139,139,242,272,287,0,0,0,17,17,50,69,139,155,155,171,171,182,182,182],"floor_reached":51,"campfire_rested":4,"playtime":4009,"current_hp_per_floor":[66,66,66,66,49,70,57,57,57,54,70,68,66,52,52,53,70,59,59,59,45,45,45,39,39,39,60,58,45,45,45,45,67,70,70,70,70,70,65,65,28,23,23,25,25,26,47,49,49,5],"items_purged":["Strike_G"],"gold":182,"play_id":"aca42969-7ee8-40b3-a326-6d4220d5d3b0","is_prod":false,"is_daily":false,"is_ascension_mode":false,"campfire_upgraded":1,"path_taken":["M","$","?","M","M","R","?","R","T","M","R","M","?","?","R","BOSS","M","M","?","?","$","R","M","R","T","R","M","M","M","M","R","BOSS","M","?","?","?","M","R","E","M","T","M","R","M","R","M","R","BOSS"],"build_version":"2018-02-01-PROD3","purchased_purges":1,"victory":true,"master_deck":["Defend_G","Defend_G","Defend_G","Defend_G","Defend_G","Strike_G","Strike_G","Strike_G","Survivor","Neutralize","Flying Knee","Wraith Form+1","Poisoned Stab+1","Deadly Poison","Noxious Fumes+1","PiercingWail","Calculated Gamble","Acrobatics","Venomology","Well Laid Plans","Writhe","Noxious Fumes","Backflip+1","Clumsy","Backflip","Deadly Poison+1","After Image","Doubt","Injury","Injury","Backflip+1","Regret","Acrobatics+1","Acrobatics","Pain","Backflip+1","Noxious Fumes+1"],"max_hp_per_floor":[70,70,70,70,70,70,70,70,70,70,70,70,70,70,70,70,70,70,70,70,70,70,70,70,70,70,70,70,70,70,70,70,70,70,70,70,70,70,70,70,70,70,70,70,70,70,70,70,70,70],"relics":["Ring of the Snake","Odd Mushroom","Shovel","Pantograph","Cursed Key","Ice Cream","Tough Bandages","Oddly Smooth Stone","Letter Opener","Gambling Chip","Anchor","Calling Bell","Tiny Chest","Ancient Tea Set","Toolbox","Red Mask","Bag of Marbles","Blood Vial","Happy Flower","Bottled Flame","Lantern","Centennial Puzzle"],"card_choices":[{"not_picked":["Dagger Throw","Endless Agony"],"picked":"Flying Knee"},{"not_picked":["Poisoned Stab","Blade Dance"],"picked":"Wraith Form"},{"not_picked":["Sucker Punch","Flying Knee"],"picked":"Poisoned Stab"},{"not_picked":["Quick Slash","Slice"],"picked":"Deadly Poison"},{"not_picked":["Finisher","Leg Sweep"],"picked":"Noxious Fumes"},{"not_picked":["Flying Knee","All Out Attack"],"picked":"PiercingWail"},{"not_picked":["Bouncing Flask","Riddle With Holes"],"picked":"Calculated Gamble"},{"not_picked":["Poisoned Stab","Phantasmal Killer"],"picked":"Acrobatics"},{"not_picked":["Bullet Time","Phantasmal Killer"],"picked":"Venomology"},{"not_picked":["Poisoned Stab","Dash"],"picked":"Well Laid Plans"},{"not_picked":["Terror","Heel Hook"],"picked":"Backflip"},{"not_picked":["Dagger Throw","Slice"],"picked":"Backflip"},{"not_picked":["All Out Attack","Poisoned Stab"],"picked":"Deadly Poison"},{"not_picked":["Venomology","Die Die Die"],"picked":"After Image"},{"not_picked":["Dodge and Roll","Predator"],"picked":"Backflip"},{"not_picked":["Malaise","Flying Knee"],"picked":"Acrobatics"},{"not_picked":["Sucker Punch","Flying Knee"],"picked":"Acrobatics"},{"not_picked":["Burst","Noxious Fumes"],"picked":"Backflip"},{"not_picked":["Calculated Gamble","Crippling Poison"],"picked":"Noxious Fumes"}],"player_experience":55908,"potions_floor_usage":[5,7,10,16,16,24,24,24,24,29,31,33,33,33,33,39,41,41,41,46,48,50,50,50,50],"damage_taken":[{"damage":4,"enemies":"Blue Slaver","floor":1,"turns":6},{"damage":0,"enemies":"Jaw Worm","floor":3,"turns":6},{"damage":0,"enemies":"2 Louse","floor":4,"turns":4},{"damage":17,"enemies":"Exordium Thugs","floor":5,"turns":6},{"damage":13,"enemies":"The Mushroom Lair","floor":7,"turns":6},{"damage":12,"enemies":"Red Slaver","floor":10,"turns":4},{"damage":2,"enemies":"2 Fungi Beasts","floor":12,"turns":5},{"damage":2,"enemies":"3 Louse","floor":13,"turns":4},{"damage":17,"enemies":"Slime Boss","floor":16,"turns":8},{"damage":11,"enemies":"Spheric Guardian","floor":18,"turns":4},{"damage":0,"enemies":"3 Byrds","floor":19,"turns":4},{"damage":6,"enemies":"Centurion and Healer","floor":24,"turns":5},{"damage":2,"enemies":"Snecko","floor":28,"turns":4},{"damage":13,"enemies":"3 Cultists","floor":29,"turns":5},{"damage":0,"enemies":"Cultist and Chosen","floor":30,"turns":6},{"damage":0,"enemies":"Snecko","floor":31,"turns":4},{"damage":3,"enemies":"Collector","floor":33,"turns":7},{"damage":0,"enemies":"3 Shapes","floor":35,"turns":5},{"damage":5,"enemies":"3 Darklings","floor":39,"turns":5},{"damage":39,"enemies":"2 Orb Walkers","floor":41,"turns":5},{"damage":7,"enemies":"Maw","floor":42,"turns":8},{"damage":0,"enemies":"4 Shapes","floor":44,"turns":5},{"damage":1,"enemies":"3 Darklings","floor":46,"turns":5},{"damage":0,"enemies":"Sphere and 2 Shapes","floor":48,"turns":4},{"damage":65,"enemies":"Awakened One","floor":50,"turns":12}],"event_choices":[{"event_name":"Mushrooms","player_choice":"Fought Mushrooms","floor":7,"damage_taken":0},{"event_name":"Shining Light","player_choice":"Entered Light","floor":14,"damage_taken":0},{"event_name":"The Mausoleum","player_choice":"Yes","floor":20,"damage_taken":0},{"event_name":"Knowing Skull","player_choice":"GOLD ","floor":21,"damage_taken":0},{"event_name":"Tomb of Lord Red Mask","player_choice":"Paid","floor":36,"damage_taken":0}],"boss_relics":[{"not_picked":["Question Card","Lizard Tail"],"picked":"Cursed Key"},{"not_picked":["Velvet Choker","Sozu"],"picked":"Calling Bell"}],"potions_floor_spawned":[3,5,7,12,13,18,28,39,42,44,48],"seed_played":"952702311759897617","ascension_level":0,"is_trial":false}