{"path_per_floor":["M","M","?","?","T","R","E","$","T","E","?","M","M","?","R","B",null,"M","?","M","M","?","R"],"character_chosen":"THE_SILENT","items_purchased":["Footwork","Purity"],"gold_per_floor":[109,127,127,127,127,127,158,20,43,68,68,79,92,42,42,139,139,149,180,155,168,83,83],"floor_reached":24,"campfire_rested":0,"playtime":2384,"current_hp_per_floor":[68,68,68,68,68,68,58,58,65,50,50,50,46,46,46,40,77,72,42,37,37,37,37],"items_purged":[],"gold":83,"score":204,"play_id":"6946d7d3-f084-46f9-b4ae-d2793228d02d","is_prod":false,"is_daily":false,"is_ascension_mode":false,"campfire_upgraded":3,"path_taken":["M","M","?","?","?","R","E","$","T","E","?","?","M","?","R","BOSS","M","?","?","M","?","R","E"],"build_version":"2018-02-08-BETA1","purchased_purges":2,"victory":false,"master_deck":["Defend_G","Defend_G","Defend_G","Defend_G","Defend_G","Strike_G","Strike_G","Strike_G","Strike_G","Survivor","Neutralize+1","Reflex","Prepared+1","Footwork","Footwork","Purity","Prepared","Underhanded Strike","PiercingWail","Wraith Form","Acrobatics","Sucker Punch+1","Outmaneuver+1","Cloak And Dagger+1"],"max_hp_per_floor":[70,70,70,70,70,70,70,70,77,77,77,77,77,77,77,77,77,77,77,77,77,77,77],"relics":["Ring of the Snake","Paper Crane","Gambling Chip","Toolbox","Strawberry","Lantern","Question Card","Red Mask","Snake Skull"],"card_choices":[{"not_picked":["Heel Hook","Slice"],"picked":"Reflex"},{"not_picked":["Eviscerate","Flying Knee"],"picked":"Prepared"},{"not_picked":["Dagger Spray","Dagger Throw"],"picked":"Footwork"},{"not_picked":["Riddle With Holes","Endless Agony"],"picked":"Prepared"},{"not_picked":["Venomology","Deflect"],"picked":"Underhanded Strike"},{"not_picked":["Poisoned Stab","Bouncing Flask"],"picked":"PiercingWail"},{"not_picked":["Tools of the Trade","Venomology"],"picked":"Wraith Form"},{"not_picked":["Expertise","Blade Dance","Outmaneuver"],"picked":"Acrobatics"},{"not_picked":["Backflip","Deflect","Acrobatics"],"picked":"Sucker Punch"},{"not_picked":["Poisoned Stab","Accuracy","Sucker Punch"],"picked":"Outmaneuver"},{"not_picked":["Flechettes","Masterful Stab","Deadly Poison"],"picked":"Cloak And Dagger"}],"player_experience":93148,"potions_floor_usage":[7,7,19,19,24],"damage_taken":[{"damage":2,"enemies":"Small Slimes","floor":1,"turns":5},{"damage":0,"enemies":"2 Louse","floor":2,"turns":3},{"damage":10,"enemies":"Lagavulin","floor":7,"turns":8},{"damage":15,"enemies":"Gremlin Nob","floor":10,"turns":7},{"damage":0,"enemies":"Blue Slaver","floor":12,"turns":4},{"damage":4,"enemies":"3 Louse","floor":13,"turns":7},{"damage":6,"enemies":"The Guardian","floor":16,"turns":30},{"damage":5,"enemies":"Shell Parasite","floor":18,"turns":13},{"damage":45,"enemies":"Masked Bandits","floor":19,"turns":9},{"damage":5,"enemies":"2 Thieves","floor":20,"turns":5},{"damage":0,"enemies":"Snake Plant","floor":21,"turns":7},{"damage":43,"enemies":"Gremlin Leader","floor":24,"turns":7}],"event_choices":[{"event_name":"Big Fish","player_choice":"Box","floor":3,"damage_taken":0},{"event_name":"The Woman in Blue","player_choice":"Bought 0 Potions","floor":4,"damage_taken":0},{"event_name":"Living Wall","player_choice":"Forget","floor":11,"damage_taken":0},{"event_name":"The Cleric","player_choice":"Card Removal","floor":14,"damage_taken":0},{"event_name":"Masked Bandits","player_choice":"Fought over 149 gold","floor":19,"damage_taken":0},{"event_name":"Addict","player_choice":"Obtained Relic","floor":22,"damage_taken":0}],"boss_relics":[{"not_picked":["Velvet Choker","Tiny House"],"picked":"Question Card"}],"potions_floor_spawned":[1,2,10,16,20],"seed_played":"-3673879321627270860","killed_by":"Gremlin Leader","ascension_level":0,"is_trial":false}