{"gold_per_floor":[110,285,285,250,250,250,250,250,250,250,268,268,307,334,346,358],"floor_reached":16,"playtime":633,"items_purged":[],"score":244,"play_id":"09fb78fa-31c9-4f64-809c-fe29252bdc20","local_time":"20190301002003","is_ascension_mode":true,"campfire_choices":[{"data":"Zap","floor":6,"key":"SMITH"},{"data":"Stack","floor":8,"key":"SMITH"},{"floor":15,"key":"REST"}],"neow_cost":"NONE","seed_source_timestamp":948733231395816,"circlet_count":0,"master_deck":["AscendersBane","Strike_B+1","Strike_B+1","Strike_B","Strike_B","Defend_B","Defend_B","Defend_B","Defend_B","Zap+1","Dualcast","Doubt","Normality","Regret","Leap","Stack+1","Doubt","Injury","BootSequence","Leap","Go for the Eyes","Coolheaded"],"special_seed":0,"relics":["Calling Bell","Smiling Mask","Shuriken","Prayer Wheel","Golden Idol","DataDisk","Nunchaku","MawBank","Whetstone"],"potions_floor_usage":[7,16],"damage_taken":[{"damage":19,"enemies":"Jaw Worm","floor":1,"turns":6},{"damage":0,"enemies":"3 Sentries","floor":7,"turns":1},{"damage":6,"enemies":"2 Louse","floor":11,"turns":5},{"damage":8,"enemies":"Small Slimes","floor":14,"turns":6},{"damage":56,"enemies":"Hexaghost","floor":16,"turns":11}],"seed_played":"-4608993535975563673","potions_obtained":[{"floor":1,"key":"SmokeBomb"},{"floor":11,"key":"AttackPotion"},{"floor":14,"key":"FearPotion"}],"is_trial":false,"path_per_floor":["M","?","?","?","?","R","E","R","T","T","M","?","T","M","R","B"],"character_chosen":"DEFECT","items_purchased":[],"campfire_rested":1,"item_purchase_floors":[],"current_hp_per_floor":[49,49,49,67,67,67,67,67,67,67,61,49,49,41,63,7],"gold":358,"neow_bonus":"BOSS_RELIC","is_prod":false,"is_daily":false,"chose_seed":false,"campfire_upgraded":2,"win_rate":0,"timestamp":1551421203,"path_taken":["M","?","?","?","?","R","E","R","T","?","M","?","?","?","R","BOSS"],"build_version":"2019-01-23","purchased_purges":0,"victory":false,"max_hp_per_floor":[75,75,75,75,75,75,75,75,75,75,75,75,75,75,75,75],"card_choices":[{"not_picked":["Hologram","Auto Shields"],"picked":"Leap","floor":1},{"not_picked":["Double Energy","Force Field"],"picked":"Stack","floor":1},{"not_picked":["Streamline","Hologram"],"picked":"BootSequence","floor":11},{"not_picked":["Lockon","Go for the Eyes"],"picked":"Leap","floor":11},{"not_picked":["Heatsinks","Reboot"],"picked":"Go for the Eyes","floor":14},{"not_picked":["Leap","Melter"],"picked":"Coolheaded","floor":14}],"player_experience":581295,"relics_obtained":[{"floor":0.0,"key":"Smiling Mask"},{"floor":0.0,"key":"Shuriken"},{"floor":0.0,"key":"Prayer Wheel"},{"floor":9,"key":"DataDisk"},{"floor":10,"key":"Nunchaku"},{"floor":13,"key":"Whetstone"}],"event_choices":[{"damage_healed":0,"gold_gain":175,"player_choice":"AGREE","damage_taken":0,"max_hp_gain":0,"max_hp_loss":0,"event_name":"Liars Game","floor":2,"gold_loss":0,"cards_obtained":["Doubt"]},{"damage_healed":0,"gold_gain":0,"player_choice":"Take Wound","damage_taken":0,"relics_obtained":["Golden Idol"],"max_hp_gain":0,"max_hp_loss":0,"event_name":"Golden Idol","floor":3,"gold_loss":0,"cards_obtained":["Injury"]},{"damage_healed":18,"gold_gain":0,"player_choice":"Healed","damage_taken":0,"max_hp_gain":0,"max_hp_loss":0,"event_name":"The Cleric","floor":4,"gold_loss":35},{"damage_healed":0,"gold_gain":0,"player_choice":"Ignored","damage_taken":0,"max_hp_gain":0,"max_hp_loss":0,"event_name":"Shining Light","floor":5,"gold_loss":0},{"damage_healed":0,"gold_gain":0,"player_choice":"Success","damage_taken":12,"relics_obtained":["MawBank"],"max_hp_gain":0,"max_hp_loss":0,"event_name":"Scrap Ooze","floor":12,"gold_loss":0}],"is_beta":false,"boss_relics":[],"items_purged_floors":[],"is_endless":false,"potions_floor_spawned":[1,11,14],"killed_by":"Hexaghost","ascension_level":10}