{"gold_per_floor":[114,114,129,142,142,160,175,187,187,204,204,215,228,238,238,337,337,351,276,276,276,276,306,306,100,127,127,127,127,159,169,169,169],"floor_reached":33,"playtime":1648,"items_purged":[],"score":307,"play_id":"4ca82083-db70-4bfc-9a91-129af199c278","local_time":"20181108022151","is_ascension_mode":true,"campfire_choices":[{"data":"Pommel Strike","floor":11,"key":"SMITH"},{"floor":15,"key":"REST"},{"data":"Wild Strike","floor":24,"key":"SMITH"},{"floor":29,"key":"REST"},{"floor":32,"key":"REST"}],"neow_cost":"NONE","seed_source_timestamp":517661907594909,"circlet_count":0,"master_deck":["Strike_R","Defend_R","Defend_R","Defend_R","Defend_R","Bash","Armaments","Rampage","Cleave","Iron Wave","Pommel Strike+1","Iron Wave","Sword Boomerang","Iron Wave","Perfected Strike","Perfected Strike","Reaper","Wild Strike+1","Rampage","Juggernaut","Bludgeon","Body Slam","Perfected Strike+1"],"relics":["Burning Blood","NeowsBlessing","Matryoshka","Mark of Pain","Enchiridion","Anchor","Brimstone","Pen Nib","Blood Vial","Paper Frog","Dodecahedron","Gremlin Horn"],"potions_floor_usage":[7,14,16,16,23,33],"damage_taken":[{"damage":0,"enemies":"Small Slimes","floor":1,"turns":1},{"damage":0,"enemies":"Cultist","floor":3,"turns":1},{"damage":0,"enemies":"Jaw Worm","floor":4,"turns":1},{"damage":29,"enemies":"Exordium Wildlife","floor":6,"turns":6},{"damage":2,"enemies":"Looter","floor":7,"turns":3},{"damage":2,"enemies":"2 Fungi Beasts","floor":8,"turns":4},{"damage":25,"enemies":"Large Slime","floor":10,"turns":5},{"damage":7,"enemies":"Looter","floor":12,"turns":3},{"damage":16,"enemies":"Lots of Slimes","floor":13,"turns":3},{"damage":0,"enemies":"Exordium Wildlife","floor":14,"turns":3},{"damage":53,"enemies":"Hexaghost","floor":16,"turns":11},{"damage":2,"enemies":"Chosen","floor":18,"turns":3},{"damage":34,"enemies":"Slavers","floor":23,"turns":5},{"damage":27,"enemies":"Book of Stabbing","floor":30,"turns":4},{"damage":28,"enemies":"3 Byrds","floor":31,"turns":3},{"damage":64,"enemies":"Champ","floor":33,"turns":8}],"seed_played":"8219346471197039838","potions_obtained":[{"floor":6,"key":"Fire Potion"},{"floor":7,"key":"Weak Potion"},{"floor":12,"key":"Block Potion"},{"floor":13,"key":"AttackPotion"},{"floor":16,"key":"FearPotion"},{"floor":23,"key":"Strength Potion"}],"is_trial":false,"path_per_floor":["M","?","M","M","$","M","M","M","T","M","R","M","M","M","R","B",null,"M","?","?","?","?","E","R","$","T","T","?","R","E","M","R","B"],"character_chosen":"IRONCLAD","items_purchased":["Brimstone"],"campfire_rested":3,"item_purchase_floors":[25],"current_hp_per_floor":[80,80,80,80,80,57,61,65,65,46,46,45,35,41,65,18,80,80,80,65,85,69,45,45,45,45,45,45,70,51,31,56,0],"gold":169,"neow_bonus":"THREE_ENEMY_KILL","is_prod":false,"is_daily":false,"chose_seed":false,"campfire_upgraded":2,"win_rate":0,"timestamp":1541665311,"path_taken":["M","?","M","M","$","M","M","M","T","M","R","?","M","M","R","BOSS","M","?","?","?","?","E","R","$","T","?","?","R","E","?","R","BOSS"],"build_version":"2018-11-01","purchased_purges":0,"victory":false,"max_hp_per_floor":[80,80,80,80,80,80,80,80,80,80,80,80,80,80,80,80,80,80,80,85,85,85,85,85,85,85,85,85,85,85,85,85,85],"card_choices":[{"not_picked":["Body Slam","Thunderclap"],"picked":"Armaments","floor":1},{"not_picked":["Blood for Blood","Body Slam"],"picked":"Rampage","floor":3},{"not_picked":["Sword Boomerang","Carnage"],"picked":"Cleave","floor":4},{"not_picked":["Battle Trance","Thunderclap"],"picked":"Iron Wave","floor":6},{"not_picked":["Anger","Clothesline"],"picked":"Pommel Strike","floor":7},{"not_picked":["Armaments","Carnage"],"picked":"Iron Wave","floor":8},{"not_picked":["Wild Strike","Clothesline"],"picked":"Sword Boomerang","floor":10},{"not_picked":["Second Wind","Clash"],"picked":"Iron Wave","floor":12},{"not_picked":["Barricade","Heavy Blade"],"picked":"Perfected Strike","floor":13},{"not_picked":["Headbutt","Twin Strike"],"picked":"Perfected Strike","floor":14},{"not_picked":["Fiend Fire","Offering"],"picked":"Reaper","floor":16},{"not_picked":["Sword Boomerang","Cleave"],"picked":"Wild Strike","floor":18},{"not_picked":["Blood for Blood","Impervious"],"picked":"Rampage","floor":23},{"not_picked":["True Grit","Armaments"],"picked":"Body Slam","floor":30},{"not_picked":["Spot Weakness","True Grit+1"],"picked":"Perfected Strike+1","floor":31}],"player_experience":358506,"relics_obtained":[{"floor":9,"key":"Matryoshka"},{"floor":22,"key":"Enchiridion"},{"floor":23,"key":"Anchor"},{"floor":26,"key":"Pen Nib"},{"floor":26,"key":"Blood Vial"},{"floor":27,"key":"Paper Frog"},{"floor":27,"key":"Dodecahedron"},{"floor":30,"key":"Gremlin Horn"}],"event_choices":[{"cards_removed":["Strike_R"],"damage_healed":0,"gold_gain":0,"player_choice":"Purged","damage_taken":0,"max_hp_gain":0,"max_hp_loss":0,"event_name":"Purifier","floor":2,"gold_loss":0},{"cards_removed":["Strike_R"],"damage_healed":0,"gold_gain":0,"player_choice":"Gave Gold","damage_taken":0,"max_hp_gain":0,"max_hp_loss":0,"event_name":"Beggar","floor":19,"gold_loss":75},{"damage_healed":0,"gold_gain":0,"player_choice":"Shed Blood","damage_taken":20,"max_hp_gain":5,"max_hp_loss":0,"event_name":"Forgotten Altar","floor":20,"gold_loss":0},{"damage_healed":28,"gold_gain":0,"player_choice":"Heal","damage_taken":0,"max_hp_gain":0,"max_hp_loss":0,"event_name":"The Library","floor":21,"gold_loss":0},{"damage_healed":0,"gold_gain":0,"player_choice":"Obtained Book","damage_taken":16,"max_hp_gain":0,"max_hp_loss":0,"event_name":"Cursed Tome","floor":22,"gold_loss":0},{"damage_healed":0,"gold_gain":0,"cards_transformed":["Strike_R","Strike_R"],"player_choice":"Became Test Subject","damage_taken":0,"max_hp_gain":0,"max_hp_loss":0,"event_name":"Drug Dealer","floor":28,"gold_loss":0,"cards_obtained":["Juggernaut","Bludgeon"]}],"is_beta":false,"boss_relics":[{"not_picked":["Cursed Key","Black Blood"],"picked":"Mark of Pain"}],"items_purged_floors":[],"is_endless":false,"potions_floor_spawned":[6,7,12,13,16,23],"killed_by":"Champ","ascension_level":2}