{"gold_per_floor":[109,109,109,109,126,153,153,166,213,213,229,62,92,92,92,190,190,202,162,179,197,209,209,209,209,256,256,271,284,302,313,313,412,412,423,433,2,277,289,289,308,336,361,41,41,54,72,72,72,72],"floor_reached":51,"playtime":2598,"items_purged":["Regret"],"score":1052,"play_id":"2f7e74af-9257-4e13-a3e0-8460cb0d1951","local_time":"20190301000749","is_ascension_mode":true,"campfire_choices":[{"data":"Zap","floor":7.0,"key":"SMITH"},{"data":"Genetic Algorithm","floor":10.0,"key":"SMITH"},{"data":"Defragment","floor":15.0,"key":"SMITH"},{"floor":23.0,"key":"REST"},{"floor":27.0,"key":"REST"},{"data":"Fission","floor":32.0,"key":"SMITH"},{"floor":40.0,"key":"REST"},{"data":"Metamorphosis","floor":45.0,"key":"SMITH"},{"data":"Fission","floor":49.0,"key":"SMITH"}],"neow_cost":"NONE","seed_source_timestamp":0,"circlet_count":0,"master_deck":["Strike_B+1","Strike_B+1","Defend_B","Defend_B","Defend_B","Defend_B","Zap+1","Dualcast","Coolheaded","Reboot","Barrage","Auto Shields","Genetic Algorithm+1","Leap+1","The Bomb+1","Defragment+1","Rainbow","Hologram+1","Loop","Gash+1","Fission+1","Self Repair","Conserve Battery+1","FTL","Electrodynamics","Barrage+1","Chill","Stack+1","Metamorphosis+1","Fission+1"],"special_seed":0,"relics":["Cracked Core","NeowsBlessing","Oddly Smooth Stone","Whetstone","Shuriken","The Courier","Nuclear Battery","Boot","Inserter","Lee\u0027s Waffle","Unceasing Top","Singing Bowl","Bronze Scales","CultistMask"],"potions_floor_usage":[50],"damage_taken":[{"damage":0.0,"enemies":"Jaw Worm","floor":1.0,"turns":1.0},{"damage":0.0,"enemies":"2 Louse","floor":5.0,"turns":1.0},{"damage":0.0,"enemies":"3 Sentries","floor":6.0,"turns":1.0},{"damage":4.0,"enemies":"Small Slimes","floor":8.0,"turns":4.0},{"damage":1.0,"enemies":"Red Slaver","floor":11.0,"turns":3.0},{"damage":2.0,"enemies":"Lagavulin","floor":13.0,"turns":5.0},{"damage":26.0,"enemies":"Slime Boss","floor":16.0,"turns":6.0},{"damage":7.0,"enemies":"Spheric Guardian","floor":18.0,"turns":5.0},{"damage":6.0,"enemies":"3 Byrds","floor":20.0,"turns":5.0},{"damage":11.0,"enemies":"Cultist and Chosen","floor":21.0,"turns":6.0},{"damage":10.0,"enemies":"Snecko","floor":22.0,"turns":6.0},{"damage":0.0,"enemies":"Centurion and Healer","floor":28.0,"turns":4.0},{"damage":16.0,"enemies":"Chosen and Byrds","floor":29.0,"turns":6.0},{"damage":8.0,"enemies":"3 Cultists","floor":30.0,"turns":4.0},{"damage":0.0,"enemies":"Centurion and Healer","floor":31.0,"turns":6.0},{"damage":49.0,"enemies":"Automaton","floor":33.0,"turns":9.0},{"damage":34.0,"enemies":"3 Darklings","floor":35.0,"turns":6.0},{"damage":3.0,"enemies":"3 Shapes","floor":36.0,"turns":3.0},{"damage":27.0,"enemies":"Jaw Worm Horde","floor":39.0,"turns":2.0},{"damage":0.0,"enemies":"Sphere and 2 Shapes","floor":41.0,"turns":3.0},{"damage":29.0,"enemies":"Reptomancer","floor":42.0,"turns":6.0},{"damage":3.0,"enemies":"Transient","floor":46.0,"turns":5.0},{"damage":0.0,"enemies":"Maw","floor":47.0,"turns":5.0},{"damage":58,"enemies":"Donu and Deca","floor":50,"turns":11}],"seed_played":"2813063112011229253","potions_obtained":[{"floor":5.0,"key":"FearPotion"},{"floor":8.0,"key":"GamblersBrew"},{"floor":13.0,"key":"Swift Potion"},{"floor":22.0,"key":"SkillPotion"},{"floor":25.0,"key":"Block Potion"},{"floor":25.0,"key":"EntropicBrew"},{"floor":28.0,"key":"Strength Potion"},{"floor":29.0,"key":"Regen Potion"},{"floor":30.0,"key":"Explosive Potion"},{"floor":39.0,"key":"AttackPotion"},{"floor":42.0,"key":"FearPotion"},{"floor":46.0,"key":"Fire Potion"}],"is_trial":false,"path_per_floor":["M","?","?","?","M","E","R","M","T","R","M","$","E","?","R","B",null,"M","?","M","M","M","R","?","?","T","R","M","M","M","M","R","B",null,"M","M","$","?","M","R","M","E","T","$","R","M","M","?","R","B",null],"character_chosen":"DEFECT","items_purchased":["The Bomb","Lee\u0027s Waffle","Unceasing Top","AttackPotion","Explosive Potion","Metamorphosis","Fission"],"campfire_rested":3,"item_purchase_floors":[12,37,37,37,44,44,44],"current_hp_per_floor":[68,68,68,68,68,68,68,64,64,64,63,63,61,54,54,28,63,56,56,50,39,29,51,51,51,51,73,73,57,74,75,75,45,68,41,45,82,82,55,79,79,59,59,59,59,65,74,74,74,23],"gold":72,"neow_bonus":"THREE_ENEMY_KILL","is_prod":false,"is_daily":false,"chose_seed":false,"campfire_upgraded":6,"win_rate":0,"timestamp":1551420469,"path_taken":["M","?","?","?","M","E","R","?","T","R","M","$","E","?","R","BOSS","M","?","?","M","M","R","?","?","T","R","?","M","M","M","R","BOSS","M","M","$","?","M","R","M","E","T","$","R","M","?","?","R","BOSS"],"build_version":"2019-01-23","purchased_purges":1,"victory":true,"max_hp_per_floor":[75,75,75,75,75,75,75,75,75,75,75,75,75,75,75,75,75,75,75,75,75,75,75,75,75,75,75,75,75,75,75,75,75,75,75,75,82,82,82,82,82,84,84,84,84,86,88,88,88,88],"card_choices":[{"not_picked":["Hologram","Compile Driver"],"picked":"Coolheaded","floor":1.0},{"not_picked":["Compile Driver","Streamline"],"picked":"Barrage","floor":5.0},{"not_picked":["Stack","Tempest"],"picked":"Auto Shields","floor":6.0},{"not_picked":["Redo","Leap"],"picked":"Genetic Algorithm","floor":8.0},{"not_picked":["Storm","Conserve Battery"],"picked":"Leap","floor":11.0},{"not_picked":["Hello World","Undo"],"picked":"Defragment","floor":13.0},{"not_picked":["Amplify","Creative AI"],"picked":"Rainbow","floor":16.0},{"not_picked":["Redo","Conserve Battery","Steam"],"picked":"SKIP","floor":18.0},{"not_picked":["Rebound","Sunder"],"picked":"Hologram+1","floor":20.0},{"not_picked":["Scrape+1","Double Energy+1"],"picked":"Loop","floor":21.0},{"not_picked":["Compile Driver","Aggregate+1"],"picked":"Gash+1","floor":22.0},{"not_picked":["Skim","Steam"],"picked":"Fission","floor":28.0},{"not_picked":["Sweeping Beam","Rebound"],"picked":"Self Repair","floor":29.0},{"not_picked":["FTL","Beam Cell"],"picked":"Conserve Battery+1","floor":30.0},{"not_picked":["Beam Cell","Turbo"],"picked":"FTL","floor":31.0},{"not_picked":["Hyperbeam","Amplify"],"picked":"Electrodynamics","floor":33.0},{"not_picked":["Force Field","Compile Driver"],"picked":"Barrage+1","floor":35.0},{"not_picked":["BootSequence+1","Rip and Tear+1"],"picked":"Chill","floor":36.0},{"not_picked":["Rebound","Melter"],"picked":"Stack+1","floor":39.0},{"not_picked":["Hologram","Tempest","Rip and Tear"],"picked":"SKIP","floor":41.0},{"not_picked":["Beam Cell+1","Hologram+1","Consume"],"picked":"Singing Bowl","floor":42.0},{"not_picked":["Gash","Coolheaded","Sweeping Beam"],"picked":"Singing Bowl","floor":46.0},{"not_picked":["Coolheaded+1","Stack","Go for the Eyes"],"picked":"Singing Bowl","floor":47.0}],"player_experience":578697,"relics_obtained":[{"floor":6.0,"key":"Oddly Smooth Stone"},{"floor":9.0,"key":"Whetstone"},{"floor":13.0,"key":"Shuriken"},{"floor":26.0,"key":"Boot"},{"floor":42.0,"key":"Singing Bowl"},{"floor":43.0,"key":"Bronze Scales"}],"event_choices":[{"damage_healed":0.0,"max_hp_gain":0.0,"max_hp_loss":0.0,"gold_gain":0.0,"event_name":"Shining Light","player_choice":"Ignored","floor":2.0,"gold_loss":0.0,"damage_taken":0.0},{"damage_healed":0.0,"max_hp_gain":0.0,"max_hp_loss":0.0,"gold_gain":0.0,"cards_transformed":["Strike_B"],"event_name":"Living Wall","player_choice":"Change","floor":3.0,"gold_loss":0.0,"damage_taken":0.0,"cards_obtained":["Reboot"]},{"cards_removed":["Strike_B"],"damage_healed":0.0,"max_hp_gain":0.0,"max_hp_loss":0.0,"gold_gain":0.0,"event_name":"Bonfire Elementals","player_choice":"Offered Basic","floor":4.0,"gold_loss":0.0,"damage_taken":0.0},{"damage_healed":0.0,"max_hp_gain":0.0,"max_hp_loss":0.0,"gold_gain":0.0,"event_name":"Scrap Ooze","player_choice":"Success","floor":14.0,"gold_loss":0.0,"damage_taken":7.0,"relics_obtained":["The Courier"]},{"damage_healed":0.0,"max_hp_gain":0.0,"max_hp_loss":0.0,"gold_gain":0.0,"event_name":"Designer","player_choice":"Upgraded Two","floor":19.0,"gold_loss":40.0,"damage_taken":0.0,"cards_upgraded":["The Bomb","Leap"]},{"damage_healed":0.0,"max_hp_gain":0.0,"max_hp_loss":0.0,"gold_gain":0.0,"event_name":"Beggar","player_choice":"Ignored","floor":24.0,"gold_loss":0.0,"damage_taken":0.0},{"damage_healed":0.0,"max_hp_gain":0.0,"max_hp_loss":0.0,"gold_gain":0.0,"event_name":"Lab","player_choice":"Got Potions","floor":25.0,"gold_loss":0.0,"damage_taken":0.0},{"damage_healed":0.0,"max_hp_gain":0.0,"max_hp_loss":0.0,"gold_gain":275.0,"event_name":"Golden Shrine","player_choice":"Desecrate","floor":38.0,"gold_loss":0.0,"damage_taken":0.0,"cards_obtained":["Regret"]},{"damage_healed":0.0,"max_hp_gain":0.0,"max_hp_loss":0.0,"gold_gain":0.0,"event_name":"FaceTrader","player_choice":"Trade","floor":48.0,"gold_loss":0.0,"damage_taken":0.0,"relics_obtained":["CultistMask"]}],"is_beta":false,"boss_relics":[{"not_picked":["Busted Crown","Black Star"],"picked":"Nuclear Battery"},{"not_picked":["Astrolabe","White Beast Statue"],"picked":"Inserter"}],"items_purged_floors":[44],"is_endless":false,"potions_floor_spawned":[5,8,13,22,28,29,30,39,42,46],"ascension_level":9}