{"path_per_floor":["M","?","?","?","?","R","M","E","T","E","M","M","R","?","R","B",null,"M","M","$","M","?","R","M","R","T","R"],"character_chosen":"DEFECT","items_purchased":["Letter Opener","Ice Cream"],"gold_per_floor":[115,115,115,115,115,115,131,163,187,519,534,551,551,551,551,655,655,670,636,14,25,25,25,41,41,111,111,111],"floor_reached":28,"campfire_rested":5,"playtime":974,"current_hp_per_floor":[73,73,58,51,48,70,70,59,59,47,47,38,38,38,60,42,75,25,13,13,13,13,35,23,45,45,67,0],"items_purged":["Decay"],"gold":111,"score":249,"play_id":"e8951af2-5319-47e0-bb34-26dacdf4a895","local_time":"20180513023143","is_prod":false,"is_daily":false,"chose_seed":false,"is_ascension_mode":true,"campfire_upgraded":1,"timestamp":1526171503,"path_taken":["M","?","?","?","?","R","M","E","T","E","?","M","R","?","R","BOSS","M","?","$","M","?","R","M","R","T","R","M"],"build_version":"2018-05-12v2","seed_source_timestamp":662400439240449,"purchased_purges":1,"victory":false,"master_deck":["Strike_B","Strike_B","Strike_B","Strike_B","Defend_B+1","Defend_B","Defend_B+1","Defend_B","Zap","Dualcast","Loop","Force Field","Glacier+1","Thunder Strike","Cold Snap","Force Field","Decay","Ball Lightning"],"max_hp_per_floor":[75,75,75,75,75,75,75,75,75,75,75,75,75,75,75,75,75,75,75,75,75,75,75,75,75,75,75,75],"relics":["Cracked Core","Orichalcum","Frozen Egg 2","Thread and Needle","Lantern","Oddly Smooth Stone","Old Coin","Nuclear Battery","Letter Opener","Ice Cream","Molten Egg 2"],"card_choices":[{"not_picked":["Darkness","Go for the Eyes"],"picked":"Loop","floor":1},{"not_picked":["Skim","Rebound"],"picked":"Force Field","floor":7},{"not_picked":["Auto Shields","FTL","Melter"],"picked":"SKIP","floor":8},{"not_picked":["Rebound","Auto Shields","Conserve Battery"],"picked":"SKIP","floor":10},{"not_picked":["Conserve Battery","Steam","Beam Cell"],"picked":"SKIP","floor":11},{"not_picked":["BootSequence","Stack"],"picked":"Glacier","floor":12},{"not_picked":["Biased Cognition+1","Rainbow"],"picked":"Thunder Strike","floor":16},{"not_picked":["Leap+1","Stack"],"picked":"Cold Snap","floor":18},{"not_picked":["Auto Shields","Turbo","Stack+1"],"picked":"SKIP","floor":19},{"not_picked":["Consume","Coolheaded"],"picked":"Force Field","floor":21},{"not_picked":["Streamline","Turbo"],"picked":"Ball Lightning","floor":24}],"player_experience":56575,"potions_floor_usage":[8,16,18,18,21,24],"damage_taken":[{"damage":2,"enemies":"Jaw Worm","floor":1,"turns":3},{"damage":0,"enemies":"2 Louse","floor":7,"turns":3},{"damage":11,"enemies":"Gremlin Nob","floor":8,"turns":4},{"damage":12,"enemies":"Lagavulin","floor":10,"turns":6},{"damage":0,"enemies":"Cultist","floor":11,"turns":3},{"damage":9,"enemies":"Exordium Wildlife","floor":12,"turns":4},{"damage":18,"enemies":"The Guardian","floor":16,"turns":24},{"damage":50,"enemies":"3 Byrds","floor":18,"turns":9},{"damage":12,"enemies":"2 Thieves","floor":19,"turns":5},{"damage":0,"enemies":"Snecko","floor":21,"turns":8},{"damage":12,"enemies":"Sentry and Sphere","floor":24,"turns":10},{"damage":81,"enemies":"Cultist and Chosen","floor":28,"turns":6}],"event_choices":[{"event_name":"Big Fish","player_choice":"Box","floor":2,"damage_taken":0},{"event_name":"Shining Light","player_choice":"Entered Light","floor":3,"damage_taken":0},{"event_name":"Golden Wing","player_choice":"Card Removal","floor":4,"damage_taken":0},{"event_name":"Scrap Ooze","player_choice":"success","floor":5,"damage_taken":3},{"event_name":"Wheel of Change","player_choice":"Curse","floor":14,"damage_taken":0},{"event_name":"Forgotten Altar","player_choice":"Smashed Altar","floor":22,"damage_taken":0}],"boss_relics":[{"not_picked":["Astrolabe","Ectoplasm"],"picked":"Nuclear Battery"}],"potions_floor_spawned":[1,7,12,16,19,21],"seed_played":"4234646320361659027","killed_by":"Cultist and Chosen","ascension_level":2,"is_trial":false}