{"path_per_floor":["M","M","?","M","M","R","E","R","T","E","R","$","E","?","R","B",null,"M","?","M","?","T","E","R","E","T","M","$","M","$","M","R","B",null,"M","M","M","?","M","E","R","E","T","R","$","?","$","M","R","B"],"character_chosen":"THE_SILENT","items_purchased":["Apotheosis","Backflip","Footwork","Gambling Chip"],"gold_per_floor":[117,135,135,150,170,170,199,199,223,256,256,19,46,46,46,144,144,163,163,173,173,196,227,227,255,255,268,193,205,29,49,49,147,147,158,171,181,231,246,273,273,303,303,303,7,7,7,19,19,19],"floor_reached":51,"campfire_rested":3,"playtime":6598,"current_hp_per_floor":[70,70,70,70,64,64,56,56,63,41,41,41,37,37,60,32,77,77,77,77,77,77,77,77,77,77,75,75,74,74,62,62,51,77,67,44,44,23,26,38,61,63,63,63,63,63,63,26,49,39],"items_purged":["Pain","Injury"],"gold":19,"score":1031,"play_id":"1d7cda6e-b41d-4039-aaf8-8d5eb2afeeee","local_time":"20180318183605","is_prod":false,"is_daily":false,"is_ascension_mode":true,"campfire_upgraded":5,"timestamp":1521423365,"path_taken":["M","M","?","M","M","R","E","R","T","E","R","$","E","?","R","BOSS","M","?","?","?","?","E","R","E","T","M","$","M","$","M","R","BOSS","M","M","?","?","M","E","R","E","T","R","$","?","$","?","R","BOSS"],"build_version":"2018-03-16","purchased_purges":2,"victory":true,"master_deck":["Survivor","Neutralize+1","Blur","Caltrops+1","Malaise","Escape Plan","Acrobatics","Adrenaline+1","Apotheosis+1","Backflip","Cloak And Dagger","Injury","Wraith Form","Sucker Punch","Choke","Leg Sweep+1","Slice","Reflex","All Out Attack","Prepared","Expertise","Well Laid Plans+1","Well Laid Plans","Accuracy+1","Dodge and Roll","Slice","Concentrate","Cloak And Dagger","Footwork+1","Calculated Gamble","Tools of the Trade","Deflect+1","Backflip+1","Quick Slash+1","Blur","Deflect+1","Cloak And Dagger","Blur+1","Flying Knee+1","Decay","Outmaneuver+1"],"max_hp_per_floor":[70,70,70,70,70,70,70,70,77,77,77,77,77,77,77,77,77,77,77,77,77,77,77,77,77,77,77,77,77,77,77,77,77,77,77,77,77,77,77,77,77,77,77,77,77,77,77,77,77,77],"relics":["Cursed Key","Bottled Tornado","Strawberry","Gremlin Horn","Mercury Hourglass","Pandora\u0027s Box","Snake Skull","Ornamental Fan","Meat on the Bone","Dream Catcher","Philosopher\u0027s Stone","Ice Cream","Blood Vial","Matryoshka","War Paint","Shovel","Orichalcum","Gambling Chip"],"card_choices":[{"not_picked":["Cloak And Dagger","Accuracy"],"picked":"Blur"},{"not_picked":["Cloak And Dagger","Underhanded Strike"],"picked":"Caltrops"},{"not_picked":["Backstab","Deadly Poison"],"picked":"Malaise"},{"not_picked":["Eviscerate","Quick Slash"],"picked":"Escape Plan"},{"not_picked":["Poisoned Stab","Riddle With Holes"],"picked":"Acrobatics"},{"not_picked":["Bane","Deflect"],"picked":"Adrenaline"},{"not_picked":["Deflect","Acrobatics"],"picked":"Cloak And Dagger"},{"not_picked":["Night Terror","Adrenaline"],"picked":"Wraith Form"},{"not_picked":["PiercingWail","Cloak And Dagger"],"picked":"Well Laid Plans"},{"not_picked":["Flechettes","Acrobatics"],"picked":"Accuracy"},{"not_picked":["Sucker Punch","Reflex"],"picked":"Dodge and Roll"},{"not_picked":["Quick Slash","Bouncing Flask"],"picked":"Slice"},{"not_picked":["Glass Knife","Dagger Spray"],"picked":"Concentrate"},{"not_picked":["Prepared","Masterful Stab"],"picked":"Cloak And Dagger"},{"not_picked":["Dash","Underhanded Strike"],"picked":"Calculated Gamble"},{"not_picked":["Venomology","Envenom"],"picked":"Tools of the Trade"},{"not_picked":["PiercingWail","Riddle With Holes"],"picked":"Deflect"},{"not_picked":["Poisoned Stab","Acrobatics"],"picked":"Backflip"},{"not_picked":["Envenom","Poisoned Stab"],"picked":"Quick Slash"},{"not_picked":["Backstab","Eviscerate"],"picked":"Blur"},{"not_picked":["Riddle With Holes","Backflip"],"picked":"Deflect"},{"not_picked":["Endless Agony","Dagger Throw"],"picked":"Cloak And Dagger"},{"not_picked":["Underhanded Strike","Backflip"],"picked":"Blur"},{"not_picked":["Bane","Wraith Form"],"picked":"Flying Knee"},{"not_picked":["Concentrate","Bouncing Flask"],"picked":"Outmaneuver"}],"player_experience":154958,"potions_floor_usage":[23,38,39,39,48],"damage_taken":[{"damage":0.0,"enemies":"2 Louse","floor":1.0,"turns":3.0},{"damage":0.0,"enemies":"Small Slimes","floor":2.0,"turns":4.0},{"damage":0.0,"enemies":"Cultist","floor":4.0,"turns":4.0},{"damage":6.0,"enemies":"Lots of Slimes","floor":5.0,"turns":2.0},{"damage":8.0,"enemies":"Lagavulin","floor":7.0,"turns":13.0},{"damage":22.0,"enemies":"Gremlin Nob","floor":10.0,"turns":6.0},{"damage":4,"enemies":"3 Sentries","floor":13,"turns":8},{"damage":28,"enemies":"Slime Boss","floor":16,"turns":11},{"damage":0,"enemies":"Spheric Guardian","floor":18,"turns":4},{"damage":0,"enemies":"3 Byrds","floor":20,"turns":3},{"damage":0,"enemies":"Gremlin Leader","floor":23,"turns":6},{"damage":0,"enemies":"Book of Stabbing","floor":25,"turns":6},{"damage":2,"enemies":"Centurion and Healer","floor":27,"turns":6},{"damage":1,"enemies":"Snecko","floor":29,"turns":6},{"damage":12,"enemies":"Snake Plant","floor":31,"turns":4},{"damage":11,"enemies":"Automaton","floor":33,"turns":8},{"damage":10,"enemies":"3 Shapes","floor":35,"turns":3},{"damage":23,"enemies":"3 Darklings","floor":36,"turns":4},{"damage":0,"enemies":"Spire Growth","floor":37,"turns":4},{"damage":33,"enemies":"Mysterious Sphere","floor":38,"turns":6},{"damage":18,"enemies":"4 Shapes","floor":39,"turns":4},{"damage":0,"enemies":"Giant Head","floor":40,"turns":7},{"damage":0,"enemies":"Nemesis","floor":42,"turns":7},{"damage":51,"enemies":"3 Darklings","floor":48,"turns":3},{"damage":24,"enemies":"Donu and Deca","floor":50,"turns":12}],"event_choices":[{"event_name":"Living Wall","player_choice":"Forget","floor":3.0,"damage_taken":0.0},{"event_name":"Accursed Blacksmith","player_choice":"Forge","floor":14,"damage_taken":0},{"event_name":"The Library","player_choice":"Read","floor":19,"damage_taken":0},{"event_name":"Back to Basics","player_choice":"Elegance","floor":21,"damage_taken":0},{"event_name":"Mysterious Sphere","player_choice":"Fight","floor":38,"damage_taken":0}],"boss_relics":[{"not_picked":["Question Card","Snecko Eye"],"picked":"Pandora\u0027s Box"},{"not_picked":["Calling Bell","White Beast Statue"],"picked":"Philosopher\u0027s Stone"}],"potions_floor_spawned":[1,4,16,18,20,27,29,33,36,37,42],"seed_played":"655023995658992822","ascension_level":4,"is_trial":false}