{"path_per_floor":["M","M","?","M","M","$","R","$","T","E","R","M","M","M","R","B",null,"M","T","?","?","$","R","M","R","T","M","?","$","?","M","R"],"character_chosen":"THE_SILENT","items_purchased":["Outmaneuver","Bottled Lightning","Poison Potion"],"gold_per_floor":[116,129,129,146,164,89,89,37,37,64,64,84,100,114,114,218,248,261,261,261,261,0,0,18,18,68,80,80,28,28,38,38],"floor_reached":33,"campfire_rested":6,"playtime":1478,"current_hp_per_floor":[56,56,42,31,25,25,46,46,46,19,40,31,15,15,36,9,75,39,39,39,39,39,61,40,62,62,42,42,42,42,20,42],"items_purged":["Defend_G"],"gold":38,"score":272,"play_id":"3071bc70-3b70-47f4-936d-4affe657494d","is_prod":false,"is_daily":false,"is_ascension_mode":false,"campfire_upgraded":0,"path_taken":["M","M","?","?","M","$","R","?","T","E","R","M","M","M","R","BOSS","M","?","?","?","?","R","M","R","T","M","?","$","?","M","R","BOSS"],"build_version":"2018-02-22-PROD2","purchased_purges":1,"victory":false,"master_deck":["Defend_G+1","Defend_G+1","Defend_G+1","Defend_G+1","Strike_G+1","Strike_G+1","Strike_G+1","Strike_G+1","Strike_G+1","Survivor","Neutralize+1","Bullet Time+1","Bouncing Flask+1","Bane","Slice","Outmaneuver+1","Outmaneuver","Catalyst","Finisher","Acrobatics","Doppelganger","Acrobatics","Poisoned Stab","Catalyst","Bane","Flying Knee","Writhe"],"max_hp_per_floor":[70,70,70,70,70,70,70,70,70,70,70,70,70,70,70,70,75,75,75,75,75,75,75,75,75,75,75,75,75,75,75,75],"relics":["Ring of the Snake","Unceasing Top","War Paint","Tiny House","Frozen Egg 2","Bottled Lightning","Lantern","Bag of Marbles"],"card_choices":[{"not_picked":["Dagger Throw","Backflip"],"picked":"Bullet Time"},{"not_picked":["Sucker Punch","Bane"],"picked":"Bouncing Flask"},{"not_picked":["Reflex","Poisoned Stab"],"picked":"Bane"},{"not_picked":["Heel Hook","Leg Sweep"],"picked":"Slice"},{"not_picked":["Poisoned Stab","Dodge and Roll"],"picked":"Outmaneuver"},{"not_picked":["Deadly Poison","Noxious Fumes"],"picked":"Catalyst"},{"not_picked":["A Thousand Cuts","Outmaneuver"],"picked":"Finisher"},{"not_picked":["Prepared","Deflect"],"picked":"Acrobatics"},{"not_picked":["Envenom","Glass Knife"],"picked":"Doppelganger"},{"not_picked":["PiercingWail","Backflip"],"picked":"Acrobatics"},{"not_picked":["PiercingWail","Backflip"],"picked":"Poisoned Stab"},{"not_picked":["Sucker Punch","PiercingWail"],"picked":"Bane"},{"not_picked":["Prepared","Bane"],"picked":"Flying Knee"}],"player_experience":32561,"potions_floor_usage":[10,10,13,16,27,33,33,33],"damage_taken":[{"damage":14,"enemies":"2 Louse","floor":1,"turns":4},{"damage":0,"enemies":"Small Slimes","floor":2,"turns":3},{"damage":11,"enemies":"Jaw Worm","floor":4,"turns":3},{"damage":6,"enemies":"Gremlin Gang","floor":5,"turns":5},{"damage":27,"enemies":"3 Sentries","floor":10,"turns":10},{"damage":9,"enemies":"Red Slaver","floor":12,"turns":2},{"damage":16,"enemies":"Large Slime","floor":13,"turns":7},{"damage":0,"enemies":"2 Fungi Beasts","floor":14,"turns":3},{"damage":27,"enemies":"Hexaghost","floor":16,"turns":9},{"damage":36,"enemies":"2 Thieves","floor":18,"turns":4},{"damage":21,"enemies":"3 Byrds","floor":24,"turns":4},{"damage":20,"enemies":"Cultist and Chosen","floor":27,"turns":6},{"damage":22,"enemies":"Snecko","floor":31,"turns":4},{"damage":54,"enemies":"Collector","floor":33,"turns":3}],"event_choices":[{"event_name":"Shining Light","player_choice":"Entered Light","floor":3,"damage_taken":0},{"event_name":"Back to Basics","player_choice":"Simplicity","floor":20,"damage_taken":0},{"event_name":"Duplicator","player_choice":"One dupe","floor":21,"damage_taken":0},{"event_name":"The Mausoleum","player_choice":"Yes","floor":28,"damage_taken":0},{"event_name":"Vampires","player_choice":"Ignored","floor":30,"damage_taken":0}],"boss_relics":[{"not_picked":["Snecko Eye","Orrery"],"picked":"Tiny House"}],"potions_floor_spawned":[1,4,12,14,24,31],"seed_played":"-2794169680020377778","killed_by":"Collector","ascension_level":0,"is_trial":false}