{"gold_per_floor":[109,122,134,144,161,161,194,194,194,227,327,346,371,389,389,485,485,504,504,518,21,38,73,73,98,98,114,131,149,149,176,176,274,274,290,290,307,80,80,108,108,135,162,162,60,78,110,110,110,110],"floor_reached":50,"playtime":3765,"items_purged":[],"score":891,"play_id":"f2068802-f1e4-42e4-a5c7-06399c570c91","local_time":"20190320210534","is_ascension_mode":true,"campfire_choices":[{"data":"Anger","floor":6,"key":"SMITH"},{"data":"Armaments","floor":8,"key":"SMITH"},{"data":"Armaments","floor":15,"key":"SMITH"},{"data":"1","floor":24,"key":"LIFT"},{"data":"2","floor":30,"key":"LIFT"},{"data":"3","floor":32,"key":"LIFT"},{"data":"Flex","floor":41,"key":"SMITH"},{"data":"Whirlwind","floor":44,"key":"SMITH"},{"data":"Battle Trance","floor":49,"key":"SMITH"}],"neow_cost":"NONE","seed_source_timestamp":2546123913710,"circlet_count":0,"master_deck":["Strike_R","Strike_R","Strike_R","Strike_R","Defend_R","Defend_R","Bash","Ghostly Armor","Anger+1","Uppercut","Immolate","Battle Trance+1","Armaments+1","Whirlwind+1","Shrug It Off","Offering","Armaments+1","Bludgeon","Carnage+1","Shrug It Off+1","Shockwave+1","Sword Boomerang+1","Flex+1","Demon Form","Cleave+1","Spot Weakness+1","Offering","Whirlwind+1","Anger+1","Fire Breathing+1","Ghostly Armor+1","Double Tap+1","Decay","Anger+1","Magnetism+1","Purity+1","Pummel+1","Spot Weakness+1","Decay","Shrug It Off+1","Intimidate+1","Metallicize+1","Demon Form+1","Trip+1","Dramatic Entrance+1","Flash of Steel+1"],"relics":["Burning Blood","PreservedInsect","The Courier","Bag of Marbles","Bag of Preparation","Gremlin Horn","Astrolabe","MutagenicStrength","Molten Egg 2","Chemical X","Girya","Frozen Egg 2","Toxic Egg 2","Strawberry","Cursed Key","Blood Vial","Vajra","Bronze Scales","Omamori"],"potions_floor_usage":[7,10,10,16,16,16,16,22,27,33,33,50,50],"damage_taken":[{"damage":10,"enemies":"Cultist","floor":1,"turns":5},{"damage":2,"enemies":"Jaw Worm","floor":2,"turns":3},{"damage":0,"enemies":"Small Slimes","floor":3,"turns":2},{"damage":6,"enemies":"Blue Slaver","floor":4,"turns":3},{"damage":2,"enemies":"Exordium Wildlife","floor":5,"turns":3},{"damage":0,"enemies":"Gremlin Nob","floor":7,"turns":2},{"damage":16,"enemies":"Lagavulin","floor":10,"turns":4},{"damage":1,"enemies":"Exordium Thugs","floor":12,"turns":2},{"damage":0,"enemies":"Gremlin Nob","floor":13,"turns":2},{"damage":6,"enemies":"Looter","floor":14,"turns":1},{"damage":42,"enemies":"The Guardian","floor":16,"turns":13},{"damage":7,"enemies":"Chosen","floor":18,"turns":5},{"damage":6,"enemies":"3 Byrds","floor":20,"turns":2},{"damage":2,"enemies":"Snecko","floor":22,"turns":3},{"damage":0,"enemies":"Gremlin Leader","floor":23,"turns":3},{"damage":10,"enemies":"Book of Stabbing","floor":25,"turns":3},{"damage":12,"enemies":"Snake Plant","floor":27,"turns":2},{"damage":6,"enemies":"Shelled Parasite and Fungi","floor":28,"turns":1},{"damage":0,"enemies":"Centurion and Healer","floor":29,"turns":2},{"damage":0,"enemies":"Slavers","floor":31,"turns":1},{"damage":15,"enemies":"Collector","floor":33,"turns":5},{"damage":0,"enemies":"3 Darklings","floor":35,"turns":2},{"damage":0,"enemies":"Orb Walker","floor":37,"turns":1},{"damage":6,"enemies":"Giant Head","floor":40,"turns":3},{"damage":0,"enemies":"Nemesis","floor":42,"turns":1},{"damage":0,"enemies":"Sphere and 2 Shapes","floor":46,"turns":1},{"damage":6,"enemies":"Giant Head","floor":47,"turns":3},{"damage":85,"enemies":"Time Eater","floor":50,"turns":5}],"seed_played":"-1875311939285400169","potions_obtained":[{"floor":2,"key":"FearPotion"},{"floor":4,"key":"AttackPotion"},{"floor":5,"key":"SpeedPotion"},{"floor":7,"key":"EntropicBrew"},{"floor":10,"key":"GamblersBrew"},{"floor":14,"key":"SpeedPotion"},{"floor":20,"key":"Ancient Potion"},{"floor":23,"key":"EssenceOfSteel"},{"floor":28,"key":"Weak Potion"},{"floor":31,"key":"PowerPotion"},{"floor":35,"key":"Explosive Potion"},{"floor":40,"key":"SkillPotion"}],"is_trial":false,"path_per_floor":["?","?","?","$","?","M","?"],"character_chosen":"IRONCLAD","items_purchased":["Demon Form","Molten Egg 2","Chemical X","Magnetism+1","Purity+1","Shrug It Off+1","Intimidate+1"],"campfire_rested":0,"item_purchase_floors":[21,21,21,38,38,45,45],"current_hp_per_floor":[76,80,80,80,80,80,80,80,80,70,70,75,80,80,80,44,80,79,79,79,79,80,80,80,76,76,70,70,76,76,87,87,78,87,87,87,87,87,87,87,87,87,87,87,87,87,87,77,77,0],"gold":110,"neow_bonus":"RANDOM_COMMON_RELIC","is_prod":false,"is_daily":false,"chose_seed":false,"campfire_upgraded":6,"win_rate":0,"timestamp":1553112334,"path_taken":["M","M","M","M","M","R","E","R","T","E","?","M","E","M","R","BOSS","M","?","M","$","M","E","R","E","T","M","M","M","R","E","R","BOSS","M","?","M","?","?","E","R","E","T","R","$","?","E","?","R","BOSS"],"build_version":"2019-01-23","purchased_purges":0,"victory":false,"max_hp_per_floor":[80,80,80,80,80,80,80,80,80,80,80,80,80,80,80,80,80,80,80,80,80,80,80,80,80,80,80,80,80,80,87,87,87,87,87,87,87,87,87,87,87,87,87,87,87,87,87,87,87,87],"card_choices":[{"not_picked":["True Grit","Carnage"],"picked":"Ghostly Armor","floor":1},{"not_picked":["Searing Blow","True Grit"],"picked":"Anger","floor":2},{"not_picked":["Headbutt","Searing Blow"],"picked":"Uppercut","floor":3},{"not_picked":["Dual Wield","Reckless Charge"],"picked":"Immolate","floor":4},{"not_picked":["Hemokinesis","Iron Wave"],"picked":"Battle Trance","floor":5},{"not_picked":["Blood for Blood","Clothesline"],"picked":"Armaments","floor":7},{"not_picked":["Thunderclap","Clash"],"picked":"Whirlwind","floor":10},{"not_picked":["Warcry","Iron Wave"],"picked":"Shrug It Off","floor":12},{"not_picked":["Combust","Dropkick"],"picked":"Offering","floor":13},{"not_picked":["Shrug It Off","Wild Strike"],"picked":"Armaments","floor":14},{"not_picked":["Limit Break","Feed"],"picked":"Bludgeon","floor":16},{"not_picked":["Clothesline","Anger"],"picked":"Sword Boomerang+1","floor":18},{"not_picked":["Havoc","Second Wind+1"],"picked":"Flex","floor":20},{"not_picked":["Iron Wave+1","Sever Soul+1"],"picked":"Cleave+1","floor":22},{"not_picked":["Shrug It Off","Evolve"],"picked":"Spot Weakness+1","floor":23},{"not_picked":["Corruption","Pommel Strike+1"],"picked":"Offering","floor":25},{"not_picked":["Reckless Charge+1","Sword Boomerang+1"],"picked":"Whirlwind+1","floor":27},{"not_picked":["Cleave+1","Sword Boomerang+1"],"picked":"Anger+1","floor":28},{"not_picked":["Thunderclap+1","Cleave+1"],"picked":"Fire Breathing+1","floor":29},{"not_picked":["Bludgeon+1","Flex+1"],"picked":"Ghostly Armor+1","floor":31},{"not_picked":["Reaper+1","Immolate+1"],"picked":"Double Tap+1","floor":33},{"not_picked":["Entrench+1","Clothesline+1"],"picked":"Perfected Strike+1","floor":35},{"not_picked":["Sever Soul+1","Whirlwind+1"],"picked":"Anger+1","floor":37},{"not_picked":["Heavy Blade+1","Juggernaut+1"],"picked":"Pummel+1","floor":40},{"not_picked":["Impervious+1","Ghostly Armor+1"],"picked":"Spot Weakness+1","floor":42},{"not_picked":["Wild Strike+1","Clothesline+1"],"picked":"Metallicize+1","floor":46},{"not_picked":["Feel No Pain+1","Juggernaut+1"],"picked":"Demon Form+1","floor":47},{"not_picked":["Impatience+1","Good Instincts+1"],"picked":"Trip+1","floor":48},{"not_picked":["Secret Technique+1","Finesse+1"],"picked":"Dramatic Entrance+1","floor":48},{"not_picked":["Jack Of All Trades+1","Madness+1"],"picked":"Flash of Steel+1","floor":48}],"player_experience":137561,"relics_obtained":[{"floor":7,"key":"The Courier"},{"floor":9,"key":"Bag of Marbles"},{"floor":10,"key":"Bag of Preparation"},{"floor":13,"key":"Gremlin Horn"},{"floor":23,"key":"Girya"},{"floor":25,"key":"Frozen Egg 2"},{"floor":26,"key":"Toxic Egg 2"},{"floor":31,"key":"Strawberry"},{"floor":40,"key":"Blood Vial"},{"floor":42,"key":"Vajra"},{"floor":43,"key":"Bronze Scales"},{"floor":47,"key":"Omamori"}],"event_choices":[{"damage_healed":0,"gold_gain":100,"player_choice":"Gold","damage_taken":0,"max_hp_gain":0,"max_hp_loss":0,"event_name":"Wheel of Change","floor":11,"gold_loss":0},{"damage_healed":0,"gold_gain":0,"player_choice":"Inject Mutagens","damage_taken":0,"relics_obtained":["MutagenicStrength"],"max_hp_gain":0,"max_hp_loss":0,"event_name":"Drug Dealer","floor":19,"gold_loss":0},{"damage_healed":0,"gold_gain":0,"player_choice":"Cursed","damage_taken":0,"max_hp_gain":0,"max_hp_loss":0,"event_name":"Wheel of Change","floor":36,"gold_loss":0,"cards_obtained":["Decay"]},{"cards_removed":["Perfected Strike"],"damage_healed":0,"gold_gain":0,"player_choice":"Removed Attack","damage_taken":0,"max_hp_gain":0,"max_hp_loss":0,"event_name":"Falling","floor":39,"gold_loss":0},{"damage_healed":0,"gold_gain":0,"player_choice":"Memory 3","damage_taken":10,"max_hp_gain":0,"max_hp_loss":0,"event_name":"SensoryStone","floor":48,"gold_loss":0}],"is_beta":false,"boss_relics":[{"not_picked":["Empty Cage","Runic Dome"],"picked":"Astrolabe"},{"not_picked":["Busted Crown","Black Star"],"picked":"Cursed Key"}],"items_purged_floors":[],"is_endless":false,"potions_floor_spawned":[2,4,5,7,10,14,20,23,25,28,31,35,40],"killed_by":"Time Eater","ascension_level":2}