{"path_per_floor":["M","?","M","?","M","R","E","R","T","M","E","M","R","$","R","B",null,"M","?","?","$","?","R","?","E","T","E","?","R","T","?","R","B",null,"M","M","$","M","?","R","E","R","T","M","?","E","M","M","R"],"character_chosen":"THE_SILENT","items_purchased":["Unceasing Top","Terror","Well Laid Plans","Outmaneuver","Flying Knee","Skewer"],"gold_per_floor":[111,111,128,303,315,315,346,346,346,366,396,415,415,7,7,106,106,125,125,125,42,42,42,42,76,101,136,86,86,132,132,132,233,233,246,257,68,80,128,128,163,163,163,174,174,202,212,232,232],"floor_reached":50,"campfire_rested":2,"playtime":5129,"current_hp_per_floor":[70,56,56,56,56,62,34,40,40,35,27,20,28,28,34,10,70,61,61,61,61,61,69,69,50,50,34,34,42,42,26,34,7,70,56,51,51,51,18,49,44,54,54,32,32,26,7,7,40],"items_purged":["Strike_G","Quick Slash"],"gold":232,"play_id":"6c8429ed-8dd2-4f01-a84d-b6ed9616254a","is_prod":false,"is_daily":false,"is_ascension_mode":false,"campfire_upgraded":3,"path_taken":["M","?","M","?","M","R","E","R","T","M","E","M","R","$","R","BOSS","M","?","?","$","?","R","?","E","T","E","?","R","?","?","R","BOSS","M","M","$","M","?","R","E","R","T","M","?","E","M","M","R","BOSS"],"build_version":"2018-02-01-PROD3","purchased_purges":4,"victory":false,"master_deck":["Defend_G+1","Defend_G+1","Defend_G+1","Defend_G+1","Defend_G+1","Strike_G+1","Neutralize+1","Poisoned Stab","Deadly Poison+1","Prepared+1","Bane","Backflip","Footwork","Terror","Corpse Explosion+1","Prepared+1","Well Laid Plans","Outmaneuver+1","Dagger Throw","Burst","Envenom","Crippling Poison+1","Blade Dance+1","Flying Knee","Skewer","Deadly Poison+1","Outmaneuver+1","Die Die Die","Flying Knee","Flying Knee+1","Doppelganger","Catalyst","PiercingWail+1"],"max_hp_per_floor":[70,70,70,70,70,70,70,70,70,70,70,70,70,70,70,70,70,70,70,70,70,70,70,70,70,70,70,70,70,70,70,70,70,70,70,70,70,70,70,70,70,70,70,70,70,70,70,70,70],"relics":["Eternal Feather","Bag of Marbles","Peace Pipe","Lantern","Unceasing Top","Sozu","Mercury Hourglass","Orichalcum","Juzu Bracelet","Happy Flower","Prayer Wheel","Nilry\u0027s Codex","Cursed Key","Sundial","Bottled Lightning","Oddly Smooth Stone","Frozen Egg 2"],"card_choices":[{"not_picked":["Dagger Spray","Backstab"],"picked":"Poisoned Stab"},{"not_picked":["Outmaneuver","Heel Hook"],"picked":"Deadly Poison"},{"not_picked":["Dodge and Roll","Riddle With Holes"],"picked":"Quick Slash"},{"not_picked":["Masterful Stab","Heel Hook"],"picked":"Prepared"},{"not_picked":["Dash","Choke"],"picked":"Bane"},{"not_picked":["Flying Knee","Venomology"],"picked":"Backflip"},{"not_picked":["Dagger Throw","Distraction"],"picked":"Footwork"},{"not_picked":["Phantasmal Killer","Burst"],"picked":"Corpse Explosion"},{"not_picked":["Dodge and Roll","Slice"],"picked":"Prepared"},{"not_picked":["Flechettes","Finisher"],"picked":"Dagger Throw"},{"not_picked":["Acrobatics","Prepared"],"picked":"Burst"},{"not_picked":["Bullet Time","Burst"],"picked":"Envenom"},{"not_picked":["Dagger Throw","Poisoned Stab"],"picked":"Crippling Poison"},{"not_picked":["All Out Attack","Sucker Punch"],"picked":"Blade Dance"},{"not_picked":["Dodge and Roll","Backflip"],"picked":"Deadly Poison"},{"not_picked":["Dagger Throw","Backflip"],"picked":"Outmaneuver"},{"not_picked":["Poisoned Stab","Dagger Throw"],"picked":"Die Die Die"},{"not_picked":["Noxious Fumes","Sucker Punch"],"picked":"Flying Knee"},{"not_picked":["Well Laid Plans","Finisher"],"picked":"Flying Knee"},{"not_picked":["Terror","Deadly Poison"],"picked":"Doppelganger"},{"not_picked":["Infinite Blades","Noxious Fumes"],"picked":"Catalyst"},{"not_picked":["Quick Slash","Skewer"],"picked":"PiercingWail"}],"player_experience":17609,"potions_floor_usage":[11,16],"damage_taken":[{"damage":0,"enemies":"2 Louse","floor":1,"turns":4},{"damage":0,"enemies":"Jaw Worm","floor":3,"turns":4},{"damage":0,"enemies":"Blue Slaver","floor":5,"turns":6},{"damage":28,"enemies":"Lagavulin","floor":7,"turns":6},{"damage":5,"enemies":"2 Fungi Beasts","floor":10,"turns":4},{"damage":8,"enemies":"3 Sentries","floor":11,"turns":7},{"damage":7,"enemies":"Large Slime","floor":12,"turns":5},{"damage":24,"enemies":"Hexaghost","floor":16,"turns":10},{"damage":9,"enemies":"Chosen","floor":18,"turns":6},{"damage":19,"enemies":"Slavers","floor":25,"turns":7},{"damage":16,"enemies":"Gremlin Leader","floor":27,"turns":7},{"damage":27,"enemies":"Automaton","floor":33,"turns":11},{"damage":14,"enemies":"3 Darklings","floor":35,"turns":5},{"damage":5,"enemies":"Orb Walker","floor":36,"turns":4},{"damage":0,"enemies":"Sphere and 2 Shapes","floor":38,"turns":5},{"damage":33,"enemies":"Mysterious Sphere","floor":39,"turns":5},{"damage":5,"enemies":"Giant Head","floor":41,"turns":6},{"damage":22,"enemies":"3 Darklings","floor":44,"turns":3},{"damage":6,"enemies":"Nemesis","floor":46,"turns":7},{"damage":19,"enemies":"4 Shapes","floor":47,"turns":6},{"damage":0,"enemies":"Sphere and 2 Shapes","floor":48,"turns":5},{"damage":42,"enemies":"Donu and Deca","floor":50,"turns":9}],"event_choices":[{"event_name":"Shining Light","player_choice":"Entered Light","floor":2,"damage_taken":0},{"event_name":"Liars Game","player_choice":"agreed","floor":4,"damage_taken":0},{"event_name":"Back to Basics","player_choice":"Simplicity","floor":19,"damage_taken":0},{"event_name":"Accursed Blacksmith","player_choice":"Forge","floor":20,"damage_taken":0},{"event_name":"The Mausoleum","player_choice":"Yes","floor":22,"damage_taken":0},{"event_name":"Addict","player_choice":"Ignored","floor":24,"damage_taken":0},{"event_name":"The Joust","player_choice":"Bet on Owner","floor":28,"damage_taken":0},{"event_name":"Cursed Tome","player_choice":"Obtained Book","floor":31,"damage_taken":0},{"event_name":"Mysterious Sphere","player_choice":"Fight","floor":39,"damage_taken":0},{"event_name":"Purifier","player_choice":"One Purge","floor":45,"damage_taken":0}],"boss_relics":[{"not_picked":["Question Card","Tiny House"],"picked":"Sozu"},{"not_picked":["Runic Dome","Velvet Choker"],"picked":"Cursed Key"}],"potions_floor_spawned":[5,10,12,16,25,33,36,41,44,47,48],"seed_played":"-3864718070400581998","killed_by":"Donu and Deca","ascension_level":0,"is_trial":false}