{"path_per_floor":["M","?","T","M","M","E","R","M","T","M","?","E","M","M","R","B",null,"M","?","M","?","M","R"],"character_chosen":"THE_SILENT","items_purchased":[],"gold_per_floor":[114,114,182,201,220,245,245,262,262,272,272,300,311,330,330,428,428,441,341,358,358,376,376,376],"floor_reached":24,"campfire_rested":3,"playtime":1013,"current_hp_per_floor":[65,65,65,56,56,34,55,38,38,36,70,52,52,52,70,25,70,68,68,27,27,9,30,0],"items_purged":[],"gold":376,"score":221,"play_id":"1cc9f5b4-e39b-4edc-9c32-4ec76665379d","local_time":"20180331225901","is_prod":false,"is_daily":false,"is_ascension_mode":true,"campfire_upgraded":0,"timestamp":1522529941,"path_taken":["M","?","?","?","M","E","R","M","T","M","?","E","M","M","R","BOSS","M","?","M","?","M","R","E"],"build_version":"2018-03-29v2","purchased_purges":0,"victory":false,"master_deck":["Defend_G","Defend_G","Defend_G","Defend_G","Defend_G","Strike_G","Strike_G","Strike_G","Strike_G","Survivor","Neutralize","Outmaneuver","Flying Knee","Deadly Poison","Prepared","Envenom","Blur","Dagger Spray","Prepared","Venomology","Infinite Blades","J.A.X.","Poisoned Stab"],"max_hp_per_floor":[70,70,70,70,70,70,70,70,70,70,70,70,70,70,70,70,70,70,70,70,70,70,70,70],"relics":["Ring of the Snake","Darkstone Periapt","Mummified Hand","Juzu Bracelet","Anchor","Black Star"],"card_choices":[{"not_picked":["Flying Knee","Malaise"],"picked":"Outmaneuver","floor":1},{"not_picked":["Endless Agony","Dagger Throw"],"picked":"Flying Knee","floor":4},{"not_picked":["Underhanded Strike","Sucker Punch"],"picked":"Deadly Poison","floor":5},{"not_picked":["Calculated Gamble","Endless Agony"],"picked":"Prepared","floor":6},{"not_picked":["Underhanded Strike","Dodge and Roll"],"picked":"Envenom","floor":8},{"not_picked":["Bane","Sucker Punch"],"picked":"Skewer","floor":10},{"not_picked":["PiercingWail","All Out Attack"],"picked":"Blur","floor":12},{"not_picked":["Caltrops","Acrobatics"],"picked":"Dagger Spray","floor":13},{"not_picked":["Slice","Flying Knee"],"picked":"Prepared","floor":14},{"not_picked":["Wraith Form","Night Terror"],"picked":"Venomology","floor":16},{"not_picked":["Masterful Stab","Dodge and Roll"],"picked":"Infinite Blades","floor":18},{"not_picked":["Deflect","Slice"],"picked":"Poisoned Stab","floor":20}],"player_experience":70884,"potions_floor_usage":[6,16,16,18,20,22],"damage_taken":[{"damage":5,"enemies":"Jaw Worm","floor":1,"turns":5},{"damage":9,"enemies":"Cultist","floor":4,"turns":6},{"damage":0,"enemies":"Small Slimes","floor":5,"turns":3},{"damage":22,"enemies":"Gremlin Nob","floor":6,"turns":4},{"damage":17,"enemies":"Red Slaver","floor":8,"turns":5},{"damage":2,"enemies":"Large Slime","floor":10,"turns":7},{"damage":18,"enemies":"3 Sentries","floor":12,"turns":9},{"damage":0,"enemies":"3 Louse","floor":13,"turns":3},{"damage":0,"enemies":"Looter","floor":14,"turns":3},{"damage":45,"enemies":"Hexaghost","floor":16,"turns":11},{"damage":2,"enemies":"Chosen","floor":18,"turns":5},{"damage":41,"enemies":"Spheric Guardian","floor":20,"turns":6},{"damage":18,"enemies":"Snecko","floor":22,"turns":7},{"damage":34,"enemies":"Slavers","floor":24,"turns":2}],"event_choices":[{"event_name":"Purifier","player_choice":"One Purge","floor":2,"damage_taken":0},{"event_name":"Bonfire Elementals","player_choice":"UNCOMMON","floor":11,"damage_taken":0},{"event_name":"Drug Dealer","player_choice":"Got JAXXED","floor":19,"damage_taken":0},{"event_name":"Ghosts","player_choice":"Ignored","floor":21,"damage_taken":0}],"boss_relics":[{"not_picked":["Snecko Eye","Orrery"],"picked":"Black Star"}],"potions_floor_spawned":[4,10,12,13,14,16],"seed_played":"8426817059563888974","killed_by":"Slavers","ascension_level":1,"is_trial":false}