{"path_per_floor":["M","M","?","?","M","R","E","$","T","?","R","M","R","E","R","B",null,"M","M","?","?"],"character_chosen":"DEFECT","items_purchased":["Loop"],"gold_per_floor":[109,127,127,127,142,142,173,29,29,29,29,39,39,70,70,171,171,191,208,208,208,208],"floor_reached":22,"campfire_rested":4,"playtime":495,"item_purchase_floors":[8],"current_hp_per_floor":[66,66,59,59,55,75,49,49,49,34,56,49,71,56,75,59,71,48,33,19,3,0],"items_purged":["Strike_B"],"gold":208,"score":269,"play_id":"8e750b89-3018-43f4-894a-9ea7c48d7292","local_time":"20180529045752","is_prod":false,"is_daily":false,"chose_seed":false,"is_ascension_mode":true,"campfire_upgraded":0,"win_rate":0,"timestamp":1527562672,"campfire_choices":[{"floor":6,"key":"REST"},{"floor":11,"key":"REST"},{"floor":13,"key":"REST"},{"floor":15,"key":"REST"}],"path_taken":["M","M","?","?","M","R","E","$","T","?","R","M","R","E","R","BOSS","M","M","?","?","M"],"build_version":"2018-05-27","seed_source_timestamp":91528691696812,"purchased_purges":1,"victory":false,"master_deck":["Strike_B","Strike_B","Defend_B","Defend_B","Defend_B","Defend_B","Zap+1","Dualcast+1","Cold Snap","Ball Lightning","FTL","Cold Snap","Loop+1","Barrage","Fusion","Echo Form","Compile Driver","Scrape"],"max_hp_per_floor":[75,75,75,75,75,75,75,75,75,75,75,75,75,75,75,75,75,75,75,80,80,80],"relics":["Cracked Core","Juzu Bracelet","Dodecahedron","Gremlin Horn","Girya","Nuclear Battery","Nilry\u0027s Codex"],"card_choices":[{"not_picked":["Sunder","Redo"],"picked":"Cold Snap","floor":1},{"not_picked":["Steam","Stack"],"picked":"Ball Lightning","floor":2},{"not_picked":["Sweeping Beam","Core Surge"],"picked":"FTL","floor":5},{"not_picked":["Barrage","Sunder"],"picked":"Cold Snap","floor":7},{"not_picked":["Stack","Cold Snap"],"picked":"Barrage","floor":12},{"not_picked":["Sunder","Hello World"],"picked":"Fusion","floor":14},{"not_picked":["All For One","Reboot"],"picked":"Echo Form","floor":16},{"not_picked":["FTL","Sweeping Beam+1"],"picked":"Compile Driver","floor":18},{"not_picked":["Beam Cell","Leap+1"],"picked":"Scrape","floor":19}],"player_experience":110901,"potions_floor_usage":[16,18,19],"damage_taken":[{"damage":2,"enemies":"Jaw Worm","floor":1,"turns":3},{"damage":0,"enemies":"Small Slimes","floor":2,"turns":2},{"damage":4,"enemies":"2 Louse","floor":5,"turns":2},{"damage":26,"enemies":"3 Sentries","floor":7,"turns":6},{"damage":7,"enemies":"Red Slaver","floor":12,"turns":3},{"damage":15,"enemies":"Lagavulin","floor":14,"turns":6},{"damage":16,"enemies":"Hexaghost","floor":16,"turns":7},{"damage":23,"enemies":"Chosen","floor":18,"turns":5},{"damage":15,"enemies":"2 Thieves","floor":19,"turns":3},{"damage":3,"enemies":"Snecko","floor":22,"turns":2}],"relics_obtained":[{"floor":7,"key":"Dodecahedron"},{"floor":9,"key":"Gremlin Horn"},{"floor":14,"key":"Girya"},{"floor":21,"key":"Nilry\u0027s Codex"}],"event_choices":[{"event_name":"Golden Wing","player_choice":"Card Removal","floor":3,"damage_taken":0},{"event_name":"Living Wall","player_choice":"Grow","floor":4,"damage_taken":0},{"event_name":"Shining Light","player_choice":"Entered Light","floor":10,"damage_taken":0},{"event_name":"Forgotten Altar","player_choice":"Shed Blood","floor":20,"damage_taken":0},{"event_name":"Cursed Tome","player_choice":"Obtained Book","floor":21,"damage_taken":0}],"boss_relics":[{"not_picked":["Runic Pyramid","Ectoplasm"],"picked":"Nuclear Battery"}],"items_purged_floors":[8],"potions_floor_spawned":[1,12,14,18],"seed_played":"-7658269309955675078","killed_by":"Snecko","ascension_level":8,"potions_obtained":[{"floor":1,"key":"FocusPotion"},{"floor":12,"key":"Explosive Potion"},{"floor":14,"key":"Dexterity Potion"},{"floor":18,"key":"Poison Potion"}],"is_trial":false}