{"gold_per_floor":[115,128,128,146,158,158,24,24,24,24,43,43,54,54,54,158,158,172,188,207,207,207],"floor_reached":22,"playtime":751,"items_purged":[],"score":178,"play_id":"9b35124d-0a81-4561-ac2d-bfdece59a3ce","local_time":"20181125162217","is_ascension_mode":false,"campfire_choices":[{"floor":6,"key":"REST"},{"floor":8,"key":"REST"},{"floor":15,"key":"REST"}],"neow_cost":"PERCENT_DAMAGE","seed_source_timestamp":749222118216417,"circlet_count":0,"master_deck":["Strike_B","Strike_B","Strike_B","Strike_B","Defend_B","Defend_B","Defend_B","Defend_B+1","Zap","Dualcast","Rainbow+1","Conserve Battery","Coolheaded","Coolheaded","Steam","Redo","Loop","Zap","Madness","All For One","Barrage","Electrodynamics","Go for the Eyes","Hologram","Redo"],"relics":["Potion Belt","Ornamental Fan","Busted Crown","Nloth\u0027s Gift"],"potions_floor_usage":[19,22],"damage_taken":[{"damage":9,"enemies":"Jaw Worm","floor":1,"turns":3},{"damage":4,"enemies":"Cultist","floor":2,"turns":3},{"damage":5,"enemies":"Small Slimes","floor":4,"turns":4},{"damage":5,"enemies":"3 Louse","floor":5,"turns":4},{"damage":14,"enemies":"Large Slime","floor":11,"turns":7},{"damage":18,"enemies":"Red Slaver","floor":13,"turns":3},{"damage":29,"enemies":"Slime Boss","floor":16,"turns":13},{"damage":11,"enemies":"Chosen","floor":18,"turns":5},{"damage":20,"enemies":"Shell Parasite","floor":19,"turns":5},{"damage":25,"enemies":"Centurion and Healer","floor":20,"turns":6},{"damage":21,"enemies":"Chosen and Byrds","floor":22,"turns":6}],"seed_played":"2264962087505857286","potions_obtained":[{"floor":4,"key":"FocusPotion"},{"floor":11,"key":"Dexterity Potion"},{"floor":13,"key":"Poison Potion"},{"floor":18,"key":"EssenceOfSteel"}],"is_trial":false,"path_per_floor":["M","M","?","M","M","R","$","R","T","?","M","?","M","?","R","B",null,"M","M","M","?","M"],"character_chosen":"DEFECT","items_purchased":["Redo","Loop"],"campfire_rested":3,"item_purchase_floors":[7,7],"current_hp_per_floor":[45,41,26,21,16,38,38,60,60,60,46,46,28,21,43,14,75,64,44,19,19,0],"gold":207,"neow_bonus":"THREE_RARE_CARDS","is_prod":false,"is_daily":false,"chose_seed":false,"campfire_upgraded":0,"win_rate":0.0,"timestamp":1543184537,"path_taken":["M","M","?","M","M","R","$","R","T","?","?","?","M","?","R","BOSS","M","M","M","?","?"],"build_version":"2018-11-15","purchased_purges":0,"victory":false,"max_hp_per_floor":[75,75,75,75,75,75,75,75,75,75,75,75,75,75,75,75,75,75,75,75,75,75],"card_choices":[{"not_picked":["Meteor Strike","Buffer"],"picked":"Rainbow","floor":0},{"not_picked":["Redo","Turbo"],"picked":"Conserve Battery","floor":1},{"not_picked":["Stack","Sweeping Beam"],"picked":"Coolheaded","floor":2},{"not_picked":["Barrage","Beam Cell"],"picked":"Coolheaded","floor":4},{"not_picked":["Turbo","Stack"],"picked":"Steam","floor":5},{"not_picked":["Consume","Force Field"],"picked":"All For One","floor":11},{"not_picked":["Hologram","Streamline"],"picked":"Barrage","floor":13},{"not_picked":["Machine Learning","Meteor Strike"],"picked":"Electrodynamics","floor":16},{"not_picked":[],"picked":"Go for the Eyes","floor":18},{"not_picked":[],"picked":"Hologram","floor":19},{"not_picked":[],"picked":"Redo","floor":20}],"player_experience":42942,"relics_obtained":[{"floor":9,"key":"Potion Belt"}],"event_choices":[{"damage_healed":0,"gold_gain":0,"player_choice":"Entered Light","damage_taken":15,"max_hp_gain":0,"max_hp_loss":0,"event_name":"Shining Light","floor":3,"gold_loss":0,"cards_upgraded":["Rainbow","Defend_B"]},{"damage_healed":0,"gold_gain":0,"player_choice":"2 cards matched","damage_taken":0,"max_hp_gain":0,"max_hp_loss":0,"event_name":"Match and Keep!","floor":10,"gold_loss":0,"cards_obtained":["Zap","Madness"]},{"damage_healed":0,"gold_gain":0,"player_choice":"Box","damage_taken":0,"relics_obtained":["Ornamental Fan"],"max_hp_gain":0,"max_hp_loss":0,"event_name":"Big Fish","floor":12,"gold_loss":0,"cards_obtained":["Regret"]},{"cards_removed":["Regret"],"damage_healed":0,"gold_gain":0,"player_choice":"Card Removal","damage_taken":7,"max_hp_gain":0,"max_hp_loss":0,"event_name":"Golden Wing","floor":14,"gold_loss":0},{"damage_healed":0,"gold_gain":0,"player_choice":"Traded Relic","damage_taken":0,"relics_obtained":["Nloth\u0027s Gift"],"max_hp_gain":0,"max_hp_loss":0,"event_name":"N\u0027loth","floor":21,"relics_lost":["Cracked Core"],"gold_loss":0}],"is_beta":false,"boss_relics":[{"not_picked":["Orrery","Empty Cage"],"picked":"Busted Crown"}],"items_purged_floors":[],"is_endless":false,"potions_floor_spawned":[4,11,13,18],"killed_by":"Chosen and Byrds","ascension_level":0}