{"gold_per_floor":[18,18,18,18,32,64,64,100,100,100,100,124,124,149,149,238,238,238],"floor_reached":18,"playtime":865,"items_purged":[],"score":307,"play_id":"85c53974-3797-4b3b-8e4e-c9e73f4d211c","local_time":"20190307194516","is_ascension_mode":true,"campfire_choices":[{"floor":11,"key":"REST"},{"floor":13,"key":"REST"},{"floor":15,"key":"REST"}],"neow_cost":"NO_GOLD","seed_source_timestamp":0,"circlet_count":0,"master_deck":["AscendersBane","Strike_B","Strike_B","Defend_B","Defend_B","Defend_B","Defend_B","Zap","Dualcast","Capacitor","Barrage","Chaos","Regret","Glacier","Seek","Injury","Ball Lightning","Undo","Blizzard","Creative AI"],"special_seed":0,"relics":["Cracked Core","Kunai","Strawberry","Mango","Golden Idol","Ancient Tea Set","Question Card","Matryoshka","Odd Mushroom","Inserter"],"potions_floor_usage":[14],"damage_taken":[{"damage":4.0,"enemies":"Small Slimes","floor":1.0,"turns":4.0},{"damage":8.0,"enemies":"2 Louse","floor":5.0,"turns":3.0},{"damage":33.0,"enemies":"3 Sentries","floor":6.0,"turns":10.0},{"damage":21,"enemies":"Lagavulin","floor":8,"turns":8},{"damage":1,"enemies":"Jaw Worm","floor":12,"turns":2},{"damage":16,"enemies":"The Mushroom Lair","floor":14,"turns":4},{"damage":59,"enemies":"Hexaghost","floor":16,"turns":13},{"damage":73,"enemies":"3 Byrds","floor":18,"turns":7}],"seed_played":"-658184491218020550","potions_obtained":[{"floor":1.0,"key":"Ancient Potion"},{"floor":5.0,"key":"Explosive Potion"},{"floor":8,"key":"Block Potion"}],"is_trial":false,"path_per_floor":["M","$","?","?","M","E","?","E","T","T","R","M","R","?","R","B",null,"M"],"character_chosen":"DEFECT","items_purchased":[],"campfire_rested":3,"item_purchase_floors":[],"current_hp_per_floor":[60,60,53,60,52,33,33,12,12,12,39,38,65,49,76,17,73,0],"gold":238,"neow_bonus":"TRANSFORM_TWO_CARDS","is_prod":false,"is_daily":false,"chose_seed":false,"campfire_upgraded":0,"win_rate":0,"timestamp":1552009516,"path_taken":["M","$","?","?","M","E","?","E","T","?","R","?","R","?","R","BOSS","M"],"build_version":"2019-01-23","purchased_purges":0,"victory":false,"max_hp_per_floor":[71,71,71,78,78,92,92,92,92,92,92,92,92,92,92,92,92,92],"card_choices":[{"not_picked":["Compile Driver","Conserve Battery"],"picked":"Chaos","floor":1.0},{"not_picked":["Darkness","Sweeping Beam"],"picked":"Glacier","floor":5.0},{"not_picked":["Thunder Strike","Loop"],"picked":"Seek","floor":6.0},{"not_picked":["Redo","Static Discharge"],"picked":"Ball Lightning","floor":8},{"not_picked":["Stack","Barrage","Turbo"],"picked":"Undo","floor":12},{"not_picked":["Streamline","Sunder","Storm"],"picked":"Blizzard","floor":14},{"not_picked":["Meteor Strike","Echo Form","Reboot"],"picked":"Creative AI","floor":16}],"player_experience":652706,"relics_obtained":[{"floor":6.0,"key":"Mango"},{"floor":8,"key":"Ancient Tea Set"},{"floor":9,"key":"Question Card"},{"floor":10,"key":"Matryoshka"},{"floor":14,"key":"Odd Mushroom"}],"event_choices":[{"damage_healed":0.0,"max_hp_gain":0.0,"max_hp_loss":0.0,"gold_gain":0.0,"event_name":"Scrap Ooze","player_choice":"Success","floor":3.0,"gold_loss":0.0,"damage_taken":7.0,"relics_obtained":["Kunai"]},{"damage_healed":0.0,"max_hp_gain":0.0,"max_hp_loss":0.0,"gold_gain":0.0,"event_name":"Big Fish","player_choice":"Box","floor":4.0,"gold_loss":0.0,"damage_taken":0.0,"relics_obtained":["Strawberry"],"cards_obtained":["Regret"]},{"damage_healed":0.0,"max_hp_gain":0.0,"max_hp_loss":0.0,"gold_gain":0.0,"event_name":"Golden Idol","player_choice":"Take Wound","floor":7.0,"gold_loss":0.0,"damage_taken":0.0,"relics_obtained":["Golden Idol"],"cards_obtained":["Injury"]},{"damage_healed":0,"gold_gain":0,"player_choice":"Fought Mushrooms","damage_taken":0,"max_hp_gain":0,"max_hp_loss":0,"event_name":"Mushrooms","floor":14,"gold_loss":0}],"is_beta":false,"boss_relics":[{"not_picked":["FrozenCore","Empty Cage"],"picked":"Inserter"}],"items_purged_floors":[],"is_endless":false,"potions_floor_spawned":[1,5,8],"killed_by":"3 Byrds","ascension_level":14}