{"path_per_floor":["M","$","?","M","?","E","$","M","T","E","?","R","M","M","R","B",null,"M","?","M","?","T","R","M","?","T","$","M","M","$","M","R"],"character_chosen":"DEFECT","items_purchased":["Cables"],"gold_per_floor":[12,12,12,26,26,53,53,67,67,100,100,100,112,129,129,232,232,244,244,259,259,330,330,349,384,384,71,86,103,3,23,23,23],"floor_reached":33,"campfire_rested":3,"playtime":2152,"item_purchase_floors":[27],"current_hp_per_floor":[75,75,75,74,74,58,58,58,58,28,28,50,44,44,66,11,75,68,68,53,63,63,63,49,42,42,42,25,25,25,24,49,0],"items_purged":["Pain","Doubt"],"gold":23,"score":308,"play_id":"dbdd20c6-7f7f-4480-b614-c664551f1326","local_time":"20180519220545","is_prod":false,"is_daily":false,"chose_seed":false,"is_ascension_mode":true,"campfire_upgraded":1,"timestamp":1526760345,"campfire_choices":[{"floor":12,"key":"REST"},{"floor":15,"key":"REST"},{"data":"Zap","floor":23,"key":"SMITH"},{"floor":32,"key":"REST"}],"path_taken":["M","$","?","M","?","E","?","M","T","E","?","R","?","M","R","BOSS","M","?","M","?","?","R","?","?","T","?","?","M","?","M","R","BOSS"],"build_version":"2018-05-18","seed_source_timestamp":1250054462588610,"purchased_purges":2,"victory":false,"master_deck":["Strike_B","Strike_B","Strike_B","Defend_B","Defend_B","Defend_B","Defend_B","Zap+1","Dualcast","Streamline","Axe Kick","All For One","Loop","Seek","Beam Cell","Streamline","Go for the Eyes","Axe Kick"],"max_hp_per_floor":[75,75,75,75,75,75,75,75,75,75,75,75,75,75,75,75,75,75,75,75,85,85,85,85,85,85,85,85,85,85,85,85,85],"relics":["Cracked Core","Sundial","Mercury Hourglass","Centennial Puzzle","DataDisk","Thread and Needle","Cursed Key","Pear","Bottled Tornado","Red Mask","Vajra","Cables"],"card_choices":[{"not_picked":["Sweeping Beam","Rebound"],"picked":"Streamline","floor":1},{"not_picked":["Turbo","Ball Lightning"],"picked":"Axe Kick","floor":4},{"not_picked":["Capacitor","Consume"],"picked":"All For One","floor":6},{"not_picked":["Sweeping Beam","Hologram","Darkness"],"picked":"SKIP","floor":8},{"not_picked":["Cold Snap","Turbo"],"picked":"Loop","floor":10},{"not_picked":["Skim","Coolheaded","Barrage"],"picked":"SKIP","floor":13},{"not_picked":["Coolheaded","Leap","Sweeping Beam"],"picked":"SKIP","floor":14},{"not_picked":["Meteor Strike","Biased Cognition"],"picked":"Seek","floor":16},{"not_picked":["Ball Lightning","Turbo","Sweeping Beam"],"picked":"SKIP","floor":18},{"not_picked":["Coolheaded","Turbo","Rebound"],"picked":"SKIP","floor":20},{"not_picked":["Biased Cognition","Rebound"],"picked":"Beam Cell","floor":24},{"not_picked":["Rebound","Aggregate"],"picked":"Streamline","floor":25},{"not_picked":["Barrage","Rebound","Tempest"],"picked":"SKIP","floor":28},{"not_picked":["Redo","Sweeping Beam"],"picked":"Go for the Eyes","floor":29},{"not_picked":["Stack","Ball Lightning"],"picked":"Axe Kick","floor":31}],"player_experience":78584,"potions_floor_usage":[6,20,25,25,25],"damage_taken":[{"damage":0,"enemies":"Small Slimes","floor":1,"turns":3},{"damage":1,"enemies":"2 Louse","floor":4,"turns":2},{"damage":16,"enemies":"3 Sentries","floor":6,"turns":5},{"damage":0,"enemies":"Cultist","floor":8,"turns":2},{"damage":30,"enemies":"Lagavulin","floor":10,"turns":5},{"damage":6,"enemies":"Exordium Wildlife","floor":13,"turns":3},{"damage":0,"enemies":"3 Louse","floor":14,"turns":2},{"damage":55,"enemies":"Hexaghost","floor":16,"turns":10},{"damage":7,"enemies":"Chosen","floor":18,"turns":3},{"damage":15,"enemies":"Shell Parasite","floor":20,"turns":4},{"damage":14,"enemies":"Chosen and Byrds","floor":24,"turns":5},{"damage":7,"enemies":"Masked Bandits","floor":25,"turns":2},{"damage":17,"enemies":"Sentry and Sphere","floor":28,"turns":4},{"damage":0,"enemies":"Snake Plant","floor":29,"turns":2},{"damage":1,"enemies":"Centurion and Healer","floor":31,"turns":3},{"damage":57,"enemies":"Collector","floor":33,"turns":5}],"relics_obtained":[{"floor":6,"key":"Mercury Hourglass"},{"floor":9,"key":"Centennial Puzzle"},{"floor":10,"key":"DataDisk"},{"floor":22,"key":"Bottled Tornado"},{"floor":25,"key":"Red Mask"},{"floor":26,"key":"Vajra"}],"event_choices":[{"event_name":"The Cleric","player_choice":"Leave","floor":3,"damage_taken":0},{"event_name":"Living Wall","player_choice":"Forget","floor":5,"damage_taken":0},{"event_name":"Dead Adventurer","player_choice":"Searched \u00271\u0027 times","floor":11,"damage_taken":0},{"event_name":"Drug Dealer","player_choice":"Ignored","floor":19,"damage_taken":0},{"event_name":"The Mausoleum","player_choice":"Yes","floor":21,"damage_taken":0},{"event_name":"Masked Bandits","player_choice":"Fought over 349 gold","floor":25,"damage_taken":0}],"boss_relics":[{"not_picked":["Velvet Choker","Orrery"],"picked":"Cursed Key"}],"items_purged_floors":[27,30],"potions_floor_spawned":[4,14,16,18,24],"seed_played":"7509710659419494139","killed_by":"Collector","ascension_level":4,"potions_obtained":[{"floor":4,"key":"Explosive Potion"},{"floor":14,"key":"SteroidPotion"},{"floor":16,"key":"SkillPotion"},{"floor":18,"key":"Weak Potion"},{"floor":24,"key":"LiquidBronze"}],"is_trial":false}