{"gold_per_floor":[118,128,53,70,20,20,50,50,50,79,103,122,141,174,174,272,272,291,216,216,71,82,107,107,125,176,126,145,177,197,208,208,304,304,322,322,337,337,95,123,123,123,123,139,139,159,185,200,200,200],"floor_reached":51,"playtime":2079,"items_purged":["Sucker Punch","Acrobatics"],"score":1067,"play_id":"313eaae1-4724-4f10-ba62-3aed5488b2ea","local_time":"20181019015830","daily_mods":["Draft","Heirloom","Time Dilation"],"is_ascension_mode":false,"campfire_choices":[{"floor":6,"key":"DIG"},{"data":"Blade Dance","floor":15,"key":"SMITH"},{"floor":24,"key":"DIG"},{"data":"Finisher","floor":32,"key":"SMITH"},{"floor":41,"key":"DIG"},{"floor":49,"key":"DIG"}],"neow_cost":"","seed_source_timestamp":552931613331840,"circlet_count":0,"master_deck":["Concentrate+1","Slice+1","Escape Plan+1","Backstab+1","Masterful Stab+1","Calculated Gamble+1","Blade Dance+1","Deflect+1","Slice+1","Prepared+1","Prepared+1","Concentrate+1","Calculated Gamble+1","Finisher+1","Infinite Blades+1","Endless Agony+1","Finisher+1","Endless Agony+1","Adrenaline+1","Deflect+1","Setup+1","Slice","Backstab"],"relics":["Unceasing Top","Shovel","Gambling Chip","The Courier","Dodecahedron","Bottled Lightning","Odd Mushroom","Ninja Scroll","Runic Pyramid","Smiling Mask","Happy Flower","Regal Pillow","Torii","Coffee Dripper","Mark of the Bloom","Tingsha","Blue Candle","FossilizedHelix","Meat on the Bone","Singing Bowl","Bronze Scales"],"potions_floor_usage":[],"damage_taken":[{"damage":0,"enemies":"2 Louse","floor":1,"turns":1},{"damage":0,"enemies":"Small Slimes","floor":2,"turns":1},{"damage":0,"enemies":"Jaw Worm","floor":4,"turns":1},{"damage":0,"enemies":"Gremlin Nob","floor":7,"turns":1},{"damage":0,"enemies":"3 Sentries","floor":10,"turns":1},{"damage":0,"enemies":"The Mushroom Lair","floor":11,"turns":1},{"damage":0,"enemies":"Exordium Wildlife","floor":12,"turns":1},{"damage":0,"enemies":"3 Louse","floor":13,"turns":1},{"damage":0,"enemies":"Gremlin Nob","floor":14,"turns":1},{"damage":0,"enemies":"Hexaghost","floor":16,"turns":1},{"damage":0,"enemies":"3 Byrds","floor":18,"turns":1},{"damage":0,"enemies":"Spheric Guardian","floor":22,"turns":1},{"damage":0,"enemies":"Book of Stabbing","floor":23,"turns":1},{"damage":0,"enemies":"Snecko","floor":25,"turns":1},{"damage":10,"enemies":"Chosen and Byrds","floor":28,"turns":2},{"damage":0,"enemies":"Slavers","floor":29,"turns":1},{"damage":0,"enemies":"Sentry and Sphere","floor":30,"turns":1},{"damage":0,"enemies":"Centurion and Healer","floor":31,"turns":1},{"damage":0,"enemies":"Automaton","floor":33,"turns":2},{"damage":0,"enemies":"3 Shapes","floor":35,"turns":1},{"damage":0,"enemies":"3 Darklings","floor":37,"turns":1},{"damage":0,"enemies":"Nemesis","floor":40,"turns":1},{"damage":0,"enemies":"Spire Growth","floor":44,"turns":1},{"damage":0,"enemies":"Maw","floor":46,"turns":1},{"damage":0,"enemies":"Reptomancer","floor":47,"turns":1},{"damage":0,"enemies":"Writhing Mass","floor":48,"turns":1},{"damage":31,"enemies":"Time Eater","floor":50,"turns":6}],"seed_played":"-5816588218145954574","potions_obtained":[{"floor":4,"key":"Poison Potion"},{"floor":10,"key":"Weak Potion"},{"floor":11,"key":"SpeedPotion"}],"is_trial":true,"path_per_floor":["M","M","$","M","?","R","E","$","T","E","?","M","M","E","R","B",null,"M","?","?","$","M","E","R","M","T","?","M","E","M","M","R","B",null,"M","$","M","?","$","E","R","$","T","M","?","M","E","M","R","B"],"character_chosen":"THE_SILENT","items_purchased":["Endless Agony","Tingsha"],"campfire_rested":0,"item_purchase_floors":[21,39],"current_hp_per_floor":[70,70,70,70,70,70,70,70,70,70,70,70,70,70,70,70,70,70,70,63,63,63,63,63,63,63,63,53,53,53,53,53,53,70,70,70,70,70,70,70,70,70,70,70,66,66,66,66,66,35],"gold":200,"neow_bonus":"","is_prod":false,"is_daily":false,"chose_seed":false,"campfire_upgraded":2,"win_rate":0.0,"timestamp":1539932310,"path_taken":["M","M","$","M","?","R","E","$","T","E","?","M","M","E","R","BOSS","M","?","?","$","M","E","R","M","T","?","M","E","M","M","R","BOSS","M","$","M","?","$","E","R","?","T","M","?","M","E","M","R","BOSS"],"build_version":"2018-10-18","purchased_purges":2,"victory":true,"max_hp_per_floor":[70,70,70,70,70,70,70,70,70,70,70,70,70,70,70,70,70,70,70,70,70,70,70,70,70,70,70,70,70,70,70,70,70,70,70,70,70,70,70,70,70,70,70,70,66,66,66,68,68,68],"card_choices":[{"not_picked":["Sucker Punch","Deadly Poison"],"picked":"Concentrate","floor":0},{"not_picked":["Blade Dance","Acrobatics"],"picked":"Slice","floor":0},{"not_picked":["Quick Slash","Poisoned Stab"],"picked":"Escape Plan","floor":0},{"not_picked":["Backflip","Slice"],"picked":"Backstab","floor":0},{"not_picked":["Bane","Underhanded Strike"],"picked":"Masterful Stab","floor":0},{"not_picked":["Acrobatics","Tactician"],"picked":"Calculated Gamble","floor":0},{"not_picked":["Poisoned Stab","Bane"],"picked":"Blade Dance","floor":0},{"not_picked":["Choke","PiercingWail"],"picked":"Deflect","floor":0},{"not_picked":["PiercingWail","Dash"],"picked":"Sucker Punch","floor":0},{"not_picked":["Cloak And Dagger","Terror"],"picked":"Backflip","floor":0},{"not_picked":["All Out Attack","Underhanded Strike"],"picked":"Slice","floor":0},{"not_picked":["Deflect","Escape Plan"],"picked":"Prepared","floor":0},{"not_picked":["Tactician","PiercingWail"],"picked":"Poisoned Stab","floor":0},{"not_picked":["Underhanded Strike","Riddle With Holes"],"picked":"Acrobatics","floor":0},{"not_picked":["Flechettes","Blade Dance"],"picked":"Prepared","floor":0},{"not_picked":["Tactician","Poisoned Stab"],"picked":"Concentrate","floor":1},{"not_picked":["Slice","Predator"],"picked":"Calculated Gamble","floor":2},{"not_picked":["Finisher","Dash","Poisoned Stab"],"picked":"SKIP","floor":4},{"not_picked":["Phantasmal Killer","Poisoned Stab","Flying Knee"],"picked":"SKIP","floor":7},{"not_picked":["Deadly Poison","Backflip"],"picked":"Finisher","floor":10},{"not_picked":["Flechettes","Cloak And Dagger","Wraith Form v2"],"picked":"SKIP","floor":12},{"not_picked":["Cloak And Dagger","PiercingWail","Deflect"],"picked":"SKIP","floor":13},{"not_picked":["Noxious Fumes","Dagger Throw"],"picked":"Infinite Blades","floor":14},{"not_picked":["Sucker Punch+1","Tactician","Poisoned Stab"],"picked":"SKIP","floor":18},{"not_picked":["Flechettes","Cloak And Dagger"],"picked":"Finisher","floor":22},{"not_picked":["Bane","Dodge and Roll"],"picked":"Endless Agony+1","floor":23},{"not_picked":["Deflect+1","Blade Dance+1","Cloak And Dagger"],"picked":"SKIP","floor":25},{"not_picked":["Expertise","Wraith Form v2","Flying Knee"],"picked":"SKIP","floor":28},{"not_picked":["All Out Attack","Dash","Underhanded Strike"],"picked":"SKIP","floor":29},{"not_picked":["Dodge and Roll","Flying Knee","Acrobatics"],"picked":"SKIP","floor":30},{"not_picked":["Backflip","Quick Slash","Cloak And Dagger+1"],"picked":"SKIP","floor":31},{"not_picked":["Bullet Time","Night Terror"],"picked":"Adrenaline","floor":33},{"not_picked":["Riddle With Holes","Quick Slash+1"],"picked":"Deflect","floor":35},{"not_picked":["Heel Hook+1","Acrobatics","Poisoned Stab+1"],"picked":"SKIP","floor":37},{"not_picked":["Cloak And Dagger","All Out Attack"],"picked":"Setup+1","floor":40},{"not_picked":["Quick Slash","Blade Dance","Riddle With Holes"],"picked":"SKIP","floor":44},{"not_picked":["Tools of the Trade","Underhanded Strike+1"],"picked":"Slice","floor":46},{"not_picked":["Skewer+1","Flechettes+1"],"picked":"Backstab","floor":47},{"not_picked":["Deadly Poison","Phantasmal Killer","Deflect"],"picked":"Singing Bowl","floor":48}],"player_experience":121986,"relics_obtained":[{"floor":6,"key":"Gambling Chip"},{"floor":7,"key":"The Courier"},{"floor":9,"key":"Dodecahedron"},{"floor":10,"key":"Bottled Lightning"},{"floor":11,"key":"Odd Mushroom"},{"floor":14,"key":"Ninja Scroll"},{"floor":23,"key":"Smiling Mask"},{"floor":24,"key":"Happy Flower"},{"floor":26,"key":"Regal Pillow"},{"floor":29,"key":"Torii"},{"floor":40,"key":"Blue Candle"},{"floor":41,"key":"FossilizedHelix"},{"floor":43,"key":"Meat on the Bone"},{"floor":47,"key":"Singing Bowl"},{"floor":49,"key":"Bronze Scales"}],"event_choices":[{"cards_removed":["Backflip"],"damage_healed":0,"gold_gain":0,"player_choice":"Card Removal","damage_taken":0,"max_hp_gain":0,"max_hp_loss":0,"event_name":"The Cleric","floor":5,"gold_loss":50},{"damage_healed":0,"gold_gain":0,"player_choice":"Fought Mushrooms","damage_taken":0,"max_hp_gain":0,"max_hp_loss":0,"event_name":"Mushrooms","floor":11,"gold_loss":0},{"cards_removed":["Poisoned Stab"],"damage_healed":0,"gold_gain":0,"player_choice":"Gave Gold","damage_taken":0,"max_hp_gain":0,"max_hp_loss":0,"event_name":"Beggar","floor":19,"gold_loss":75},{"damage_healed":0,"gold_gain":0,"player_choice":"Damaged","damage_taken":7,"max_hp_gain":0,"max_hp_loss":0,"event_name":"Wheel of Change","floor":20,"gold_loss":0},{"damage_healed":0,"gold_gain":0,"player_choice":"Bet on Murderer","damage_taken":0,"max_hp_gain":0,"max_hp_loss":0,"event_name":"The Joust","floor":27,"gold_loss":50},{"damage_healed":0,"gold_gain":0,"player_choice":"Upgrade","damage_taken":0,"relics_obtained":["Mark of the Bloom"],"max_hp_gain":0,"max_hp_loss":0,"event_name":"MindBloom","floor":38,"gold_loss":0,"cards_upgraded":["Concentrate","Slice","Escape Plan","Backstab","Masterful Stab","Calculated Gamble","Deflect","Slice","Prepared","Prepared","Concentrate","Calculated Gamble","Infinite Blades","Endless Agony","Finisher","Adrenaline","Deflect"]},{"damage_healed":0,"gold_gain":0,"player_choice":"Max HP","damage_taken":0,"max_hp_gain":0,"max_hp_loss":4,"event_name":"Winding Halls","floor":45,"gold_loss":0}],"is_beta":false,"boss_relics":[{"not_picked":["Busted Crown","Astrolabe"],"picked":"Runic Pyramid"},{"not_picked":["Snecko Eye","Cursed Key"],"picked":"Coffee Dripper"}],"items_purged_floors":[3,21],"is_endless":false,"potions_floor_spawned":[4,10,11,14,16,23,28,30,31,35,37,40],"ascension_level":0}