{"gold_per_floor":[114,125,141,13,13,48,48,67,67,32,32,32],"floor_reached":12,"playtime":568,"items_purged":[],"score":110,"play_id":"c2a9ebef-11cb-453c-ab91-6877b6416256","local_time":"20181101171452","is_ascension_mode":true,"campfire_choices":[{"data":"Seek","floor":7,"key":"SMITH"}],"neow_cost":"NONE","seed_source_timestamp":313694357233577,"circlet_count":0,"master_deck":["Strike_B","Strike_B","Strike_B","Strike_B","Defend_B","Defend_B","Defend_B","Defend_B","Zap","Dualcast","Reprogram","Chaos","Conserve Battery","Coolheaded","Static Discharge","Seek+1","Glacier"],"relics":["Cracked Core","Vajra","Shuriken","Pantograph","Toxic Egg 2"],"potions_floor_usage":[6,11],"damage_taken":[{"damage":10,"enemies":"Small Slimes","floor":1,"turns":3},{"damage":3,"enemies":"2 Louse","floor":2,"turns":2},{"damage":2,"enemies":"Jaw Worm","floor":3,"turns":4},{"damage":24,"enemies":"Lagavulin","floor":6,"turns":8},{"damage":5,"enemies":"Blue Slaver","floor":8,"turns":3},{"damage":37,"enemies":"Gremlin Nob","floor":11,"turns":4},{"damage":9,"enemies":"2 Fungi Beasts","floor":12,"turns":4}],"seed_played":"-5233635693532273918","potions_obtained":[{"floor":3,"key":"Ancient Potion"},{"floor":6,"key":"SmokeBomb"},{"floor":8,"key":"SteroidPotion"}],"is_trial":false,"path_per_floor":["M","M","M","$","?","E","R","M","T","?","E"],"character_chosen":"DEFECT","items_purchased":["Coolheaded","Static Discharge"],"campfire_rested":0,"item_purchase_floors":[4,4],"current_hp_per_floor":[65,62,60,60,57,33,33,28,28,46,9,0],"gold":32,"neow_bonus":"RANDOM_COMMON_RELIC","is_prod":false,"is_daily":false,"chose_seed":false,"campfire_upgraded":1,"win_rate":0,"timestamp":1541110492,"path_taken":["M","M","M","$","?","E","R","M","T","?","E","M"],"build_version":"2018-10-25v2","purchased_purges":0,"victory":false,"max_hp_per_floor":[75,75,75,75,75,75,75,75,75,75,75,75],"card_choices":[{"not_picked":["Barrage","BootSequence"],"picked":"Reprogram","floor":1},{"not_picked":["Hologram","Conserve Battery"],"picked":"Chaos","floor":2},{"not_picked":["Barrage","Heatsinks"],"picked":"Conserve Battery","floor":3},{"not_picked":["Rainbow","Lockon"],"picked":"Seek","floor":6},{"not_picked":["Turbo","Redo"],"picked":"Glacier","floor":8}],"player_experience":250680,"relics_obtained":[{"floor":6,"key":"Pantograph"},{"floor":9,"key":"Toxic Egg 2"}],"event_choices":[{"damage_healed":0,"gold_gain":0,"player_choice":"Success","damage_taken":3,"relics_obtained":["Shuriken"],"max_hp_gain":0,"max_hp_loss":0,"event_name":"Scrap Ooze","floor":5,"gold_loss":0},{"damage_healed":18,"gold_gain":0,"player_choice":"Healed","damage_taken":0,"max_hp_gain":0,"max_hp_loss":0,"event_name":"The Cleric","floor":10,"gold_loss":35}],"is_beta":false,"boss_relics":[],"items_purged_floors":[],"is_endless":false,"potions_floor_spawned":[3,6,8],"killed_by":"2 Fungi Beasts","ascension_level":5}