{"gold_per_floor":[117,57,12,23,39,65,79,79,79,106,106,71,89,161,161,266,266,256,270,270,79,98,98,98],"floor_reached":24,"playtime":1120,"items_purged":["Decay"],"score":288,"play_id":"554af2dc-e0cf-49bb-80f3-6f44c31a2092","local_time":"20190307214448","is_ascension_mode":true,"campfire_choices":[{"floor":15,"key":"REST"},{"floor":23,"key":"REST"}],"neow_cost":"NONE","seed_source_timestamp":1389064866517515,"circlet_count":0,"master_deck":["Strike_B","Strike_B","Strike_B","Strike_B","Defend_B","Defend_B","Defend_B","Zap+1","Dualcast","Conserve Battery","Cold Snap","Coolheaded+1","Conserve Battery","Glacier","Echo Form","All For One","Coolheaded","Capacitor","Necronomicurse","Defragment","Core Surge","Auto Shields"],"relics":["Cracked Core","Ancient Tea Set","Darkstone Periapt","Regal Pillow","Omamori","Mummified Hand","Calling Bell","Smiling Mask","Gremlin Horn","Gambling Chip","Necronomicon"],"potions_floor_usage":[10,10,13,16,24],"damage_taken":[{"damage":5,"enemies":"2 Louse","floor":1,"turns":2},{"damage":0,"enemies":"Cultist","floor":4,"turns":3},{"damage":0,"enemies":"Jaw Worm","floor":5,"turns":5},{"damage":15,"enemies":"3 Sentries","floor":6,"turns":11},{"damage":0,"enemies":"2 Fungi Beasts","floor":7,"turns":4},{"damage":15,"enemies":"Lagavulin","floor":10,"turns":9},{"damage":0,"enemies":"Looter","floor":13,"turns":3},{"damage":24,"enemies":"The Guardian","floor":16,"turns":17},{"damage":16,"enemies":"2 Thieves","floor":18,"turns":4},{"damage":12,"enemies":"Shell Parasite","floor":19,"turns":11},{"damage":16,"enemies":"Centurion and Healer","floor":22,"turns":11},{"damage":68,"enemies":"Book of Stabbing","floor":24,"turns":10}],"seed_played":"-2190397406096355054","potions_obtained":[{"floor":4,"key":"Swift Potion"},{"floor":5,"key":"Dexterity Potion"},{"floor":7,"key":"SkillPotion"},{"floor":13,"key":"EssenceOfSteel"},{"floor":22,"key":"GamblersBrew"}],"is_trial":false,"path_per_floor":["M","?","$","M","M","E","M","?","T","E","?","?","M","T","R","B",null,"M","M","?","$","M","R","E"],"character_chosen":"DEFECT","items_purchased":["Cold Snap","Defragment","Core Surge"],"campfire_rested":2,"item_purchase_floors":[3,21,21],"current_hp_per_floor":[63,63,63,63,63,48,48,41,41,26,26,44,44,44,75,51,75,59,47,37,37,21,62,0],"gold":98,"neow_bonus":"UPGRADE_CARD","is_prod":false,"is_daily":false,"chose_seed":false,"campfire_upgraded":0,"win_rate":0,"timestamp":1551991488,"path_taken":["M","?","$","?","M","E","M","?","T","E","?","?","M","?","R","BOSS","M","M","?","$","M","R","E"],"build_version":"2019-01-23","purchased_purges":1,"victory":false,"max_hp_per_floor":[75,75,75,75,75,75,75,75,75,75,75,75,75,75,75,75,81,81,81,87,87,87,87,87],"card_choices":[{"not_picked":["Steam","Barrage"],"picked":"Conserve Battery","floor":1},{"not_picked":["Genetic Algorithm","FTL"],"picked":"Coolheaded","floor":4},{"not_picked":["Compile Driver","Redo","Steam"],"picked":"SKIP","floor":5},{"not_picked":["Reinforced Body","Redo"],"picked":"Conserve Battery","floor":6},{"not_picked":["Streamline","Redo"],"picked":"Glacier","floor":7},{"not_picked":["Rebound","Redo"],"picked":"Echo Form","floor":10},{"not_picked":["Rip and Tear","Streamline","Fusion"],"picked":"SKIP","floor":13},{"not_picked":["Rainbow","Reboot"],"picked":"All For One","floor":16},{"not_picked":["Beam Cell","Consume"],"picked":"Coolheaded","floor":18},{"not_picked":["Storm","Turbo"],"picked":"Capacitor","floor":19},{"not_picked":["Stack","Streamline"],"picked":"Auto Shields","floor":22}],"player_experience":292786,"relics_obtained":[{"floor":6,"key":"Darkstone Periapt"},{"floor":9,"key":"Regal Pillow"},{"floor":10,"key":"Omamori"},{"floor":14,"key":"Mummified Hand"},{"floor":17,"key":"Smiling Mask"},{"floor":17,"key":"Gremlin Horn"},{"floor":17,"key":"Gambling Chip"},{"floor":20,"key":"Necronomicon"}],"event_choices":[{"damage_healed":0,"gold_gain":0,"player_choice":"Paid Gold","damage_taken":0,"relics_obtained":["Ancient Tea Set"],"max_hp_gain":0,"max_hp_loss":0,"event_name":"WeMeetAgain","floor":2,"gold_loss":60},{"cards_removed":["Defend_B"],"damage_healed":0,"gold_gain":0,"player_choice":"Card Removal","damage_taken":7,"max_hp_gain":0,"max_hp_loss":0,"event_name":"Golden Wing","floor":8,"gold_loss":0},{"damage_healed":0,"gold_gain":0,"player_choice":"Grow","damage_taken":0,"max_hp_gain":0,"max_hp_loss":0,"event_name":"Living Wall","floor":11,"gold_loss":0,"cards_upgraded":["Coolheaded"]},{"damage_healed":18,"gold_gain":0,"player_choice":"Healed","damage_taken":0,"max_hp_gain":0,"max_hp_loss":0,"event_name":"The Cleric","floor":12,"gold_loss":35},{"damage_healed":0,"gold_gain":0,"player_choice":"Obtained Book","damage_taken":16,"max_hp_gain":0,"max_hp_loss":0,"event_name":"Cursed Tome","floor":20,"gold_loss":0}],"is_beta":false,"boss_relics":[{"not_picked":["Sozu","Orrery"],"picked":"Calling Bell"}],"items_purged_floors":[21],"is_endless":false,"potions_floor_spawned":[4,5,7,13,22],"killed_by":"Book of Stabbing","ascension_level":8}