{"gold_per_floor":[117,117,117,131,151,179,179,199,199,234,252,252,252],"floor_reached":13,"playtime":445,"items_purged":[],"score":114,"play_id":"5b59c994-e41d-4335-a778-57019cfbeacf","local_time":"20181031132719","is_ascension_mode":true,"campfire_choices":[{"data":"Static Discharge","floor":7,"key":"SMITH"}],"neow_cost":"NONE","seed_source_timestamp":213764536881404,"circlet_count":0,"master_deck":["Strike_B","Strike_B","Strike_B","Strike_B","Defend_B","Defend_B","Defend_B","Defend_B","Zap","Dualcast","Ball Lightning","Conserve Battery","Coolheaded","Static Discharge+1","Gash","Echo Form","Loop"],"relics":["Cracked Core","NeowsBlessing","Ancient Tea Set","Bag of Marbles","Mummified Hand"],"potions_floor_usage":[11,13],"damage_taken":[{"damage":0,"enemies":"2 Louse","floor":1,"turns":1},{"damage":0,"enemies":"Small Slimes","floor":4,"turns":1},{"damage":0,"enemies":"Jaw Worm","floor":5,"turns":1},{"damage":27,"enemies":"Lagavulin","floor":6,"turns":7},{"damage":11,"enemies":"Large Slime","floor":8,"turns":6},{"damage":17,"enemies":"3 Sentries","floor":10,"turns":5},{"damage":11,"enemies":"3 Louse","floor":11,"turns":3},{"damage":9,"enemies":"Lagavulin","floor":13,"turns":7}],"seed_played":"-687598526280908062","potions_obtained":[{"floor":4,"key":"GamblersBrew"},{"floor":6,"key":"EssenceOfSteel"}],"is_trial":false,"path_per_floor":["M","?","?","M","M","E","R","M","T","E","M","?"],"character_chosen":"DEFECT","items_purchased":[],"campfire_rested":0,"item_purchase_floors":[],"current_hp_per_floor":[75,75,75,75,75,48,48,37,37,20,9,9,0],"gold":252,"neow_bonus":"THREE_ENEMY_KILL","is_prod":false,"is_daily":false,"chose_seed":false,"campfire_upgraded":1,"win_rate":0,"timestamp":1541010439,"path_taken":["M","?","?","?","M","E","R","M","T","E","M","?","E"],"build_version":"2018-10-25v2","purchased_purges":0,"victory":false,"max_hp_per_floor":[75,75,75,75,75,75,75,75,75,75,75,75,75],"card_choices":[{"not_picked":["Barrage","Tempest"],"picked":"Ball Lightning","floor":1},{"not_picked":["Streamline","Beam Cell"],"picked":"Conserve Battery","floor":4},{"not_picked":["Cold Snap","Steam"],"picked":"Coolheaded","floor":5},{"not_picked":["Ball Lightning","Redo"],"picked":"Static Discharge","floor":6},{"not_picked":["Hologram","Conserve Battery"],"picked":"Gash","floor":8},{"not_picked":["Auto Shields","Barrage"],"picked":"Echo Form","floor":10},{"not_picked":["Force Field","Beam Cell"],"picked":"Loop","floor":11}],"player_experience":232813,"relics_obtained":[{"floor":6,"key":"Ancient Tea Set"},{"floor":9,"key":"Bag of Marbles"},{"floor":10,"key":"Mummified Hand"}],"event_choices":[{"damage_healed":0,"gold_gain":0,"player_choice":"Leave","damage_taken":0,"max_hp_gain":0,"max_hp_loss":0,"event_name":"The Cleric","floor":2,"gold_loss":0},{"damage_healed":0,"gold_gain":0,"player_choice":"Ignored","damage_taken":0,"max_hp_gain":0,"max_hp_loss":0,"event_name":"Golden Wing","floor":3,"gold_loss":0},{"damage_healed":0,"gold_gain":0,"player_choice":"Ignored","damage_taken":0,"max_hp_gain":0,"max_hp_loss":0,"event_name":"Golden Idol","floor":12,"gold_loss":0}],"is_beta":false,"boss_relics":[],"items_purged_floors":[],"is_endless":false,"potions_floor_spawned":[4,6],"killed_by":"Lagavulin","ascension_level":4}