{"path_per_floor":["M","?","M","?","$","E","M","?","T","E","M","M","$","M","R","B",null,"M","?","M","?","$","R","M","M","T"],"character_chosen":"IRONCLAD","items_purchased":["Strength Potion","Sword Boomerang","Block Potion"],"gold_per_floor":[116,96,106,56,7,41,59,11,11,39,49,65,20,36,36,134,134,152,152,167,167,43,43,61,78,102],"floor_reached":27,"campfire_rested":2,"playtime":1517,"current_hp_per_floor":[75,75,75,75,75,67,74,74,84,45,24,34,34,40,73,52,114,98,98,61,61,61,97,97,19,19],"items_purged":["Writhe"],"gold":102,"score":275,"play_id":"c50ed249-907c-4b16-b58a-2de23bbce648","is_prod":false,"is_daily":false,"is_ascension_mode":false,"campfire_upgraded":0,"path_taken":["M","?","M","?","$","E","M","?","T","E","M","M","$","?","R","BOSS","M","?","M","?","?","R","?","?","T","M"],"build_version":"2018-02-15-PROD1","purchased_purges":1,"victory":false,"master_deck":["Strike_R","Strike_R","Strike_R","Strike_R","Defend_R","Defend_R","Defend_R","Defend_R","Bash","Cleave","Pommel Strike","Feed+1","Burning Pact","Armaments","Intimidate","Sword Boomerang+1","Fire Breathing","Clash+1","Impervious","Writhe","Armaments+1","Cleave+1","Clash+1","Heavy Blade+1","Rupture"],"max_hp_per_floor":[80,80,80,80,80,80,84,84,94,98,102,106,106,110,110,114,114,118,118,122,122,122,122,122,122,122],"relics":["Burning Blood","Dream Catcher","Molten Egg 2","Pear","Bag of Marbles","Calling Bell","Letter Opener","Ancient Tea Set","Bag of Preparation","Ice Cream","Blood Vial"],"card_choices":[{"not_picked":["Flex","Reckless Charge"],"picked":"Cleave"},{"not_picked":["Anger","Bloodletting"],"picked":"Pommel Strike"},{"not_picked":["Metallicize","Clothesline"],"picked":"Feed"},{"not_picked":["Shockwave","Body Slam"],"picked":"Burning Pact"},{"not_picked":["Anger","Cleave"],"picked":"Armaments"},{"not_picked":["Infernal Blade","Combust"],"picked":"Intimidate"},{"not_picked":["Twin Strike","Inflame"],"picked":"Fire Breathing"},{"not_picked":["Iron Wave","Cleave"],"picked":"Clash"},{"not_picked":["Fiend Fire","Dark Embrace"],"picked":"Impervious"},{"not_picked":["Body Slam","Hemokinesis"],"picked":"Armaments"},{"not_picked":["Thunderclap","Rage"],"picked":"Cleave"},{"not_picked":["Pummel","Whirlwind"],"picked":"Clash"},{"not_picked":["Inflame","Warcry"],"picked":"Heavy Blade"},{"not_picked":["Uppercut","Rage"],"picked":"Rupture"}],"player_experience":14046,"potions_floor_usage":[3,6,6,10,16,20,24,24,25],"damage_taken":[{"damage":11,"enemies":"Small Slimes","floor":1,"turns":3},{"damage":6,"enemies":"Cultist","floor":3,"turns":3},{"damage":14,"enemies":"Gremlin Nob","floor":6,"turns":3},{"damage":3,"enemies":"Jaw Worm","floor":7,"turns":3},{"damage":49,"enemies":"Lagavulin","floor":10,"turns":8},{"damage":31,"enemies":"Large Slime","floor":11,"turns":7},{"damage":0,"enemies":"2 Fungi Beasts","floor":12,"turns":2},{"damage":4,"enemies":"Exordium Wildlife","floor":14,"turns":2},{"damage":31,"enemies":"Slime Boss","floor":16,"turns":9},{"damage":26,"enemies":"Chosen","floor":18,"turns":6},{"damage":47,"enemies":"Shell Parasite","floor":20,"turns":9},{"damage":6,"enemies":"Chosen and Byrds","floor":24,"turns":8},{"damage":84,"enemies":"Cultist and Chosen","floor":25,"turns":10},{"damage":24,"enemies":"Snecko","floor":27,"turns":5}],"event_choices":[{"event_name":"The Woman in Blue","player_choice":"Bought 1 Potion","floor":2,"damage_taken":0},{"event_name":"The Cleric","player_choice":"Card Removal","floor":4,"damage_taken":0},{"event_name":"World of Goop","player_choice":"Left","floor":8,"damage_taken":0},{"event_name":"The Mausoleum","player_choice":"Yes","floor":19,"damage_taken":0},{"event_name":"Purifier","player_choice":"One Purge","floor":21,"damage_taken":0}],"boss_relics":[{"not_picked":["Ectoplasm","Runic Dome"],"picked":"Calling Bell"}],"potions_floor_spawned":[3,7,11,14,20,24],"seed_played":"5671628952856792782","killed_by":"Snecko","ascension_level":0,"is_trial":false}