{"gold_per_floor":[110,38,38,51,51,51,62,62,62,96,111,121,151,170,170,170],"floor_reached":16,"playtime":665,"items_purged":[],"score":129,"play_id":"2144123b-4c9f-473f-8a2d-f23d34afa151","local_time":"20190207034606","is_ascension_mode":true,"campfire_choices":[{"data":"Body Slam","floor":6,"key":"SMITH"},{"floor":8,"key":"RECALL"},{"floor":15,"key":"REST"}],"neow_cost":"NONE","seed_source_timestamp":135904803534914,"circlet_count":0,"master_deck":["Strike_R","Strike_R","Strike_R","Strike_R","Strike_R","Defend_R","Defend_R","Defend_R","Defend_R","Bash","Body Slam+1","Rampage","Headbutt","Clash","Rage"],"relics":["Burning Blood","NeowsBlessing","Bag of Preparation","Strawberry"],"potions_floor_usage":[12,13,16],"damage_taken":[{"damage":0,"enemies":"2 Louse","floor":1,"turns":1},{"damage":0,"enemies":"Jaw Worm","floor":4,"turns":1},{"damage":0,"enemies":"Cultist","floor":7,"turns":1},{"damage":37,"enemies":"Gremlin Nob","floor":10,"turns":5},{"damage":12,"enemies":"Large Slime","floor":11,"turns":6},{"damage":5,"enemies":"Gremlin Gang","floor":12,"turns":4},{"damage":30,"enemies":"3 Sentries","floor":13,"turns":6},{"damage":13,"enemies":"Red Slaver","floor":14,"turns":4},{"damage":49,"enemies":"The Guardian","floor":16,"turns":9}],"seed_played":"-2607573222628977306","potions_obtained":[{"floor":7,"key":"SteroidPotion"},{"floor":11,"key":"PowerPotion"},{"floor":13,"key":"BloodPotion"}],"is_trial":false,"path_per_floor":["M","$","?","M","$","R","M","R","T","E","M","M","E","M","R","B"],"character_chosen":"IRONCLAD","items_purchased":["Rampage"],"campfire_rested":1,"item_purchase_floors":[2],"current_hp_per_floor":[80,80,80,80,80,80,80,80,80,49,43,44,27,20,46,5],"gold":170,"neow_bonus":"THREE_ENEMY_KILL","is_prod":false,"is_daily":false,"chose_seed":false,"campfire_upgraded":1,"win_rate":0,"timestamp":1549532766,"path_taken":["M","$","?","M","$","R","M","R","T","E","M","M","E","M","R","BOSS"],"build_version":"2019-01-23","purchased_purges":0,"victory":false,"max_hp_per_floor":[80,80,80,80,80,80,80,80,80,80,80,80,87,87,87,87],"card_choices":[{"not_picked":["Thunderclap","Iron Wave"],"picked":"Body Slam","floor":1},{"not_picked":["Heavy Blade","Anger","Combust"],"picked":"SKIP","floor":4},{"not_picked":["Warcry","Whirlwind"],"picked":"Headbutt","floor":7},{"not_picked":["Sever Soul","Offering","Iron Wave"],"picked":"SKIP","floor":10},{"not_picked":["Whirlwind","Shrug It Off"],"picked":"Clash","floor":11},{"not_picked":["Sword Boomerang","Dropkick","Disarm"],"picked":"SKIP","floor":12},{"not_picked":["Armaments","Havoc","Infernal Blade"],"picked":"SKIP","floor":13},{"not_picked":["Anger","Iron Wave"],"picked":"Rage","floor":14}],"player_experience":462925,"relics_obtained":[{"floor":10,"key":"Bag of Preparation"},{"floor":13,"key":"Strawberry"}],"event_choices":[{"damage_healed":0,"gold_gain":0,"player_choice":"Ignored","damage_taken":0,"max_hp_gain":0,"max_hp_loss":0,"event_name":"Golden Wing","floor":3,"gold_loss":0}],"is_beta":false,"boss_relics":[],"items_purged_floors":[],"is_endless":false,"potions_floor_spawned":[7,11,13],"killed_by":"The Guardian","ascension_level":3}