{"gold_per_floor":[109,122,122,122,137,137,152,175,223,297,297,267,5,29,29,159,159,177,200,223,223,0,0,16,16,16,16],"floor_reached":27,"playtime":1005,"items_purged":["Injury"],"score":205,"play_id":"9bc79f9d-390d-47d6-81e6-f9116ac60151","local_time":"20181124235057","is_ascension_mode":false,"campfire_choices":[{"floor":6,"key":"REST"},{"floor":15,"key":"REST"},{"floor":23,"key":"REST"}],"neow_cost":"CURSE","seed_source_timestamp":689488875940798,"circlet_count":0,"master_deck":["Strike_R","Strike_R","Strike_R","Strike_R","Strike_R","Defend_R","Defend_R","Defend_R","Defend_R","Bash","Flex","Hemokinesis","Burning Pact","Flame Barrier","Fire Breathing+1","Anger","Flame Barrier","Sentinel","Impervious","Shockwave","Cleave+1","Shrug It Off+1","Blood for Blood+1"],"relics":["Burning Blood","Torii","Golden Idol","Question Card","Ancient Tea Set","Red Skull","Vajra","Runic Cube","Strawberry"],"potions_floor_usage":[20,20,20],"damage_taken":[{"damage":2,"enemies":"Cultist","floor":1,"turns":4},{"damage":1,"enemies":"Jaw Worm","floor":2,"turns":3},{"damage":3,"enemies":"2 Louse","floor":5,"turns":3},{"damage":8,"enemies":"Lots of Slimes","floor":7,"turns":5},{"damage":15,"enemies":"Blue Slaver","floor":8,"turns":3},{"damage":4,"enemies":"Looter","floor":12,"turns":4},{"damage":15,"enemies":"Exordium Wildlife","floor":14,"turns":5},{"damage":57,"enemies":"Slime Boss","floor":16,"turns":12},{"damage":15,"enemies":"Spheric Guardian","floor":18,"turns":6},{"damage":23,"enemies":"Shell Parasite","floor":19,"turns":6},{"damage":49,"enemies":"Centurion and Healer","floor":20,"turns":10},{"damage":31,"enemies":"Sentry and Sphere","floor":24,"turns":8},{"damage":22,"enemies":"Chosen and Byrds","floor":27,"turns":4}],"seed_played":"-3681909570520736834","potions_obtained":[{"floor":1,"key":"FearPotion"},{"floor":2,"key":"AttackPotion"},{"floor":7,"key":"SpeedPotion"}],"is_trial":false,"path_per_floor":["M","M","?","?","M","R","M","M","T","?","T","M","$","M","R","B",null,"M","M","M","?","?","R","M","?","T","M"],"character_chosen":"IRONCLAD","items_purchased":["Vajra","Flame Barrier"],"campfire_rested":3,"item_purchase_floors":[13,13],"current_hp_per_floor":[80,80,60,42,45,69,67,58,58,58,58,60,60,51,75,24,80,71,54,11,11,11,35,10,10,17,0],"gold":16,"neow_bonus":"ONE_RARE_RELIC","is_prod":false,"is_daily":false,"chose_seed":false,"campfire_upgraded":0,"win_rate":0.0,"timestamp":1543125057,"path_taken":["M","M","?","?","M","R","M","M","T","?","?","M","$","M","R","BOSS","M","?","M","?","?","R","?","?","T","?"],"build_version":"2018-11-15","purchased_purges":1,"victory":false,"max_hp_per_floor":[80,80,80,80,80,80,80,80,80,80,80,80,80,80,80,80,80,80,80,80,80,80,80,80,80,87,87],"card_choices":[{"not_picked":["Power Through","Thunderclap"],"picked":"Flex","floor":1},{"not_picked":["Wild Strike","Thunderclap"],"picked":"Hemokinesis","floor":2},{"not_picked":["Thunderclap","Entrench","Warcry"],"picked":"Burning Pact","floor":5},{"not_picked":["Entrench","Flex","Anger"],"picked":"Flame Barrier","floor":7},{"not_picked":["Perfected Strike","True Grit","Clothesline"],"picked":"Fire Breathing","floor":8},{"not_picked":["Shrug It Off","Wild Strike","Fire Breathing"],"picked":"Anger","floor":12},{"not_picked":["Flex","Body Slam","Bloodletting"],"picked":"Sentinel","floor":14},{"not_picked":["Double Tap","Fiend Fire","Limit Break"],"picked":"Impervious","floor":16},{"not_picked":["Heavy Blade","Iron Wave+1","Sword Boomerang+1"],"picked":"Shockwave","floor":18},{"not_picked":["Warcry","Intimidate+1","Dual Wield"],"picked":"Cleave+1","floor":19},{"not_picked":["Anger","True Grit","Heavy Blade"],"picked":"Shrug It Off+1","floor":20},{"not_picked":["Rampage","Shrug It Off","Bloodletting+1"],"picked":"Blood for Blood+1","floor":24}],"player_experience":38489,"relics_obtained":[{"floor":9,"key":"Ancient Tea Set"},{"floor":11,"key":"Red Skull"},{"floor":26,"key":"Strawberry"}],"event_choices":[{"damage_healed":0,"gold_gain":0,"player_choice":"Take Damage","damage_taken":20,"relics_obtained":["Golden Idol"],"max_hp_gain":0,"max_hp_loss":0,"event_name":"Golden Idol","floor":3,"gold_loss":0},{"damage_healed":0,"gold_gain":0,"player_choice":"Success","damage_taken":18,"relics_obtained":["Question Card"],"max_hp_gain":0,"max_hp_loss":0,"event_name":"Scrap Ooze","floor":4,"gold_loss":0},{"damage_healed":0,"gold_gain":74,"player_choice":"Gained Gold","damage_taken":0,"max_hp_gain":0,"max_hp_loss":0,"event_name":"Golden Wing","floor":10,"gold_loss":0},{"damage_healed":0,"gold_gain":0,"player_choice":"Ignored","damage_taken":0,"max_hp_gain":0,"max_hp_loss":0,"event_name":"The Mausoleum","floor":21,"gold_loss":0},{"damage_healed":0,"gold_gain":0,"player_choice":"Paid Fearfully","damage_taken":0,"max_hp_gain":0,"max_hp_loss":0,"event_name":"Masked Bandits","floor":22,"gold_loss":223},{"damage_healed":0,"gold_gain":0,"player_choice":"Upgraded","damage_taken":0,"max_hp_gain":0,"max_hp_loss":0,"event_name":"Upgrade Shrine","floor":25,"gold_loss":0,"cards_upgraded":["Fire Breathing"]}],"is_beta":false,"boss_relics":[{"not_picked":["Runic Pyramid","Empty Cage"],"picked":"Runic Cube"}],"items_purged_floors":[13],"is_endless":false,"potions_floor_spawned":[1,2,7,14,19],"killed_by":"Chosen and Byrds","ascension_level":0}