{"gold_per_floor":[119,130,130,55,81,81,93,43,43,61,11,44,44,54,54,159,159,170,95,0,17,17,49,49,49],"floor_reached":25,"playtime":1751,"items_purged":["Pain","Strike_R"],"score":266,"play_id":"428d0132-c7df-4b6a-8a15-1f0c71272cc3","local_time":"20190129144737","is_ascension_mode":true,"campfire_choices":[{"data":"Iron Wave","floor":6,"key":"SMITH"},{"data":"Sword Boomerang","floor":13,"key":"SMITH"},{"data":"Armaments","floor":15,"key":"SMITH"},{"data":"Rampage","floor":24,"key":"SMITH"}],"neow_cost":"NONE","seed_source_timestamp":407727689251,"circlet_count":0,"master_deck":["Strike_R","Strike_R","Defend_R","Defend_R","Defend_R","Defend_R","Bash+1","Iron Wave+1","Headbutt","Shrug It Off","Sword Boomerang+1","Iron Wave","Armaments+1","Juggernaut","Rampage+1","Reaper"],"relics":["Black Blood","WarpedTongs","Smiling Mask","Pear","Potion Belt","Bag of Marbles"],"potions_floor_usage":[16,18,23],"damage_taken":[{"damage":6,"enemies":"Cultist","floor":1,"turns":3},{"damage":12,"enemies":"Jaw Worm","floor":2,"turns":2},{"damage":0,"enemies":"2 Louse","floor":7,"turns":3},{"damage":11,"enemies":"Looter","floor":10,"turns":3},{"damage":18,"enemies":"Lagavulin","floor":12,"turns":7},{"damage":9,"enemies":"2 Fungi Beasts","floor":14,"turns":3},{"damage":37,"enemies":"The Guardian","floor":16,"turns":15},{"damage":32,"enemies":"3 Byrds","floor":18,"turns":6},{"damage":14,"enemies":"Spheric Guardian","floor":21,"turns":5},{"damage":69,"enemies":"Gremlin Leader","floor":23,"turns":9},{"damage":6,"enemies":"Snake Plant","floor":25,"turns":2}],"seed_played":"8754415089735601381","potions_obtained":[{"floor":10,"key":"SpeedPotion"},{"floor":14,"key":"SteroidPotion"},{"floor":16,"key":"BloodPotion"},{"floor":18,"key":"Fruit Juice"}],"is_trial":false,"path_per_floor":["M","M","?","$","T","R","M","?","T","M","$","E","R","M","R","B",null,"M","?","?","M","$","E","R","M"],"character_chosen":"IRONCLAD","items_purchased":[],"campfire_rested":0,"item_purchase_floors":[],"current_hp_per_floor":[80,74,74,74,74,74,80,80,90,85,85,73,73,70,70,39,90,73,73,73,69,69,19,19,18],"gold":49,"neow_bonus":"UPGRADE_CARD","is_prod":false,"is_daily":false,"chose_seed":false,"campfire_upgraded":4,"win_rate":0,"timestamp":1548794857,"path_taken":["M","?","?","$","?","R","?","?","T","M","$","E","R","M","R","BOSS","M","?","?","M","$","E","R","M"],"build_version":"2019-01-23","purchased_purges":2,"victory":false,"max_hp_per_floor":[80,80,80,80,80,80,80,80,90,90,90,90,90,90,90,90,90,95,95,95,95,95,95,95,95],"card_choices":[{"not_picked":["Warcry","Hemokinesis"],"picked":"Iron Wave","floor":1},{"not_picked":["Warcry","Hemokinesis"],"picked":"Headbutt","floor":2},{"not_picked":["Feel No Pain","True Grit"],"picked":"Shrug It Off","floor":7},{"not_picked":["Heavy Blade","Blood for Blood"],"picked":"Sword Boomerang","floor":10},{"not_picked":["Sever Soul","Shockwave"],"picked":"Iron Wave","floor":12},{"not_picked":["Dark Embrace","Hemokinesis"],"picked":"Armaments","floor":14},{"not_picked":["Double Tap","Reaper"],"picked":"Juggernaut","floor":16},{"not_picked":["Perfected Strike","Hemokinesis","Anger"],"picked":"SKIP","floor":18},{"not_picked":["Pommel Strike+1","Spot Weakness+1"],"picked":"Rampage","floor":21},{"not_picked":["Burning Pact","Carnage"],"picked":"Reaper","floor":23}],"player_experience":371401,"relics_obtained":[{"floor":5,"key":"Smiling Mask"},{"floor":9,"key":"Pear"},{"floor":12,"key":"Potion Belt"},{"floor":23,"key":"Bag of Marbles"}],"event_choices":[{"damage_healed":0,"gold_gain":0,"player_choice":"Rummage","damage_taken":0,"relics_obtained":["WarpedTongs"],"max_hp_gain":0,"max_hp_loss":0,"event_name":"Accursed Blacksmith","floor":3,"gold_loss":0,"cards_obtained":["Pain"]},{"cards_removed":["Strike_R"],"damage_healed":0,"gold_gain":0,"player_choice":"Card Removal","damage_taken":0,"max_hp_gain":0,"max_hp_loss":0,"event_name":"The Cleric","floor":8,"gold_loss":50},{"cards_removed":["Strike_R"],"damage_healed":0,"gold_gain":0,"player_choice":"Gave Gold","damage_taken":0,"max_hp_gain":0,"max_hp_loss":0,"event_name":"Beggar","floor":19,"gold_loss":75},{"damage_healed":0,"gold_gain":0,"player_choice":"Paid Fearfully","damage_taken":0,"max_hp_gain":0,"max_hp_loss":0,"event_name":"Masked Bandits","floor":20,"gold_loss":95}],"is_beta":false,"boss_relics":[{"not_picked":["Snecko Eye","Philosopher\u0027s Stone"],"picked":"Black Blood"}],"items_purged_floors":[4,11],"is_endless":false,"potions_floor_spawned":[10,14,16,18],"killed_by":"Snake Plant","ascension_level":2}