{"gold_per_floor":[99,99,99,99,54,54,8,8,8,8,8,8,8,0,0,0,0,0,0,0,0,0],"floor_reached":22,"playtime":1138,"items_purged":[],"score":340,"play_id":"69da1f84-a478-4eac-a699-0fe73cd9b1dc","local_time":"20190410135255","is_ascension_mode":true,"campfire_choices":[{"floor":6.0,"key":"REST"},{"data":"Conserve Battery","floor":8.0,"key":"SMITH"},{"floor":15.0,"key":"REST"}],"neow_cost":"NONE","seed_source_timestamp":0,"circlet_count":0,"master_deck":["AscendersBane","Strike_B","Strike_B","Strike_B","Strike_B","Defend_B","Defend_B","Defend_B","Defend_B","Zap","Dualcast","Ball Lightning","Hologram","Cold Snap","Conserve Battery+1","Conserve Battery","Glacier","Creative AI","Fusion","Stack+1"],"special_seed":0,"relics":["Ectoplasm","Bottled Flame","Symbiotic Virus","Black Star","Cables"],"potions_floor_usage":[20,20],"damage_taken":[{"damage":5.0,"enemies":"Cultist","floor":1.0,"turns":4.0},{"damage":7.0,"enemies":"2 Louse","floor":2.0,"turns":3.0},{"damage":7.0,"enemies":"Jaw Worm","floor":3.0,"turns":3.0},{"damage":4.0,"enemies":"2 Fungi Beasts","floor":4.0,"turns":3.0},{"damage":3.0,"enemies":"Looter","floor":5.0,"turns":4.0},{"damage":8.0,"enemies":"Gremlin Gang","floor":10.0,"turns":4.0},{"damage":7.0,"enemies":"Gremlin Nob","floor":11.0,"turns":5.0},{"damage":0.0,"enemies":"2 Fungi Beasts","floor":12.0,"turns":2.0},{"damage":0.0,"enemies":"Blue Slaver","floor":13.0,"turns":3.0},{"damage":14.0,"enemies":"Exordium Thugs","floor":14.0,"turns":3.0},{"damage":7.0,"enemies":"Hexaghost","floor":16.0,"turns":14.0},{"damage":7.0,"enemies":"Chosen","floor":18.0,"turns":5.0},{"damage":25.0,"enemies":"3 Byrds","floor":19.0,"turns":7.0},{"damage":25,"enemies":"3 Cultists","floor":20,"turns":6},{"damage":15,"enemies":"Cultist and Chosen","floor":22,"turns":3}],"seed_played":"7394307138403166265","potions_obtained":[{"floor":5.0,"key":"EssenceOfSteel"},{"floor":12.0,"key":"Ancient Potion"},{"floor":13.0,"key":"FocusPotion"},{"floor":14.0,"key":"SkillPotion"},{"floor":19.0,"key":"SkillPotion"}],"is_trial":false,"path_per_floor":["M","M","M","M","M","R","$","R","T","M","E","M","M","M","R","B",null,"M","M","M","?","M"],"character_chosen":"DEFECT","items_purchased":["Conserve Battery"],"campfire_rested":2,"item_purchase_floors":[7],"current_hp_per_floor":[59,52,45,41,38,59,59,59,59,51,44,44,44,30,51,44,64,57,32,7,7,0],"gold":0,"neow_bonus":"BOSS_RELIC","is_prod":false,"is_daily":false,"chose_seed":false,"campfire_upgraded":1,"win_rate":0,"timestamp":1554922375,"path_taken":["M","M","?","M","M","R","$","R","T","M","E","M","M","M","R","BOSS","M","M","M","?","?"],"build_version":"2019-01-23","purchased_purges":0,"victory":false,"max_hp_per_floor":[71,71,71,71,71,71,71,71,71,71,71,71,71,71,71,71,71,71,71,71,71,71],"card_choices":[{"not_picked":["Stack","Hologram","Self Repair"],"picked":"SKIP","floor":1.0},{"not_picked":["Stack","Coolheaded"],"picked":"Ball Lightning","floor":2.0},{"not_picked":["Go for the Eyes","Gash"],"picked":"Hologram","floor":3.0},{"not_picked":["Aggregate","Recycle","Redo"],"picked":"SKIP","floor":4.0},{"not_picked":["Streamline","Sweeping Beam"],"picked":"Cold Snap","floor":5.0},{"not_picked":["Go for the Eyes","Ball Lightning"],"picked":"Conserve Battery","floor":10.0},{"not_picked":["Recycle","Beam Cell","Skim"],"picked":"SKIP","floor":11.0},{"not_picked":["Tempest","Self Repair"],"picked":"Glacier","floor":12.0},{"not_picked":["Rainbow","Streamline"],"picked":"Ball Lightning","floor":13.0},{"not_picked":["Storm","Heatsinks","Turbo"],"picked":"SKIP","floor":14.0},{"not_picked":["Thunder Strike","Machine Learning"],"picked":"Creative AI","floor":16.0},{"not_picked":["Streamline","FTL"],"picked":"Fusion","floor":18.0},{"not_picked":["Undo","Beam Cell","Stack"],"picked":"SKIP","floor":19.0},{"not_picked":["Sweeping Beam","FTL"],"picked":"Stack+1","floor":20}],"player_experience":363041,"relics_obtained":[{"floor":9.0,"key":"Bottled Flame"},{"floor":11.0,"key":"Symbiotic Virus"}],"event_choices":[{"cards_removed":["Ball Lightning"],"damage_healed":0,"gold_gain":0,"player_choice":"Gave Card","damage_taken":0,"relics_obtained":["Cables"],"max_hp_gain":0,"max_hp_loss":0,"event_name":"WeMeetAgain","floor":21,"gold_loss":0}],"is_beta":false,"boss_relics":[{"not_picked":["Orrery","Empty Cage"],"picked":"Black Star"}],"items_purged_floors":[],"is_endless":false,"potions_floor_spawned":[5,12,13,14,19],"killed_by":"Cultist and Chosen","ascension_level":15}