{"gold_per_floor":[112,187,337,3521],"floor_reached":4,"playtime":267,"items_purged":[],"score":294,"play_id":"5cb2d4df-6cf0-46fa-bd98-e62136d42e6d","local_time":"20190411084148","is_ascension_mode":true,"campfire_choices":[],"neow_cost":"NONE","seed_source_timestamp":138573402488382,"circlet_count":0,"master_deck":["AscendersBane","Crow Ritual+1","Crow Ritual+1","Crow Ritual+1","Crow Ritual+1","Doubt","ReplayTheSpireMod:IOU","ReplayTheSpireMod:IOU","ReplayTheSpireMod:IOU","ReplayTheSpireMod:IOU","ReplayTheSpireMod:IOU","ReplayTheSpireMod:IOU","ReplayTheSpireMod:IOU","ReplayTheSpireMod:IOU","ReplayTheSpireMod:IOU","ReplayTheSpireMod:IOU","ReplayTheSpireMod:IOU","ReplayTheSpireMod:IOU","ReplayTheSpireMod:IOU","ReplayTheSpireMod:IOU","ReplayTheSpireMod:IOU","ReplayTheSpireMod:IOU","ReplayTheSpireMod:IOU","ReplayTheSpireMod:IOU","ReplayTheSpireMod:IOU","ReplayTheSpireMod:IOU","ReplayTheSpireMod:IOU","ReplayTheSpireMod:IOU","ReplayTheSpireMod:IOU","ReplayTheSpireMod:IOU","ReplayTheSpireMod:IOU","ReplayTheSpireMod:IOU","ReplayTheSpireMod:IOU","ReplayTheSpireMod:IOU","ReplayTheSpireMod:IOU","ReplayTheSpireMod:IOU","ReplayTheSpireMod:IOU","ReplayTheSpireMod:IOU","ReplayTheSpireMod:IOU","ReplayTheSpireMod:IOU","ReplayTheSpireMod:IOU","ReplayTheSpireMod:IOU","ReplayTheSpireMod:IOU"],"relics":["Cracked Core","Seething Fire","Hammer of Thor","Anvil of the Gods","NeowsBlessing","Replay:Wax Seal","Sling","Durian"],"potions_floor_usage":[],"damage_taken":[{"damage":0,"enemies":"Small Slimes","floor":1,"turns":2}],"seed_played":"-3314493215440993795","potions_obtained":[],"is_trial":false,"path_per_floor":["M","?","?","$"],"character_chosen":"DEFECT","items_purchased":["Replay:Wax Seal","Sling","Durian"],"campfire_rested":0,"item_purchase_floors":[4,4,4],"current_hp_per_floor":[64,53,53,58],"gold":3521,"neow_bonus":"THREE_ENEMY_KILL","is_prod":false,"is_daily":false,"chose_seed":false,"campfire_upgraded":0,"win_rate":0,"timestamp":1554990108,"path_taken":["M","?","?","$"],"build_version":"2019-01-23","purchased_purges":0,"victory":false,"max_hp_per_floor":[71,71,71,76],"card_choices":[{"not_picked":["Go for the Eyes","Undo","Cold Snap"],"picked":"SKIP","floor":1}],"player_experience":910350,"relics_obtained":[],"event_choices":[{"damage_healed":0,"gold_gain":75,"player_choice":"Gather Gold","damage_taken":11,"max_hp_gain":0,"max_hp_loss":0,"event_name":"World of Goop","floor":2,"gold_loss":0},{"damage_healed":0,"gold_gain":150,"player_choice":"AGREE","damage_taken":0,"max_hp_gain":0,"max_hp_loss":0,"event_name":"Liars Game","floor":3,"gold_loss":0,"cards_obtained":["Doubt"]}],"is_beta":false,"boss_relics":[],"items_purged_floors":[],"is_endless":false,"potions_floor_spawned":[],"ascension_level":20}