{"gold_per_floor":[117,117,26,44,62,92,112,141,165,195,121,149,149,160,160,264,264,279,202,214,229,229,255,255,285,311,341,372,391,391,402,402,498,498,516,531,753,753,773,803,803,495,520,537,537,552,40,59,59,59],"floor_reached":51,"playtime":3702,"items_purged":["Zap","Dualcast+1"],"score":1024,"play_id":"c8aeda0f-b37c-44d2-a585-a4bca2b20e3a","local_time":"20180705191110","is_ascension_mode":true,"campfire_choices":[{"data":"Go for the Eyes","floor":15,"key":"SMITH"},{"data":"Scrape","floor":24,"key":"SMITH"},{"floor":30,"key":"REST"},{"data":"Double Energy","floor":32,"key":"SMITH"},{"data":"Coolheaded","floor":45,"key":"SMITH"},{"data":"Loop","floor":49,"key":"SMITH"}],"neow_cost":"NONE","seed_source_timestamp":0,"circlet_count":0,"master_deck":["Gash","Skim","Steam+1","Gash","Undo","Cold Snap+1","Redo+1","Sweeping Beam","Steam","Go for the Eyes+1","Coolheaded+1","Scrape+1","Conserve Battery","BootSequence","Conserve Battery","Gash","Gash","Hologram","Hologram","FTL","J.A.X.","Gash+1","Ghostly","Ghostly","Ghostly","Ghostly","Ghostly","Reprogram","Conserve Battery","FTL+1","Double Energy+1","Fission","Hologram+1","Scrape+1","Reprogram+1","Leap+1","Gash","All For One","Go for the Eyes+1","Loop+1","Gash+1","Hologram+1","All For One","Gash","Gash"],"special_seed":17718,"relics":["Pandora\u0027s Box","GremlinMask","Smiling Mask","Boot","Vajra","War Paint","Letter Opener","Philosopher\u0027s Stone","Prayer Wheel","Regal Pillow","Anchor","Red Mask","Matryoshka","Nuclear Battery","Art of War","Mummified Hand","Mango","Pen Nib","Bag of Preparation","Ancient Tea Set","Lee\u0027s Waffle","Toolbox"],"potions_floor_usage":[10,16,18,21,23,27,28,40,50],"damage_taken":[{"damage":0,"enemies":"Cultist","floor":1,"turns":3},{"damage":1,"enemies":"Small Slimes","floor":4,"turns":5},{"damage":0,"enemies":"Jaw Worm","floor":5,"turns":4},{"damage":0,"enemies":"Gremlin Nob","floor":6,"turns":4},{"damage":0,"enemies":"Exordium Wildlife","floor":7,"turns":5},{"damage":1,"enemies":"3 Sentries","floor":8,"turns":6},{"damage":5,"enemies":"Gremlin Nob","floor":10,"turns":7},{"damage":0,"enemies":"3 Sentries","floor":12,"turns":6},{"damage":0,"enemies":"Large Slime","floor":14,"turns":3},{"damage":3,"enemies":"Slime Boss","floor":16,"turns":9},{"damage":0,"enemies":"Spheric Guardian","floor":18,"turns":3},{"damage":3,"enemies":"Shell Parasite","floor":20,"turns":3},{"damage":3,"enemies":"Sentry and Sphere","floor":21,"turns":3},{"damage":16,"enemies":"Slavers","floor":23,"turns":6},{"damage":3,"enemies":"Gremlin Leader","floor":25,"turns":6},{"damage":14,"floor":27,"turns":5},{"damage":3,"enemies":"Book of Stabbing","floor":28,"turns":5},{"damage":0,"enemies":"Centurion and Healer","floor":29,"turns":5},{"damage":0,"enemies":"Slaver and Parasite","floor":31,"turns":6},{"damage":18,"enemies":"Collector","floor":33,"turns":11},{"damage":0,"enemies":"3 Darklings","floor":35,"turns":5},{"damage":0,"enemies":"Flame Bruiser 1 Orb","floor":36,"turns":6},{"damage":22,"enemies":"3 Darklings","floor":39,"turns":4},{"damage":0,"enemies":"2 Orb Walkers","floor":40,"turns":5},{"damage":0,"enemies":"Spire Growth","floor":44,"turns":4},{"damage":0,"enemies":"4 Shapes","floor":46,"turns":3},{"damage":17,"enemies":"Maw","floor":48,"turns":5},{"damage":34,"enemies":"Time Eater","floor":50,"turns":7}],"seed_played":"-7177677508004505436","potions_obtained":[{"floor":5,"key":"Block Potion"},{"floor":10,"key":"AttackPotion"},{"floor":12,"key":"SpeedPotion"},{"floor":16,"key":"Explosive Potion"},{"floor":21,"key":"Dexterity Potion"},{"floor":23,"key":"Ancient Potion"},{"floor":25,"key":"EssenceOfSteel"},{"floor":33,"key":"SpeedPotion"},{"floor":35,"key":"Ancient Potion"},{"floor":36,"key":"EssenceOfSteel"}],"is_trial":false,"path_per_floor":["M","?","$","M","M","E","M","E","T","E","$","E","?","M","R","B",null,"M","?","M","M","?","E","R","E","T","?","E","M","R","M","R","B",null,"M","M","?","T","M","E","?","$","T","M","R","M","$","M","R","B"],"character_chosen":"DEFECT","items_purchased":["Go for the Eyes","Coolheaded","Gash","Pen Nib","FairyPotion","All For One","Lee\u0027s Waffle","Toolbox"],"campfire_rested":1,"item_purchase_floors":[3,3,11,42,42,47,47,47],"current_hp_per_floor":[75,75,75,74,74,74,74,73,73,68,68,68,53,53,53,50,75,75,75,72,69,37,21,21,18,18,4,1,1,27,27,27,9,37,37,37,37,37,15,29,29,29,29,29,29,29,58,41,41,7],"gold":59,"neow_bonus":"BOSS_RELIC","is_prod":false,"is_daily":false,"chose_seed":false,"campfire_upgraded":5,"win_rate":1,"timestamp":1530843070,"path_taken":["M","?","?","M","M","E","M","E","T","E","$","E","?","M","R","BOSS","M","?","M","M","?","E","R","E","T","?","E","?","R","M","R","BOSS","M","M","?","?","?","E","?","$","T","M","R","M","$","M","R","BOSS"],"build_version":"2018-07-05","purchased_purges":2,"victory":true,"max_hp_per_floor":[75,75,75,75,75,75,75,75,75,75,75,75,75,75,75,75,75,75,75,75,75,37,37,37,37,37,37,37,37,37,37,37,37,37,37,37,37,37,37,51,51,51,51,51,51,51,58,58,58,58],"card_choices":[{"not_picked":["Blizzard","Barrage"],"picked":"Steam","floor":1},{"not_picked":["Redo","Stack"],"picked":"Scrape","floor":4},{"not_picked":["Stack","White Noise"],"picked":"Conserve Battery","floor":5},{"not_picked":["Leap","Creative AI"],"picked":"BootSequence","floor":6},{"not_picked":["Steam","Hello World","Darkness"],"picked":"SKIP","floor":7},{"not_picked":["Redo","Darkness"],"picked":"Conserve Battery","floor":8},{"not_picked":["Reprogram","Leap"],"picked":"Gash","floor":10},{"not_picked":["Capacitor","Skim"],"picked":"Hologram","floor":12},{"not_picked":["Static Discharge","Undo"],"picked":"Hologram","floor":14},{"not_picked":["Multi-Cast","Buffer"],"picked":"Machine Learning","floor":16},{"not_picked":["Aggregate","Go for the Eyes"],"picked":"FTL","floor":18},{"not_picked":["Redo","Steam Power","Compile Driver"],"picked":"SKIP","floor":20},{"not_picked":["Cold Snap","Conserve Battery"],"picked":"Gash+1","floor":21},{"not_picked":["Aggregate+1","Self Repair"],"picked":"Reprogram","floor":23},{"not_picked":["Echo Form","Steam","Static Discharge"],"picked":"SKIP","floor":25},{"not_picked":["Auto Shields","Steam Power","Melter"],"picked":"SKIP","floor":28},{"not_picked":["Hologram","Rebound"],"picked":"Conserve Battery","floor":29},{"not_picked":["Barrage","Streamline","Compile Driver"],"picked":"SKIP","floor":29},{"not_picked":["Beam Cell","Go for the Eyes"],"picked":"FTL+1","floor":31},{"not_picked":["Fusion","Sweeping Beam"],"picked":"Double Energy","floor":31},{"not_picked":["Multi-Cast","Rainbow"],"picked":"Fission","floor":33},{"not_picked":["Ball Lightning","Steam+1"],"picked":"Hologram+1","floor":35},{"not_picked":["Go for the Eyes+1","Rebound+1"],"picked":"Scrape+1","floor":35},{"not_picked":["Stack","Leap"],"picked":"Reprogram+1","floor":36},{"not_picked":["Coolheaded","Sweeping Beam"],"picked":"Leap+1","floor":36},{"not_picked":["Chaos","Barrage+1"],"picked":"Gash","floor":39},{"not_picked":["Barrage+1","Cold Snap"],"picked":"All For One","floor":39},{"not_picked":["Streamline+1","Chill+1"],"picked":"Go for the Eyes+1","floor":40},{"not_picked":["Leap","Sweeping Beam"],"picked":"Loop","floor":44},{"not_picked":["Force Field+1","Sweeping Beam","Leap"],"picked":"SKIP","floor":44},{"not_picked":["Redo","Rebound"],"picked":"Gash+1","floor":46},{"not_picked":["Redo","Doom and Gloom"],"picked":"Hologram+1","floor":46},{"not_picked":["White Noise","Undo+1"],"picked":"Gash","floor":48},{"not_picked":["Redo+1","Compile Driver+1"],"picked":"Gash","floor":48}],"player_experience":249564,"relics_obtained":[{"floor":6,"key":"Smiling Mask"},{"floor":8,"key":"Boot"},{"floor":9,"key":"Vajra"},{"floor":10,"key":"War Paint"},{"floor":12,"key":"Letter Opener"},{"floor":23,"key":"Prayer Wheel"},{"floor":25,"key":"Regal Pillow"},{"floor":26,"key":"Anchor"},{"floor":27,"key":"Red Mask"},{"floor":28,"key":"Matryoshka"},{"floor":38,"key":"Art of War"},{"floor":38,"key":"Mummified Hand"},{"floor":40,"key":"Mango"},{"floor":43,"key":"Bag of Preparation"},{"floor":43,"key":"Ancient Tea Set"}],"event_choices":[{"event_name":"FaceTrader","player_choice":"Trade","floor":2,"damage_taken":0},{"event_name":"Shining Light","player_choice":"Entered Light","floor":13,"damage_taken":0},{"event_name":"Drug Dealer","player_choice":"Got JAXXED","floor":19,"damage_taken":0},{"event_name":"Ghosts","player_choice":"Became a Ghost","floor":22,"damage_taken":0},{"event_name":"Masked Bandits","player_choice":"Fought over 311 gold","floor":27,"damage_taken":0},{"event_name":"Tomb of Lord Red Mask","player_choice":"Wore Mask","floor":37,"damage_taken":0},{"event_name":"Falling","player_choice":"Removed Power","floor":41,"damage_taken":0}],"boss_relics":[{"not_picked":["Runic Dome","Empty Cage"],"picked":"Philosopher\u0027s Stone"},{"not_picked":["Fusion Hammer","Runic Pyramid"],"picked":"Nuclear Battery"}],"items_purged_floors":[11,42],"is_endless":false,"potions_floor_spawned":[5,10,12,16,21,23,25,33,35,36],"ascension_level":2}