{"gold_per_floor":[119,119,194,22,33,67,67,100,100,100,100,124,154,173,173,270,270,282,296,296,395,395,395,24,24,24,57,72,105,9,36,36,135,135,149,249,261,9,9,9,24,37,114,132,132,132,145,145,145,145],"floor_reached":51,"playtime":1608,"items_purged":["Regret"],"score":1064,"play_id":"a612261a-8460-462b-874d-6dab209e9eb8","local_time":"20190324144508","is_ascension_mode":true,"campfire_choices":[{"floor":7,"key":"REST"},{"floor":11,"key":"REST"},{"floor":15,"key":"REST"},{"floor":23,"key":"REST"},{"floor":32,"key":"REST"},{"floor":40,"key":"REST"},{"floor":46,"key":"REST"},{"floor":49,"key":"REST"}],"neow_cost":"NONE","seed_source_timestamp":2832191242293925,"circlet_count":0,"master_deck":["AscendersBane","Strike_B+1","Strike_B+1","Defend_B+1","Defend_B+1","Defend_B+1","Zap+1","Dualcast","Melter","Bandage Up","Capacitor","Ball Lightning","Barrage","Gash","Rainbow","Go for the Eyes","Coolheaded","Dark Shackles","Go for the Eyes","Barrage+1","Dramatic Entrance","Multi-Cast","Electrodynamics","Coolheaded+1","Conserve Battery+1","Cold Snap+1","Gash+1","Madness","Madness","Loop","Sunder+1","Lockon+1","Steam+1"],"relics":["FrozenCore","Cables","Emotion Chip","Bottled Flame","Bronze Scales","Darkstone Periapt","Odd Mushroom","Centennial Puzzle","Empty Cage","MutagenicStrength","Symbiotic Virus","Letter Opener","DataDisk","Lantern","Oddly Smooth Stone","Prayer Wheel","Shuriken","Question Card"],"potions_floor_usage":[6,12,18,27,27,33,41,41,50,50],"damage_taken":[{"damage":8,"enemies":"Jaw Worm","floor":1,"turns":4},{"damage":5,"enemies":"2 Louse","floor":5,"turns":2},{"damage":35,"enemies":"Lagavulin","floor":6,"turns":4},{"damage":33,"enemies":"Gremlin Nob","floor":8,"turns":4},{"damage":16,"enemies":"The Mushroom Lair","floor":12,"turns":3},{"damage":0,"enemies":"Small Slimes","floor":14,"turns":2},{"damage":25,"enemies":"The Guardian","floor":16,"turns":8},{"damage":28,"enemies":"Shell Parasite","floor":18,"turns":4},{"damage":11,"enemies":"3 Byrds","floor":19,"turns":2},{"damage":3,"enemies":"Slavers","floor":27,"turns":3},{"damage":4,"enemies":"Snecko","floor":28,"turns":6},{"damage":9,"enemies":"Book of Stabbing","floor":29,"turns":5},{"damage":28,"enemies":"Slavers","floor":31,"turns":3},{"damage":58,"enemies":"Champ","floor":33,"turns":12},{"damage":22,"enemies":"3 Darklings","floor":35,"turns":4},{"damage":7,"enemies":"Mind Bloom Boss Battle","floor":36,"turns":8},{"damage":2,"enemies":"Orb Walker","floor":37,"turns":2},{"damage":11,"enemies":"Writhing Mass","floor":41,"turns":5},{"damage":7,"enemies":"Maw","floor":42,"turns":5},{"damage":10,"enemies":"3 Darklings","floor":44,"turns":3},{"damage":10,"enemies":"Spire Growth","floor":47,"turns":5},{"damage":42,"enemies":"Donu and Deca","floor":50,"turns":8}],"seed_played":"-5144384116305806434","potions_obtained":[{"floor":1,"key":"SkillPotion"},{"floor":5,"key":"Energy Potion"},{"floor":8,"key":"LiquidBronze"},{"floor":18,"key":"SkillPotion"},{"floor":19,"key":"Fire Potion"},{"floor":25,"key":"FairyPotion"},{"floor":25,"key":"Block Potion"},{"floor":28,"key":"Swift Potion"},{"floor":31,"key":"FearPotion"},{"floor":36,"key":"LiquidBronze"},{"floor":37,"key":"Block Potion"},{"floor":44,"key":"Ancient Potion"},{"floor":47,"key":"LiquidBronze"}],"is_trial":false,"path_per_floor":["M","?","?","$","M","E","R","E","T","T","R","?","?","M","R","B",null,"M","M","?","?","?","R","$","?","T","E","M","E","$","E","R","B",null,"M","?","M","$","?","R","M","M","T","M","?","R","M","?","R","B",null],"character_chosen":"DEFECT","items_purchased":["Bandage Up","Symbiotic Virus","Coolheaded","Dark Shackles","Dramatic Entrance","Shuriken"],"campfire_rested":8,"item_purchase_floors":[4,24,24,24,30,38],"current_hp_per_floor":[60,60,49,49,48,17,39,6,6,6,28,16,16,16,38,17,61,37,30,30,30,30,52,52,52,52,53,49,44,44,16,38,7,58,40,37,35,35,26,48,37,34,34,28,28,50,44,44,66,28],"gold":145,"neow_bonus":"UPGRADE_CARD","is_prod":false,"is_daily":false,"chose_seed":false,"campfire_upgraded":0,"win_rate":0,"timestamp":1553435108,"path_taken":["M","?","?","?","M","E","R","E","T","?","R","?","?","M","R","BOSS","M","M","?","?","?","R","$","?","T","E","?","E","?","E","R","BOSS","M","?","M","$","?","R","M","M","T","?","?","R","M","?","R","BOSS"],"build_version":"2019-01-23","purchased_purges":1,"victory":true,"max_hp_per_floor":[75,75,75,75,75,75,75,75,75,75,75,75,75,75,75,75,75,75,75,75,75,75,75,75,75,75,75,75,75,75,75,75,75,75,75,75,75,75,75,75,75,75,75,75,75,75,75,75,75,75],"card_choices":[{"not_picked":["Heatsinks","Skim"],"picked":"Melter","floor":1},{"not_picked":["Turbo","Undo"],"picked":"Capacitor","floor":5},{"not_picked":["Stack","Rebound","Gash"],"picked":"SKIP","floor":6},{"not_picked":["Blizzard","Fission"],"picked":"Ball Lightning","floor":8},{"not_picked":["Hello World","Consume"],"picked":"Barrage","floor":12},{"not_picked":["Steam Power","Steam"],"picked":"Gash","floor":14},{"not_picked":["Amplify","Reboot"],"picked":"Rainbow","floor":16},{"not_picked":["Darkness+1","Capacitor"],"picked":"Go for the Eyes","floor":18},{"not_picked":["Go for the Eyes","Blizzard","Recycle"],"picked":"SKIP","floor":19},{"not_picked":["Redo","Gash"],"picked":"Go for the Eyes","floor":27},{"not_picked":["Stack","Lockon","Auto Shields"],"picked":"SKIP","floor":28},{"not_picked":["Cold Snap","Rebound"],"picked":"Barrage+1","floor":29},{"not_picked":["Redo","Biased Cognition"],"picked":"Multi-Cast","floor":31},{"not_picked":["Hyperbeam","Echo Form"],"picked":"Electrodynamics","floor":33},{"not_picked":["Compile Driver","Conserve Battery"],"picked":"Coolheaded+1","floor":35},{"not_picked":["Rebound+1","Gash+1"],"picked":"Conserve Battery+1","floor":36},{"not_picked":["Barrage","Go for the Eyes"],"picked":"Cold Snap+1","floor":37},{"not_picked":["Skim+1","Melter+1"],"picked":"Gash+1","floor":37},{"not_picked":["Sweeping Beam","Stack+1","Steam+1"],"picked":"SKIP","floor":41},{"not_picked":["Leap+1","Recycle","Redo+1"],"picked":"SKIP","floor":41},{"not_picked":["Leap","Undo"],"picked":"Loop","floor":42},{"not_picked":["Beam Cell+1","Fission","Fusion"],"picked":"SKIP","floor":42},{"not_picked":["Conserve Battery","Compile Driver","Ball Lightning+1"],"picked":"Sunder+1","floor":44},{"not_picked":["Sunder","Blizzard+1","Cold Snap","Recycle+1"],"picked":"SKIP","floor":44},{"not_picked":["Fusion+1","Fission","Rebound"],"picked":"Lockon+1","floor":47},{"not_picked":["Static Discharge+1","Rebound+1","Reprogram+1"],"picked":"Steam+1","floor":47}],"player_experience":309181,"relics_obtained":[{"floor":6,"key":"Emotion Chip"},{"floor":8,"key":"Bottled Flame"},{"floor":9,"key":"Bronze Scales"},{"floor":10,"key":"Darkstone Periapt"},{"floor":12,"key":"Odd Mushroom"},{"floor":26,"key":"Letter Opener"},{"floor":27,"key":"DataDisk"},{"floor":29,"key":"Lantern"},{"floor":31,"key":"Oddly Smooth Stone"},{"floor":36,"key":"Prayer Wheel"},{"floor":43,"key":"Question Card"}],"event_choices":[{"damage_healed":0,"gold_gain":0,"player_choice":"Box","damage_taken":0,"relics_obtained":["Cables"],"max_hp_gain":0,"max_hp_loss":0,"event_name":"Big Fish","floor":2,"gold_loss":0,"cards_obtained":["Regret"]},{"damage_healed":0,"gold_gain":75,"player_choice":"Gather Gold","damage_taken":11,"max_hp_gain":0,"max_hp_loss":0,"event_name":"World of Goop","floor":3,"gold_loss":0},{"damage_healed":0,"gold_gain":0,"player_choice":"Fought Mushrooms","damage_taken":0,"max_hp_gain":0,"max_hp_loss":0,"event_name":"Mushrooms","floor":12,"gold_loss":0},{"damage_healed":0,"gold_gain":30,"player_choice":"Searched \u00273\u0027 times","damage_taken":0,"relics_obtained":["Centennial Puzzle"],"max_hp_gain":0,"max_hp_loss":0,"event_name":"Dead Adventurer","floor":13,"gold_loss":0},{"damage_healed":0,"gold_gain":0,"player_choice":"Simplicity","damage_taken":0,"max_hp_gain":0,"max_hp_loss":0,"event_name":"Back to Basics","floor":20,"gold_loss":0,"cards_upgraded":["Strike_B","Strike_B","Defend_B","Defend_B","Defend_B","Defend_B"]},{"damage_healed":0,"gold_gain":99,"player_choice":"Stole From Cult","damage_taken":0,"max_hp_gain":0,"max_hp_loss":0,"event_name":"Nest","floor":21,"gold_loss":0},{"damage_healed":0,"gold_gain":0,"player_choice":"Inject Mutagens","damage_taken":0,"relics_obtained":["MutagenicStrength"],"max_hp_gain":0,"max_hp_loss":0,"event_name":"Drug Dealer","floor":22,"gold_loss":0},{"damage_healed":0,"gold_gain":0,"player_choice":"Got Potions","damage_taken":0,"max_hp_gain":0,"max_hp_loss":0,"event_name":"Lab","floor":25,"gold_loss":0},{"damage_healed":0,"gold_gain":0,"player_choice":"Fight","damage_taken":0,"max_hp_gain":0,"max_hp_loss":0,"event_name":"MindBloom","floor":36,"gold_loss":0},{"damage_healed":0,"gold_gain":0,"player_choice":"Embrace Madness","damage_taken":9,"max_hp_gain":0,"max_hp_loss":0,"event_name":"Winding Halls","floor":39,"gold_loss":0,"cards_obtained":["Madness","Madness"]},{"cards_removed":["Defend_B"],"damage_healed":0,"gold_gain":0,"player_choice":"Removed Skill","damage_taken":0,"max_hp_gain":0,"max_hp_loss":0,"event_name":"Falling","floor":45,"gold_loss":0},{"damage_healed":0,"gold_gain":0,"player_choice":"Ignored","damage_taken":0,"max_hp_gain":0,"max_hp_loss":0,"event_name":"Mysterious Sphere","floor":48,"gold_loss":0}],"is_beta":false,"boss_relics":[{"not_picked":["Orrery","Cursed Key"],"picked":"Empty Cage"},{"not_picked":["White Beast Statue","Tiny House"],"picked":"FrozenCore"}],"items_purged_floors":[4],"is_endless":false,"potions_floor_spawned":[1,5,8,18,19,28,31,36,37,44,47],"ascension_level":10}