{"gold_per_floor":[116,116,135,135,160,160,195,195,195,219,319,319,343,26,26,157,157,181,205,205],"floor_reached":20,"playtime":594,"items_purged":["Strike_B"],"score":226,"play_id":"7956674d-2429-44d1-b495-6a0cb2fddbe0","local_time":"20190129012458","is_ascension_mode":true,"campfire_choices":[{"data":"Coolheaded","floor":6,"key":"SMITH"},{"data":"Zap","floor":8,"key":"SMITH"},{"data":"Doom and Gloom","floor":12,"key":"SMITH"},{"floor":15,"key":"REST"}],"neow_cost":"NONE","seed_source_timestamp":205230245564800,"circlet_count":0,"master_deck":["Strike_B","Strike_B","Defend_B","Defend_B","Defend_B","Zap+1","Dualcast","Doom and Gloom+1","Sweeping Beam","Coolheaded+1","Sweeping Beam","Self Repair","Reboot","Capacitor+1","Coolheaded"],"relics":["Cracked Core","NeowsBlessing","Golden Idol","Bottled Lightning","Ornamental Fan","Cables","Empty Cage"],"potions_floor_usage":[7,7,7,18,20],"damage_taken":[{"damage":0,"enemies":"Small Slimes","floor":1,"turns":1},{"damage":0,"enemies":"Cultist","floor":3,"turns":1},{"damage":0,"enemies":"2 Louse","floor":5,"turns":1},{"damage":5,"enemies":"Gremlin Nob","floor":7,"turns":4},{"damage":15,"enemies":"Red Slaver","floor":10,"turns":3},{"damage":11,"enemies":"Looter","floor":13,"turns":2},{"damage":47,"enemies":"Hexaghost","floor":16,"turns":9},{"damage":21,"enemies":"Shell Parasite","floor":18,"turns":3},{"damage":20,"enemies":"Chosen","floor":19,"turns":5},{"damage":36,"enemies":"Centurion and Healer","floor":20,"turns":5}],"seed_played":"6156961874037008745","potions_obtained":[{"floor":1,"key":"Weak Potion"},{"floor":3,"key":"FocusPotion"},{"floor":5,"key":"EssenceOfSteel"},{"floor":16,"key":"Block Potion"},{"floor":19,"key":"Block Potion"}],"is_trial":false,"path_per_floor":["M","?","M","?","M","R","E","R","T","M","?","R","M","$","R","B",null,"M","M","M"],"character_chosen":"DEFECT","items_purchased":["Cables"],"campfire_rested":1,"item_purchase_floors":[14],"current_hp_per_floor":[68,68,68,68,68,68,63,63,63,48,48,48,37,37,57,17,56,42,29,0],"gold":205,"neow_bonus":"THREE_ENEMY_KILL","is_prod":false,"is_daily":false,"chose_seed":false,"campfire_upgraded":3,"win_rate":0,"timestamp":1548746698,"path_taken":["M","?","?","?","M","R","E","R","T","M","?","R","?","$","R","BOSS","M","M","M"],"build_version":"2019-01-23","purchased_purges":1,"victory":false,"max_hp_per_floor":[75,75,75,69,69,69,69,69,69,69,69,69,69,69,69,69,69,69,69,69],"card_choices":[{"not_picked":["Glacier","Ball Lightning"],"picked":"Doom and Gloom","floor":1},{"not_picked":["Force Field","Fusion"],"picked":"Sweeping Beam","floor":3},{"not_picked":["Stack","Rebound"],"picked":"Coolheaded","floor":5},{"not_picked":["Rebound","Ball Lightning","Streamline"],"picked":"SKIP","floor":7},{"not_picked":["Ball Lightning","Beam Cell"],"picked":"Sweeping Beam","floor":10},{"not_picked":["Redo","Stack"],"picked":"Self Repair","floor":13},{"not_picked":["Amplify","Multi-Cast"],"picked":"Reboot","floor":16},{"not_picked":["Coolheaded","Rebound+1"],"picked":"Capacitor+1","floor":18},{"not_picked":["Beam Cell+1","Tempest"],"picked":"Coolheaded","floor":19}],"player_experience":365955,"relics_obtained":[{"floor":7,"key":"Bottled Lightning"},{"floor":9,"key":"Ornamental Fan"}],"event_choices":[{"damage_healed":0,"gold_gain":0,"player_choice":"Bought 0 Potions","damage_taken":0,"max_hp_gain":0,"max_hp_loss":0,"event_name":"The Woman in Blue","floor":2,"gold_loss":0},{"damage_healed":0,"gold_gain":0,"player_choice":"Lose Max HP","damage_taken":0,"relics_obtained":["Golden Idol"],"max_hp_gain":0,"max_hp_loss":6,"event_name":"Golden Idol","floor":4,"gold_loss":0},{"damage_healed":0,"gold_gain":100,"player_choice":"Gold","damage_taken":0,"max_hp_gain":0,"max_hp_loss":0,"event_name":"Wheel of Change","floor":11,"gold_loss":0}],"is_beta":false,"boss_relics":[{"not_picked":["Sozu","White Beast Statue"],"picked":"Empty Cage"}],"items_purged_floors":[14],"is_endless":false,"potions_floor_spawned":[1,3,5,16,19],"killed_by":"Centurion and Healer","ascension_level":6}