{"path_per_floor":["M","M","?","M","?","E","R","$","T","M","E","$","?","M","R"],"character_chosen":"THE_SILENT","items_purchased":["Accuracy","Night Terror"],"gold_per_floor":[111,123,123,139,314,349,349,118,145,155,186,86,161,177,177],"floor_reached":16,"campfire_rested":0,"playtime":3561,"current_hp_per_floor":[70,70,63,63,63,30,30,30,30,29,21,21,10,12,12],"items_purged":["Doubt","Strike_G"],"gold":177,"score":110,"play_id":"581ad885-2b96-4427-8614-80220b0c80e9","is_prod":false,"is_daily":false,"is_ascension_mode":false,"campfire_upgraded":2,"path_taken":["M","M","?","?","?","E","R","$","T","?","E","$","?","M","R","BOSS"],"build_version":"2018-02-08-BETA1","purchased_purges":4,"victory":false,"master_deck":["Defend_G","Defend_G","Defend_G","Defend_G","Defend_G","Strike_G","Strike_G","Strike_G","Survivor","Neutralize","Backflip","Blade Dance","Acrobatics","A Thousand Cuts+1","Accuracy","Night Terror+1","Blur","Choke","Footwork"],"max_hp_per_floor":[70,70,70,70,70,70,70,70,70,70,77,77,77,77,77],"relics":["Ring of the Snake","Dodecahedron","Blood Vial","Strawberry"],"card_choices":[{"not_picked":["Masterful Stab","Heel Hook"],"picked":"Backflip"},{"not_picked":["Bouncing Flask","Deadly Poison"],"picked":"Blade Dance"},{"not_picked":["Flechettes","Deflect"],"picked":"Acrobatics"},{"not_picked":["Outmaneuver","All Out Attack"],"picked":"A Thousand Cuts"},{"not_picked":["Prepared","Riddle With Holes"],"picked":"Blur"},{"not_picked":["Bouncing Flask","Skewer"],"picked":"Choke"},{"not_picked":["Noxious Fumes","Slice"],"picked":"Footwork"}],"player_experience":68891,"potions_floor_usage":[10,16,16,16],"damage_taken":[{"damage":0.0,"enemies":"Small Slimes","floor":1.0,"turns":4.0},{"damage":0.0,"enemies":"2 Louse","floor":2.0,"turns":4.0},{"damage":0.0,"enemies":"Jaw Worm","floor":4.0,"turns":4.0},{"damage":33,"enemies":"3 Sentries","floor":6,"turns":19},{"damage":3,"enemies":"Lots of Slimes","floor":10,"turns":3},{"damage":17,"enemies":"Lagavulin","floor":11,"turns":10},{"damage":0,"enemies":"2 Fungi Beasts","floor":14,"turns":6},{"damage":14,"enemies":"Slime Boss","floor":16,"turns":7}],"event_choices":[{"event_name":"Golden Wing","player_choice":"Card Removal","floor":3.0,"damage_taken":0.0},{"event_name":"Liars Game","player_choice":"agreed","floor":5.0,"damage_taken":0.0},{"event_name":"World of Goop","player_choice":"Gather Gold","floor":13,"damage_taken":0}],"boss_relics":[],"potions_floor_spawned":[1,2,11,14],"seed_played":"6862802413286447156","killed_by":"Slime Boss","ascension_level":0,"is_trial":false}