{"path_per_floor":["M","?","?","?","M","$","E","R","T","?","R","M","M","E","R","B",null,"M","$","M","?","M","E","?","E","T","$","?","?","$","M","R"],"character_chosen":"THE_SILENT","items_purchased":["Cloak And Dagger","Poisoned Stab","Caltrops","Bouncing Flask","Caltrops"],"gold_per_floor":[116,66,66,141,159,4,39,39,39,39,39,53,66,98,98,199,199,217,47,67,67,84,116,116,147,147,77,77,77,8,25,25],"floor_reached":33,"campfire_rested":0,"playtime":2265,"current_hp_per_floor":[69,69,69,58,58,58,47,47,47,44,44,44,41,31,31,31,77,65,65,65,65,52,11,36,36,36,36,36,36,36,38,38],"items_purged":["Strike_G","Strike_G"],"gold":25,"score":366,"play_id":"c7162e96-6146-4e7b-a946-11affcd990c9","is_prod":false,"is_daily":false,"is_ascension_mode":false,"campfire_upgraded":4,"path_taken":["M","?","?","?","M","?","E","R","T","?","R","M","M","E","R","BOSS","M","$","M","?","M","E","?","E","T","?","?","?","$","M","R","BOSS"],"build_version":"2018-02-08-BETA1","purchased_purges":3,"victory":false,"master_deck":["Defend_G","Defend_G","Defend_G","Defend_G","Defend_G","Strike_G","Strike_G","Survivor","Neutralize+1","Well Laid Plans","Deadly Poison","Cloak And Dagger","Poisoned Stab","Leg Sweep+1","Outmaneuver","Catalyst+1","Backflip","After Image","Backflip","Caltrops","Outmaneuver+1","Outmaneuver+1","Cloak And Dagger+1","Deflect","Bouncing Flask+1","After Image","Caltrops","Deadly Poison+1"],"max_hp_per_floor":[70,70,70,70,70,70,77,77,77,77,77,77,77,77,77,77,77,77,77,77,77,77,77,77,77,77,77,77,77,77,77,77],"relics":["Ring of the Snake","Strawberry","Omamori","Toolbox","Juzu Bracelet","The Specimen","Thread and Needle","Calipers","Blood Vial"],"card_choices":[{"not_picked":["Glass Knife","Dagger Throw"],"picked":"Well Laid Plans"},{"not_picked":["Eviscerate","Sucker Punch"],"picked":"Deadly Poison"},{"not_picked":["Acrobatics","Sucker Punch"],"picked":"Leg Sweep"},{"not_picked":["Doppelganger","Backstab"],"picked":"Outmaneuver"},{"not_picked":["Flying Knee","Underhanded Strike"],"picked":"Catalyst"},{"not_picked":["Deadly Poison","Finisher"],"picked":"Backflip"},{"not_picked":["Doppelganger","Envenom"],"picked":"After Image"},{"not_picked":["Predator","Choke"],"picked":"Backflip"},{"not_picked":["Dash","PiercingWail"],"picked":"Outmaneuver"},{"not_picked":["Slice","Predator"],"picked":"Outmaneuver"},{"not_picked":["Blur","Eviscerate"],"picked":"Cloak And Dagger"},{"not_picked":["Masterful Stab","Flying Knee"],"picked":"Deflect"},{"not_picked":["Prepared","Caltrops"],"picked":"Deadly Poison"}],"player_experience":90877,"potions_floor_usage":[7,23,23,25],"damage_taken":[{"damage":1,"enemies":"Cultist","floor":1,"turns":6},{"damage":0,"enemies":"Small Slimes","floor":5,"turns":3},{"damage":18,"enemies":"Gremlin Nob","floor":7,"turns":4},{"damage":0,"enemies":"Blue Slaver","floor":12,"turns":4},{"damage":3,"enemies":"2 Fungi Beasts","floor":13,"turns":4},{"damage":10,"enemies":"3 Sentries","floor":14,"turns":13},{"damage":0,"enemies":"The Guardian","floor":16,"turns":9},{"damage":12,"enemies":"Spheric Guardian","floor":18,"turns":9},{"damage":0,"enemies":"Shell Parasite","floor":20,"turns":8},{"damage":13,"enemies":"Snake Plant","floor":22,"turns":11},{"damage":41,"enemies":"Slavers","floor":23,"turns":10},{"damage":0,"enemies":"Book of Stabbing","floor":25,"turns":10},{"damage":0,"enemies":"Snecko","floor":31,"turns":6},{"damage":40,"enemies":"Automaton","floor":33,"turns":6}],"event_choices":[{"event_name":"The Cleric","player_choice":"Card Removal","floor":2,"damage_taken":0},{"event_name":"Liars Game","player_choice":"disagreed","floor":3,"damage_taken":0},{"event_name":"World of Goop","player_choice":"Gather Gold","floor":4,"damage_taken":0},{"event_name":"Scrap Ooze","player_choice":"success","floor":10,"damage_taken":3},{"event_name":"Accursed Blacksmith","player_choice":"Forge","floor":21,"damage_taken":0},{"event_name":"The Library","player_choice":"Heal","floor":24,"damage_taken":0},{"event_name":"Duplicator","player_choice":"One dupe","floor":28,"damage_taken":0},{"event_name":"The Woman in Blue","player_choice":"Bought 0 Potions","floor":29,"damage_taken":0}],"boss_relics":[{"not_picked":["Ectoplasm","Question Card"],"picked":"The Specimen"}],"potions_floor_spawned":[1,5,14,18,23,25],"seed_played":"-1304655871423753058","killed_by":"Automaton","ascension_level":0,"is_trial":false}