{"gold_per_floor":[13,23,23,23,23,23,23,23,23,23,40,59,71,84,84,84],"floor_reached":16,"playtime":544,"items_purged":[],"score":92,"play_id":"c71679fc-c75b-4d45-8262-82b10b1324ec","local_time":"20190304140710","is_ascension_mode":false,"campfire_choices":[{"data":"Neutralize","floor":6,"key":"SMITH"},{"data":"Prepared","floor":8,"key":"SMITH"},{"floor":15,"key":"DIG"}],"neow_cost":"NO_GOLD","seed_source_timestamp":180926636056756,"circlet_count":0,"master_deck":["Defend_G","Defend_G","Defend_G","Defend_G","Defend_G","Strike_G","Strike_G","Strike_G","Strike_G","Survivor","Neutralize+1","Prepared+1","Quick Slash","Predator","Terror","Poisoned Stab"],"relics":["Ring of the Snake","FossilizedHelix","Shovel","Ice Cream"],"potions_floor_usage":[14],"damage_taken":[{"damage":0,"enemies":"Jaw Worm","floor":1,"turns":6},{"damage":0,"enemies":"2 Louse","floor":2,"turns":4},{"damage":0,"enemies":"Cultist","floor":11,"turns":3},{"damage":0,"enemies":"Large Slime","floor":12,"turns":4},{"damage":0,"enemies":"3 Louse","floor":13,"turns":4},{"damage":0,"enemies":"2 Fungi Beasts","floor":14,"turns":2},{"damage":39,"enemies":"Slime Boss","floor":16,"turns":8}],"seed_played":"3004466773303546957","potions_obtained":[{"floor":12,"key":"GamblersBrew"},{"floor":13,"key":"AttackPotion"}],"is_trial":false,"path_per_floor":["M","M","?","?","$","R","$","R","T","$","M","M","M","M","R","B"],"character_chosen":"THE_SILENT","items_purchased":[],"campfire_rested":0,"item_purchase_floors":[],"current_hp_per_floor":[70,70,70,70,70,70,70,70,70,70,70,70,70,70,70,31],"gold":84,"neow_bonus":"ONE_RARE_RELIC","is_prod":false,"is_daily":false,"chose_seed":false,"campfire_upgraded":2,"win_rate":0,"timestamp":1551730030,"path_taken":["M","M","?","?","$","R","$","R","T","$","M","M","M","M","R","BOSS"],"build_version":"2019-01-23","purchased_purges":0,"victory":false,"max_hp_per_floor":[70,70,70,70,70,70,70,70,70,70,70,70,70,70,70,70],"card_choices":[{"not_picked":["Sucker Punch","Underhanded Strike"],"picked":"Prepared","floor":1},{"not_picked":["Cloak And Dagger","Setup"],"picked":"Quick Slash","floor":2},{"not_picked":["Blur","Acrobatics"],"picked":"Predator","floor":11},{"not_picked":["Outmaneuver","Dagger Throw"],"picked":"Terror","floor":12},{"not_picked":["Slice","PiercingWail","Bane"],"picked":"SKIP","floor":13},{"not_picked":["Concentrate","Sucker Punch"],"picked":"Poisoned Stab","floor":14}],"player_experience":629349,"relics_obtained":[{"floor":9,"key":"Shovel"},{"floor":15,"key":"Ice Cream"}],"event_choices":[{"damage_healed":0,"gold_gain":0,"player_choice":"Ignored","damage_taken":0,"max_hp_gain":0,"max_hp_loss":0,"event_name":"Shining Light","floor":3,"gold_loss":0},{"cards_removed":["Strike_G"],"damage_healed":0,"gold_gain":0,"player_choice":"Offered Basic","damage_taken":0,"max_hp_gain":0,"max_hp_loss":0,"event_name":"Bonfire Elementals","floor":4,"gold_loss":0}],"is_beta":false,"boss_relics":[],"items_purged_floors":[],"is_endless":false,"potions_floor_spawned":[12,13],"killed_by":"Slime Boss","ascension_level":0}