{"gold_per_floor":[115,131,142,122,47,80,100,100,124,150,174,186,108,142,142,240,240,253,253,1,14,14,14],"floor_reached":23,"playtime":1923,"items_purged":["Strike_G","Strike_G","Strike_G"],"score":324,"play_id":"c60d5943-f8ed-481c-8ac5-089e519a6745","local_time":"20190405192222","is_ascension_mode":true,"campfire_choices":[{"data":"Skewer","floor":8.0,"key":"SMITH"},{"floor":12.0,"key":"REST"},{"floor":15.0,"key":"REST"}],"neow_cost":"NONE","seed_source_timestamp":100401842400,"circlet_count":0,"master_deck":["AscendersBane","Defend_G","Defend_G","Defend_G","Defend_G","Survivor","Neutralize","Blade Dance","Quick Slash","Blade Dance","Skewer+1","Finisher","Cloak And Dagger","Well Laid Plans","Dagger Spray","Noxious Fumes","PiercingWail","After Image","Night Terror","Infinite Blades","Die Die Die","Backflip"],"special_seed":0,"relics":["Ring of the Snake","Smiling Mask","Vajra","MawBank","Snake Skull","Lizard Tail"],"potions_floor_usage":[],"damage_taken":[{"damage":2.0,"enemies":"Jaw Worm","floor":1.0,"turns":5.0},{"damage":4.0,"enemies":"Cultist","floor":2.0,"turns":6.0},{"damage":1.0,"enemies":"Small Slimes","floor":3.0,"turns":3.0},{"damage":23.0,"enemies":"Gremlin Nob","floor":6.0,"turns":4.0},{"damage":1.0,"enemies":"Blue Slaver","floor":7.0,"turns":5.0},{"damage":20.0,"enemies":"Lagavulin","floor":10.0,"turns":4.0},{"damage":0.0,"enemies":"2 Fungi Beasts","floor":11.0,"turns":2.0},{"damage":39.0,"enemies":"Gremlin Nob","floor":14.0,"turns":5.0},{"damage":12.0,"enemies":"The Guardian","floor":16.0,"turns":11.0},{"damage":1.0,"enemies":"Shell Parasite","floor":18.0,"turns":8.0},{"damage":0.0,"enemies":"3 Byrds","floor":21.0,"turns":3.0},{"damage":91,"enemies":"Book of Stabbing","floor":23,"turns":7}],"seed_played":"5832850314370649533","potions_obtained":[{"floor":1.0,"key":"Strength Potion"},{"floor":4.0,"key":"Regen Potion"},{"floor":6.0,"key":"FearPotion"},{"floor":10.0,"key":"AttackPotion"},{"floor":14.0,"key":"Fire Potion"},{"floor":16.0,"key":"PowerPotion"}],"is_trial":false,"path_per_floor":["M","M","M","?","$","E","M","R","T","E","M","R","$","E","R","B",null,"M","?","$","M","?","E"],"character_chosen":"THE_SILENT","items_purchased":["Noxious Fumes","Die Die Die","Poison Potion"],"campfire_rested":2,"item_purchase_floors":[13,20,20],"current_hp_per_floor":[61,57,56,56,56,45,44,44,44,24,24,45,45,6,27,15,56,55,55,55,55,55,0],"gold":14,"neow_bonus":"THREE_CARDS","is_prod":false,"is_daily":false,"chose_seed":false,"campfire_upgraded":1,"win_rate":0,"timestamp":1554517342,"path_taken":["M","M","M","?","?","E","M","R","T","E","M","R","?","E","R","BOSS","M","?","$","M","?","E"],"build_version":"2019-01-23","purchased_purges":3,"victory":false,"max_hp_per_floor":[70,70,70,70,70,70,70,70,70,70,70,70,70,70,70,70,70,70,70,70,70,70,70],"card_choices":[{"not_picked":["Escape Plan","Backflip"],"picked":"Blade Dance","floor":0.0},{"not_picked":["Caltrops","Dodge and Roll"],"picked":"Quick Slash","floor":1.0},{"not_picked":["Concentrate","Tactician"],"picked":"Blade Dance","floor":2.0},{"not_picked":["Dodge and Roll","Bouncing Flask"],"picked":"Skewer","floor":3.0},{"not_picked":["Infinite Blades","Deflect"],"picked":"Finisher","floor":6.0},{"not_picked":["Acrobatics","Outmaneuver"],"picked":"Cloak And Dagger","floor":7.0},{"not_picked":["Poisoned Stab","Eviscerate"],"picked":"Well Laid Plans","floor":10.0},{"not_picked":["Acrobatics","Blur"],"picked":"Dagger Spray","floor":11.0},{"not_picked":["Deadly Poison","Quick Slash"],"picked":"PiercingWail","floor":14.0},{"not_picked":["Bullet Time","Storm of Steel"],"picked":"After Image","floor":16.0},{"not_picked":["Slice","Sucker Punch","Dagger Throw+1"],"picked":"SKIP","floor":18.0},{"not_picked":["Outmaneuver","Setup"],"picked":"Backflip","floor":21.0}],"player_experience":703784,"relics_obtained":[{"floor":6.0,"key":"Smiling Mask"},{"floor":9.0,"key":"Vajra"},{"floor":10.0,"key":"MawBank"},{"floor":14.0,"key":"Snake Skull"}],"event_choices":[{"damage_healed":0.0,"max_hp_gain":0.0,"max_hp_loss":0.0,"gold_gain":0.0,"event_name":"The Woman in Blue","player_choice":"Bought 1 Potion","floor":4.0,"gold_loss":0.0,"damage_taken":0.0},{"damage_healed":0.0,"max_hp_gain":0.0,"max_hp_loss":0.0,"gold_gain":0.0,"cards_transformed":["Strike_G","Strike_G"],"event_name":"Drug Dealer","player_choice":"Became Test Subject","floor":19.0,"gold_loss":0.0,"damage_taken":0.0,"cards_obtained":["Night Terror","Infinite Blades"]},{"cards_removed":["Defend_G"],"damage_healed":0.0,"max_hp_gain":0.0,"max_hp_loss":0.0,"gold_gain":0.0,"event_name":"Purifier","player_choice":"Purged","floor":22.0,"gold_loss":0.0,"damage_taken":0.0}],"is_beta":false,"boss_relics":[{"not_picked":["Coffee Dripper","Calling Bell"],"picked":"Lizard Tail"}],"items_purged_floors":[5,13,20],"is_endless":false,"potions_floor_spawned":[1,6,10,14,16],"killed_by":"Book of Stabbing","ascension_level":11}