{"gold_per_floor":[112,122,139,139,155,155,182,237,237,269,269,282,282,301,301,405,405,424,435,435,21,37,64,64,93,93,108,108,126,126,38,38,133,183,194,214,227,246,257,257,14,14,41,41,75,75,101,121,121,121],"floor_reached":50,"playtime":4298,"items_purged":[],"score":687,"play_id":"daebe9af-700b-4d19-a6ee-23171299ce4f","local_time":"20190319215318","is_ascension_mode":true,"campfire_choices":[{"floor":6,"key":"REST"},{"floor":11,"key":"REST"},{"floor":15,"key":"REST"},{"floor":24,"key":"REST"},{"floor":30,"key":"REST"},{"floor":32,"key":"RECALL"},{"floor":40,"key":"REST"},{"floor":42,"key":"REST"},{"floor":46,"key":"REST"},{"floor":49,"key":"REST"}],"neow_cost":"NONE","seed_source_timestamp":3252933961973,"circlet_count":0,"master_deck":["Defend_R","Defend_R","Defend_R","Defend_R","Bash+1","Infernal Blade","Clothesline","Intimidate","Shrug It Off","Sentinel","Battle Trance","Iron Wave+1","Regret","Twin Strike+1","Exhume","Clothesline+1","Headbutt+1","Warcry","Panache","Iron Wave+1","Mind Blast+1","Anger+1","Rampage+1","Thunderclap+1","True Grit+1","Bite+1","Bite+1","Bite+1","Bite+1","Bite+1","Burning Pact+1","Carnage+1","Warcry","Immolate+1","Infernal Blade","Combust+1","Inflame","Clothesline+1","True Grit+1","Headbutt+1","Fire Breathing+1","Anger+1","Infernal Blade"],"relics":["Burning Blood","Mummified Hand","Darkstone Periapt","Mercury Hourglass","Matryoshka","Molten Egg 2","Fusion Hammer","Paper Frog","Ice Cream","Dodecahedron","Bag of Marbles","Tiny House","Self Forming Clay","Pen Nib","Omamori","Centennial Puzzle","Pocketwatch"],"potions_floor_usage":[10,16,19,22,25,29,33,33,36,38,45,50,50],"damage_taken":[{"damage":0,"enemies":"Small Slimes","floor":1,"turns":3},{"damage":8,"enemies":"2 Louse","floor":2,"turns":2},{"damage":0,"enemies":"Cultist","floor":3,"turns":2},{"damage":14,"enemies":"Blue Slaver","floor":5,"turns":4},{"damage":27,"enemies":"Gremlin Nob","floor":7,"turns":5},{"damage":35,"enemies":"3 Sentries","floor":10,"turns":7},{"damage":19,"enemies":"Exordium Wildlife","floor":12,"turns":5},{"damage":10,"enemies":"Gremlin Gang","floor":14,"turns":5},{"damage":38,"enemies":"The Guardian","floor":16,"turns":11},{"damage":3,"enemies":"Chosen","floor":18,"turns":4},{"damage":16,"enemies":"2 Thieves","floor":19,"turns":4},{"damage":15,"enemies":"Centurion and Healer","floor":22,"turns":4},{"damage":34,"enemies":"Gremlin Leader","floor":23,"turns":7},{"damage":26,"enemies":"Slavers","floor":25,"turns":5},{"damage":10,"enemies":"Shelled Parasite and Fungi","floor":27,"turns":2},{"damage":16,"enemies":"Snake Plant","floor":29,"turns":3},{"damage":27,"enemies":"Collector","floor":33,"turns":3},{"damage":12,"enemies":"3 Shapes","floor":35,"turns":3},{"damage":23,"enemies":"3 Darklings","floor":36,"turns":4},{"damage":50,"enemies":"Transient","floor":37,"turns":5},{"damage":29,"enemies":"Maw","floor":38,"turns":7},{"damage":11,"enemies":"4 Shapes","floor":39,"turns":6},{"damage":26,"enemies":"Giant Head","floor":45,"turns":6},{"damage":0,"enemies":"Nemesis","floor":47,"turns":1},{"damage":18,"enemies":"Spire Growth","floor":48,"turns":2},{"damage":92,"enemies":"Donu and Deca","floor":50,"turns":6}],"seed_played":"849981849548028141","potions_obtained":[{"floor":1,"key":"BloodPotion"},{"floor":14,"key":"AttackPotion"},{"floor":16,"key":"Block Potion"},{"floor":18,"key":"SkillPotion"},{"floor":23,"key":"BloodPotion"},{"floor":25,"key":"PowerPotion"},{"floor":29,"key":"FearPotion"},{"floor":34,"key":"Fruit Juice"},{"floor":35,"key":"Dexterity Potion"},{"floor":37,"key":"Dexterity Potion"},{"floor":39,"key":"Swift Potion"},{"floor":48,"key":"Fire Potion"}],"is_trial":false,"path_per_floor":["?","?","?","?","M","?","$","M","$","$"],"character_chosen":"IRONCLAD","items_purchased":["Warcry","Panache","Iron Wave+1","Mind Blast+1","Swift Potion","Carnage+1","Warcry","Self Forming Clay"],"campfire_rested":9,"item_purchase_floors":[21,21,21,21,21,31,31,41],"current_hp_per_floor":[80,78,80,73,65,80,59,59,59,38,62,49,55,51,76,44,86,86,76,68,68,59,31,56,44,44,40,40,39,57,57,57,42,65,62,65,32,21,19,40,40,61,61,61,55,70,70,58,70,0],"gold":121,"neow_bonus":"UPGRADE_CARD","is_prod":false,"is_daily":false,"chose_seed":false,"campfire_upgraded":0,"win_rate":0,"timestamp":1553028798,"path_taken":["M","M","M","?","M","R","E","?","T","E","R","M","?","M","R","BOSS","M","M","?","$","M","E","R","E","T","?","?","M","R","?","R","BOSS","M","M","M","M","?","R","?","R","T","?","E","R","E","M","R","BOSS"],"build_version":"2019-01-23","purchased_purges":0,"victory":false,"max_hp_per_floor":[80,80,80,80,80,80,80,80,80,80,80,80,86,86,86,86,86,86,86,86,86,86,86,86,86,86,86,60,60,60,60,60,60,65,65,70,70,70,70,70,70,70,70,70,70,70,70,70,70,70],"card_choices":[{"not_picked":["Power Through","Flex"],"picked":"Infernal Blade","floor":1},{"not_picked":["Wild Strike","Sentinel"],"picked":"Clothesline","floor":2},{"not_picked":["Combust","Thunderclap"],"picked":"Intimidate","floor":3},{"not_picked":["Havoc","Entrench"],"picked":"Shrug It Off","floor":5},{"not_picked":["Blood for Blood","Disarm"],"picked":"Sentinel","floor":7},{"not_picked":["Fire Breathing","Disarm"],"picked":"Battle Trance","floor":10},{"not_picked":["Clothesline","Perfected Strike"],"picked":"Iron Wave","floor":12},{"not_picked":["Warcry","True Grit"],"picked":"Twin Strike+1","floor":14},{"not_picked":["Dark Embrace","Berserk"],"picked":"Exhume","floor":16},{"not_picked":["Ghostly Armor","Wild Strike+1"],"picked":"Clothesline+1","floor":18},{"not_picked":["Perfected Strike+1","Wild Strike+1"],"picked":"Headbutt+1","floor":19},{"not_picked":["Armaments+1","Havoc"],"picked":"Anger+1","floor":22},{"not_picked":["Hemokinesis+1","Blood for Blood+1"],"picked":"Rampage+1","floor":23},{"not_picked":["Corruption","Impervious"],"picked":"Thunderclap+1","floor":25},{"not_picked":["Cleave+1","Spot Weakness"],"picked":"True Grit+1","floor":27},{"not_picked":["Fire Breathing","Heavy Blade+1"],"picked":"Burning Pact+1","floor":29},{"not_picked":["Bludgeon+1","Demon Form"],"picked":"Immolate+1","floor":33},{"not_picked":["Pommel Strike+1","Fire Breathing"],"picked":"Infernal Blade","floor":34},{"not_picked":["Clothesline+1","Armaments"],"picked":"Combust+1","floor":35},{"not_picked":["Pommel Strike+1","Entrench"],"picked":"Inflame","floor":36},{"not_picked":["Havoc","Sword Boomerang+1"],"picked":"Clothesline+1","floor":37},{"not_picked":["Anger+1","Perfected Strike+1"],"picked":"True Grit+1","floor":38},{"not_picked":["Shrug It Off","Body Slam+1"],"picked":"Headbutt+1","floor":39},{"not_picked":["Limit Break","Rupture+1"],"picked":"Fire Breathing+1","floor":45},{"not_picked":["Cleave+1","Feel No Pain"],"picked":"Anger+1","floor":47},{"not_picked":["Havoc+1","Shockwave"],"picked":"Infernal Blade","floor":48}],"player_experience":127866,"relics_obtained":[{"floor":7,"key":"Darkstone Periapt"},{"floor":9,"key":"Mercury Hourglass"},{"floor":10,"key":"Matryoshka"},{"floor":23,"key":"Paper Frog"},{"floor":25,"key":"Ice Cream"},{"floor":26,"key":"Dodecahedron"},{"floor":26,"key":"Bag of Marbles"},{"floor":43,"key":"Pen Nib"},{"floor":43,"key":"Omamori"},{"floor":45,"key":"Centennial Puzzle"},{"floor":47,"key":"Pocketwatch"}],"event_choices":[{"damage_healed":0,"gold_gain":0,"player_choice":"Success","damage_taken":7,"relics_obtained":["Mummified Hand"],"max_hp_gain":0,"max_hp_loss":0,"event_name":"Scrap Ooze","floor":4,"gold_loss":0},{"damage_healed":0,"gold_gain":55,"player_choice":"Gained Gold","damage_taken":0,"max_hp_gain":0,"max_hp_loss":0,"event_name":"Golden Wing","floor":8,"gold_loss":0},{"damage_healed":0,"gold_gain":0,"player_choice":"Box","damage_taken":0,"relics_obtained":["Molten Egg 2"],"max_hp_gain":0,"max_hp_loss":0,"event_name":"Big Fish","floor":13,"gold_loss":0,"cards_obtained":["Regret"]},{"damage_healed":0,"gold_gain":0,"player_choice":"Damaged","damage_taken":8,"max_hp_gain":0,"max_hp_loss":0,"event_name":"Wheel of Change","floor":20,"gold_loss":0},{"damage_healed":0,"gold_gain":0,"player_choice":"Became a vampire","damage_taken":0,"max_hp_gain":0,"max_hp_loss":26,"event_name":"Vampires","floor":28,"gold_loss":0,"cards_obtained":["Bite","Bite","Bite","Bite","Bite"]}],"is_beta":false,"boss_relics":[{"not_picked":["Astrolabe","Mark of Pain"],"picked":"Fusion Hammer"},{"not_picked":["Calling Bell","Sozu"],"picked":"Tiny House"}],"items_purged_floors":[],"is_endless":false,"potions_floor_spawned":[1,14,16,18,23,25,29,35,37,39,48],"killed_by":"Donu and Deca","ascension_level":2}