{"gold_per_floor":[112,112,187,187,266,266,266,285,285,300,178,195,195,211,211,315,327,356,268,268,268,91,91,61,61,87,100,48,147,66,83,83,180,180,193,193,43,0,0,0,0,0,0,55,55,55,55,88,88,189,239,249,174,174,124,25,54,54,88,88,88,88,88,88,38,38,133,133,152,152,102,102,102,102,52,81,108,108,58,58,58,91,91,216,216,233,233,183,283,302,302,302,399,399,418,448,448,398,398,398,398,430,456,227,227,244,271,287,287,391,391,411,411,47,47,57,82,115,133,164,183,197,216,216,315,315,419,419,437,437,437,48,65,100,127,127,152,152,177,127,147,147,147,251,251,265,283,283,296,315,350,362,387,420,420,483,508,508,350,350,454,454,465,475,475,219,219,252,252,281,309,309,409,409,438,438,438,536,536,554,602,824,824,824,824,824,337,371,371,371,371,401,401,401,501,501,519,519,469,544,494,494,494,494,528,528,478,356,356,366,366,470,470,480,480,480,490,490,522,522,621,654,654,654,654,488,488,488,592,592],"floor_reached":230,"playtime":6671,"items_purged":["Defend_R","Strike_R","Bite","Bash+1","Juggernaut+1","Bite","Bite+1","Bite+1","J.A.X.+1","Defend_R+1","Defend_R","Flex+1","Flex+1","Rampage+1","Clash+1","Sadistic Nature+1","Pride","Pride","Pride"],"score":8831,"play_id":"c8bf56a8-d6fc-40a2-91ea-42094d75905c","local_time":"20181015051032","daily_mods":["Vintage","Heirloom","Time Dilation","Flight"],"is_ascension_mode":false,"campfire_choices":[{"floor":6,"key":"REST"},{"data":"Body Slam","floor":13,"key":"SMITH"},{"data":"Defend_R","floor":15,"key":"SMITH"},{"data":"Flex","floor":23,"key":"SMITH"},{"floor":32,"key":"REST"},{"data":"Rage","floor":40,"key":"SMITH"},{"data":"Juggernaut","floor":41,"key":"SMITH"},{"data":"Flex","floor":42,"key":"SMITH"},{"data":"Fiend Fire","floor":46,"key":"SMITH"},{"data":"Bite","floor":47,"key":"SMITH"},{"floor":49,"key":"REST"},{"floor":58,"key":"REST"},{"floor":61,"key":"REST"},{"floor":62,"key":"REST"},{"floor":63,"key":"REST"},{"floor":66,"key":"REST"},{"floor":74,"key":"REST"},{"data":"Anger","floor":78,"key":"SMITH"},{"data":"Clash","floor":83,"key":"SMITH"},{"floor":91,"key":"REST"},{"floor":100,"key":"REST"},{"data":"Rampage","floor":105,"key":"SMITH"},{"floor":109,"key":"REST"},{"data":"Panache","floor":124,"key":"SMITH"},{"floor":126,"key":"REST"},{"data":"Juggernaut","floor":136,"key":"SMITH"},{"floor":143,"key":"REST"},{"data":"Sadistic Nature","floor":160,"key":"SMITH"},{"floor":177,"key":"REST"},{"floor":185,"key":"REST"},{"floor":186,"key":"REST"},{"floor":191,"key":"DIG"},{"floor":194,"key":"DIG"},{"floor":202,"key":"DIG"},{"floor":211,"key":"DIG"},{"data":"Juggernaut+1","floor":220,"key":"PURGE"},{"data":"Decay","floor":228,"key":"PURGE"}],"neow_cost":"","seed_source_timestamp":213688534230080,"circlet_count":6,"master_deck":["Rage+1","Panache+1","Body Slam+1","Rage+1","Entrench+1"],"relics":["Unceasing Top","Ice Cream","Darkstone Periapt","Pocketwatch","PreservedInsect","Mercury Hourglass","Incense Burner","Red Skull","Torii","MawBank","White Beast Statue","Regal Pillow","Happy Flower","Bag of Preparation","Ancient Tea Set","Black Star","Juzu Bracelet","Red Mask","Bronze Scales","Strawberry","Du-Vu Doll","Art of War","Lantern","Toxic Egg 2","Tiny House","Smiling Mask","Dream Catcher","Bottled Flame","Busted Crown","Ginger","Circlet","Tiny Chest","Sozu","Omamori","Calipers","Pear","Lizard Tail","Whetstone","Odd Mushroom","WarpedTongs","The Courier","Vajra","Self Forming Clay","Question Card","Potion Belt","Empty Cage","Anchor","Matryoshka","DollysMirror","Orichalcum","Bag of Marbles","Bottled Tornado","Kunai","Blue Candle","Molten Egg 2","Runic Dome","Meat on the Bone","Shuriken","Dodecahedron","Mummified Hand","Letter Opener","Orrery","War Paint","Gremlin Horn","Centennial Puzzle","Pantograph","Oddly Smooth Stone","Ornamental Fan","Sundial","Charon\u0027s Ashes","Philosopher\u0027s Stone","FossilizedHelix","Nunchaku","Shovel","Champion Belt","Eternal Feather","Turnip","Pen Nib","Peace Pipe","Magic Flower","MutagenicStrength","Membership Card","Runic Pyramid"],"potions_floor_usage":[16,24,27,33,33,48,48,48,50,144],"damage_taken":[{"damage":0,"enemies":"Small Slimes","floor":1,"turns":4},{"damage":6,"enemies":"Cultist","floor":8,"turns":3},{"damage":6,"enemies":"2 Louse","floor":10,"turns":2},{"damage":5,"enemies":"Looter","floor":12,"turns":3},{"damage":12,"enemies":"Exordium Wildlife","floor":14,"turns":4},{"damage":22,"enemies":"Slime Boss","floor":16,"turns":10},{"damage":0,"enemies":"Chosen","floor":18,"turns":4},{"damage":10,"enemies":"2 Thieves","floor":24,"turns":2},{"damage":30,"enemies":"Snecko","floor":27,"turns":4},{"damage":8,"enemies":"Centurion and Healer","floor":31,"turns":4},{"damage":49,"enemies":"Champ","floor":33,"turns":10},{"damage":25,"enemies":"3 Shapes","floor":35,"turns":3},{"damage":7,"enemies":"Mind Bloom Boss Battle","floor":45,"turns":5},{"damage":13,"enemies":"Nemesis","floor":48,"turns":3},{"damage":63,"enemies":"Awakened One","floor":50,"turns":9},{"damage":0,"enemies":"Small Slimes","floor":52,"turns":1},{"damage":0,"enemies":"Gremlin Nob","floor":57,"turns":1},{"damage":0,"enemies":"Lagavulin","floor":59,"turns":1},{"damage":3,"enemies":"Hexaghost","floor":67,"turns":1},{"damage":0,"enemies":"Spheric Guardian","floor":69,"turns":1},{"damage":6,"enemies":"Slavers","floor":76,"turns":1},{"damage":3,"enemies":"Book of Stabbing","floor":77,"turns":1},{"damage":3,"enemies":"Masked Bandits","floor":82,"turns":1},{"damage":3,"enemies":"Collector","floor":84,"turns":1},{"damage":3,"enemies":"3 Darklings","floor":86,"turns":1},{"damage":1,"enemies":"3 Shapes","floor":90,"turns":1},{"damage":12,"enemies":"Awakened One","floor":93,"turns":2},{"damage":3,"enemies":"Small Slimes","floor":95,"turns":1},{"damage":6,"enemies":"The Mushroom Lair","floor":96,"turns":1},{"damage":0,"enemies":"3 Sentries","floor":102,"turns":1},{"damage":0,"enemies":"Lagavulin","floor":103,"turns":1},{"damage":0,"enemies":"2 Louse","floor":106,"turns":1},{"damage":0,"enemies":"3 Sentries","floor":107,"turns":1},{"damage":0,"enemies":"Jaw Worm","floor":108,"turns":1},{"damage":0,"enemies":"The Guardian","floor":110,"turns":2},{"damage":0,"enemies":"Chosen","floor":112,"turns":1},{"damage":0,"enemies":"2 Thieves","floor":116,"turns":1},{"damage":0,"enemies":"Gremlin Leader","floor":117,"turns":1},{"damage":0,"enemies":"Slavers","floor":118,"turns":1},{"damage":0,"enemies":"Snake Plant","floor":119,"turns":1},{"damage":0,"enemies":"Gremlin Leader","floor":120,"turns":1},{"damage":0,"enemies":"Centurion and Healer","floor":121,"turns":1},{"damage":0,"enemies":"Chosen and Byrds","floor":122,"turns":1},{"damage":0,"enemies":"Shelled Parasite and Fungi","floor":123,"turns":1},{"damage":0,"enemies":"Automaton","floor":127,"turns":2},{"damage":0,"enemies":"3 Darklings","floor":129,"turns":1},{"damage":0,"enemies":"Orb Walker","floor":133,"turns":1},{"damage":0,"enemies":"Nemesis","floor":134,"turns":1},{"damage":0,"enemies":"2 Orb Walkers","floor":135,"turns":1},{"damage":0,"enemies":"Nemesis","floor":137,"turns":1},{"damage":0,"enemies":"2 Orb Walkers","floor":139,"turns":1},{"damage":0,"enemies":"Spire Growth","floor":141,"turns":1},{"damage":0,"enemies":"Awakened One","floor":144,"turns":3},{"damage":0,"enemies":"Jaw Worm","floor":146,"turns":1},{"damage":0,"enemies":"Small Slimes","floor":147,"turns":1},{"damage":0,"enemies":"2 Louse","floor":149,"turns":1},{"damage":0,"enemies":"Exordium Thugs","floor":150,"turns":1},{"damage":0,"enemies":"3 Sentries","floor":151,"turns":1},{"damage":0,"enemies":"3 Louse","floor":152,"turns":1},{"damage":0,"enemies":"Gremlin Nob","floor":153,"turns":1},{"damage":0,"enemies":"3 Sentries","floor":154,"turns":1},{"damage":0,"enemies":"3 Sentries","floor":156,"turns":1},{"damage":0,"enemies":"Gremlin Nob","floor":157,"turns":1},{"damage":0,"enemies":"Slime Boss","floor":161,"turns":1},{"damage":0,"enemies":"2 Thieves","floor":163,"turns":1},{"damage":0,"enemies":"Shell Parasite","floor":164,"turns":1},{"damage":0,"enemies":"Gremlin Leader","floor":168,"turns":1},{"damage":0,"enemies":"Slavers","floor":170,"turns":1},{"damage":0,"enemies":"Gremlin Leader","floor":171,"turns":1},{"damage":0,"enemies":"Book of Stabbing","floor":175,"turns":1},{"damage":0,"enemies":"Automaton","floor":178,"turns":2},{"damage":0,"enemies":"3 Shapes","floor":180,"turns":1},{"damage":0,"enemies":"Mysterious Sphere","floor":181,"turns":1},{"damage":0,"enemies":"Mind Bloom Boss Battle","floor":184,"turns":1},{"damage":0,"enemies":"Giant Head","floor":188,"turns":1},{"damage":0,"enemies":"2 Orb Walkers","floor":192,"turns":1},{"damage":0,"enemies":"Time Eater","floor":195,"turns":2},{"damage":2,"enemies":"Jaw Worm","floor":197,"turns":1},{"damage":0,"enemies":"Gremlin Nob","floor":205,"turns":1},{"damage":0,"enemies":"Cultist","floor":210,"turns":1},{"damage":0,"enemies":"The Guardian","floor":212,"turns":1},{"damage":0,"enemies":"Chosen","floor":214,"turns":1},{"damage":0,"enemies":"3 Byrds","floor":217,"turns":1},{"damage":0,"enemies":"Book of Stabbing","floor":219,"turns":1},{"damage":0,"enemies":"Slavers","floor":222,"turns":2},{"damage":0,"enemies":"Collector","floor":229,"turns":2}],"seed_played":"-2117690395678265609","potions_obtained":[{"floor":12,"key":"Poison Potion"},{"floor":16,"key":"SmokeBomb"},{"floor":18,"key":"Swift Potion"},{"floor":27,"key":"SpeedPotion"},{"floor":31,"key":"Swift Potion"},{"floor":33,"key":"Dexterity Potion"},{"floor":35,"key":"Energy Potion"},{"floor":45,"key":"PowerPotion"},{"floor":48,"key":"Fruit Juice"},{"floor":50,"key":"GamblersBrew"},{"floor":51,"key":"SteroidPotion"},{"floor":52,"key":"PowerPotion"},{"floor":67,"key":"FairyPotion"}],"is_trial":true,"path_per_floor":["M","?","?","?","?","R","T","M","T","M","$","M","R","M","R","B",null,"M","$","?","?","$","R","M","?","T","M","$","?","$","M","R","B",null,"M","?","$","?","$","R","R","R","T","T","?","R","R","E","R","B",null,"M","$","?","?","$","E","R","E","T","R","R","R","?","$","R","B",null,"M","?","$","?","?","R","$","E","E","R","$","?","?","?","R","B",null,"M","?","$","?","M","R","?","B",null,"M","?","?","$","?","R","?","E","E","$","R","M","E","M","R","B",null,"M","?","$","$","M","E","E","M","E","M","M","M","R","?","R","B",null,"M","?","?","$","M","E","E","R","E","?","E","$","M","$","R","B",null,"M","M","?","M","M","E","M","E","E","?","?","E","$","$","R","B",null,"M","M","?","$","$","E","?","E","E","$","?","?","E","?","R","B",null,"M","?","?","?","?","R","R","$","E","$","?","R","E","$","R","B",null,"M","?","$","?","$","R","?","?","E","?","$","$","?","M","R","B",null,"M","$","?","M","$","E","R","?","E","?","$","?","$","?","R","B"],"character_chosen":"IRONCLAD","items_purchased":["Body Slam","Flex","Flex","Rage","Flex+1","Flex+1","Vajra","Rampage","DollysMirror","Panache","Shuriken","Dodecahedron","Sadistic Nature","Sundial","Shovel","Champion Belt","Pen Nib","Membership Card"],"campfire_rested":17,"item_purchase_floors":[11,22,28,30,53,56,104,104,114,114,132,132,159,166,187,187,208,226],"current_hp_per_floor":[80,80,69,69,69,80,80,74,74,68,68,63,63,51,51,29,80,80,80,56,40,40,40,32,32,32,10,10,10,10,12,43,18,56,33,33,33,33,33,33,33,33,33,40,51,51,51,55,68,31,73,73,73,78,78,78,78,78,78,78,78,78,78,78,78,78,75,78,78,78,78,78,78,78,78,72,69,69,69,69,69,66,66,63,78,75,75,75,75,74,78,78,76,88,85,79,79,79,79,88,76,76,76,76,76,76,76,76,88,88,88,88,88,88,88,88,88,88,88,88,88,88,88,88,88,88,88,88,88,88,84,84,84,84,84,84,84,94,94,94,94,94,94,94,94,94,94,94,94,94,94,94,94,94,94,94,94,94,94,94,94,94,94,94,78,78,78,78,78,78,78,78,78,78,78,80,94,94,94,94,94,94,89,89,89,89,89,89,89,89,89,89,89,89,89,89,87,87,87,76,76,77,77,77,77,77,77,77,77,77,78,89,89,89,89,89,89,89,89,89,89,89,89,89,81,81,81,82,89,89],"gold":592,"neow_bonus":"","is_prod":false,"is_daily":false,"chose_seed":false,"campfire_upgraded":14,"win_rate":0,"timestamp":1539598232,"path_taken":["M","?","?","?","?","R","?","M","T","M","$","M","R","?","R","BOSS","M","$","?","?","$","R","M","?","T","?","$","?","?","M","R","BOSS","M","?","$","?","$","R","R","R","T","?","?","R","R","E","R","BOSS","M","$","?","?","$","E","R","E","T","R","R","R","?","$","R","BOSS","M","?","$","?","?","R","$","E","E","R","$","?","?","?","R","BOSS","M","?","$","?","M","R","?","BOSS","M","?","?","$","?","R","?","E","E","$","R","M","E","M","R","BOSS","M","?","$","$","M","E","E","M","E","M","M","M","R","?","R","BOSS","M","?","?","$","M","E","E","R","E","?","E","$","M","$","R","BOSS","M","M","?","M","M","E","M","E","E","?","?","E","$","$","R","BOSS","M","M","?","$","$","E","?","E","E","$","?","?","E","?","R","BOSS","M","?","?","?","?","R","R","$","E","$","?","R","E","$","R","BOSS","M","?","$","?","$","R","?","?","E","?","?","$","?","M","R","BOSS","M","$","?","M","$","E","R","?","E","?","?","?","$","?","R","BOSS"],"build_version":"2018-10-11","purchased_purges":19,"victory":false,"max_hp_per_floor":[80,80,80,80,80,80,80,80,80,80,80,80,80,80,80,80,80,80,80,56,56,56,56,56,56,56,56,56,56,56,56,56,56,56,56,56,56,56,56,56,56,56,56,63,63,63,63,68,68,68,73,73,73,78,78,78,78,78,78,78,78,78,78,78,78,78,78,78,78,78,78,78,78,78,78,78,78,78,78,78,78,78,78,78,78,78,78,78,78,78,78,78,88,88,88,88,88,88,88,88,88,88,88,88,88,88,88,88,88,88,88,88,88,88,88,88,88,88,88,88,88,88,88,88,88,88,88,88,88,88,84,84,84,84,84,84,84,94,94,94,94,94,94,94,94,94,94,94,94,94,94,94,94,94,94,94,94,94,94,94,94,94,94,94,94,94,94,94,94,94,94,94,94,94,94,94,94,94,94,94,94,94,89,89,89,89,89,89,89,89,89,89,89,89,89,89,89,89,89,89,89,89,89,89,89,89,89,89,89,89,89,89,89,89,89,89,89,89,89,89,89,89,89,89,89,89,89,89,89,89],"card_choices":[{"not_picked":["Demon Form","Bludgeon"],"picked":"Juggernaut","floor":16},{"not_picked":["Brutality","Feed"],"picked":"Fiend Fire","floor":33},{"not_picked":["Cleave","Twin Strike+1","True Grit"],"picked":"SKIP","floor":48},{"not_picked":["Sword Boomerang","Combust","Heavy Blade"],"picked":"SKIP","floor":57},{"not_picked":["Wild Strike","Ghostly Armor+1","Inflame"],"picked":"SKIP","floor":59},{"not_picked":["Pummel","Barricade"],"picked":"Bloodletting+1","floor":61},{"not_picked":["Pommel Strike","Inflame"],"picked":"Flex+1","floor":62},{"not_picked":["Headbutt","Flex+1"],"picked":"Anger","floor":66},{"not_picked":[],"picked":"Clash","floor":74},{"not_picked":["Wild Strike"],"picked":"SKIP","floor":76},{"not_picked":["Metallicize"],"picked":"SKIP","floor":77},{"not_picked":["Havoc+1"],"picked":"SKIP","floor":102},{"not_picked":["Intimidate+1"],"picked":"SKIP","floor":103},{"not_picked":["Infernal Blade+1"],"picked":"SKIP","floor":107},{"not_picked":["Heavy Blade","Twin Strike"],"picked":"SKIP","floor":117},{"not_picked":["Rupture+1","Thunderclap"],"picked":"SKIP","floor":118},{"not_picked":["Anger","Combust"],"picked":"SKIP","floor":120},{"not_picked":["Berserk"],"picked":"Juggernaut","floor":127},{"not_picked":["Dropkick+1","Heavy Blade+1"],"picked":"SKIP","floor":134},{"not_picked":["Armaments+1","Havoc+1"],"picked":"SKIP","floor":135},{"not_picked":["Armaments+1","Corruption+1"],"picked":"SKIP","floor":137},{"not_picked":["Perfected Strike+1","Flex+1"],"picked":"SKIP","floor":139},{"not_picked":["Iron Wave+1","Exhume+1"],"picked":"SKIP","floor":151},{"not_picked":["Warcry+1","Sentinel+1"],"picked":"SKIP","floor":153},{"not_picked":["Clash+1","Burning Pact+1"],"picked":"SKIP","floor":154},{"not_picked":["Intimidate+1","Hemokinesis+1"],"picked":"SKIP","floor":157},{"not_picked":["Combust+1","Bloodletting+1"],"picked":"SKIP","floor":168},{"not_picked":["Disarm+1","Armaments+1"],"picked":"SKIP","floor":170},{"not_picked":["Carnage+1","Sword Boomerang+1"],"picked":"SKIP","floor":171},{"not_picked":["Thunderclap+1","Headbutt+1"],"picked":"SKIP","floor":175},{"not_picked":["Seeing Red+1","Clash+1"],"picked":"SKIP","floor":188},{"not_picked":["Wild Strike+1","Immolate+1"],"picked":"SKIP","floor":192},{"not_picked":["Dark Embrace"],"picked":"Juggernaut","floor":195},{"not_picked":["Havoc+1"],"picked":"Rage+1","floor":205},{"not_picked":["Body Slam+1","Perfected Strike+1"],"picked":"SKIP","floor":219},{"not_picked":["Hemokinesis+1","Clash+1"],"picked":"SKIP","floor":222}],"player_experience":70117,"relics_obtained":[{"floor":1,"key":"Darkstone Periapt"},{"floor":7,"key":"Pocketwatch"},{"floor":8,"key":"PreservedInsect"},{"floor":9,"key":"Mercury Hourglass"},{"floor":10,"key":"Incense Burner"},{"floor":12,"key":"Red Skull"},{"floor":14,"key":"Torii"},{"floor":16,"key":"MawBank"},{"floor":18,"key":"Regal Pillow"},{"floor":26,"key":"Happy Flower"},{"floor":27,"key":"Bag of Preparation"},{"floor":33,"key":"Ancient Tea Set"},{"floor":35,"key":"Juzu Bracelet"},{"floor":43,"key":"Bronze Scales"},{"floor":44,"key":"Strawberry"},{"floor":45,"key":"Du-Vu Doll"},{"floor":48,"key":"Art of War"},{"floor":48,"key":"Lantern"},{"floor":50,"key":"Toxic Egg 2"},{"floor":52,"key":"Smiling Mask"},{"floor":60,"key":"Dream Catcher"},{"floor":67,"key":"Bottled Flame"},{"floor":69,"key":"Ginger"},{"floor":82,"key":"Circlet"},{"floor":84,"key":"Tiny Chest"},{"floor":86,"key":"Omamori"},{"floor":90,"key":"Calipers"},{"floor":93,"key":"Pear"},{"floor":95,"key":"Whetstone"},{"floor":96,"key":"Odd Mushroom"},{"floor":106,"key":"Self Forming Clay"},{"floor":108,"key":"Question Card"},{"floor":110,"key":"Potion Belt"},{"floor":112,"key":"Anchor"},{"floor":116,"key":"Orichalcum"},{"floor":119,"key":"Bag of Marbles"},{"floor":121,"key":"Bottled Tornado"},{"floor":122,"key":"Kunai"},{"floor":123,"key":"Blue Candle"},{"floor":127,"key":"Molten Egg 2"},{"floor":129,"key":"Meat on the Bone"},{"floor":133,"key":"Mummified Hand"},{"floor":144,"key":"Letter Opener"},{"floor":147,"key":"War Paint"},{"floor":152,"key":"Gremlin Horn"},{"floor":161,"key":"Pantograph"},{"floor":163,"key":"Oddly Smooth Stone"},{"floor":164,"key":"Ornamental Fan"},{"floor":178,"key":"Charon\u0027s Ashes"},{"floor":180,"key":"FossilizedHelix"},{"floor":181,"key":"Nunchaku"},{"floor":191,"key":"Circlet"},{"floor":194,"key":"Circlet"},{"floor":195,"key":"Circlet"},{"floor":202,"key":"Turnip"},{"floor":211,"key":"Peace Pipe"},{"floor":214,"key":"Magic Flower"},{"floor":217,"key":"Circlet"},{"floor":229,"key":"Circlet"}],"event_choices":[{"event_name":"Upgrade Shrine","player_choice":"Upgraded","floor":2,"damage_taken":0},{"event_name":"World of Goop","player_choice":"Gather Gold","floor":3,"damage_taken":0},{"event_name":"Shining Light","player_choice":"Ignored","floor":4,"damage_taken":0},{"event_name":"Golden Wing","player_choice":"Gained Gold","floor":5,"damage_taken":0},{"event_name":"Vampires","player_choice":"Became a vampire","floor":20,"damage_taken":0},{"event_name":"Cursed Tome","player_choice":"Obtained Book","floor":21,"damage_taken":0},{"event_name":"Nest","player_choice":"Stole From Cult","floor":29,"damage_taken":0},{"event_name":"The Woman in Blue","player_choice":"Bought 0 Potions","floor":36,"damage_taken":0},{"event_name":"Tomb of Lord Red Mask","player_choice":"Paid","floor":38,"damage_taken":0},{"event_name":"MindBloom","player_choice":"Fight","floor":45,"damage_taken":0},{"event_name":"Big Fish","player_choice":"Donut","floor":54,"damage_taken":0},{"event_name":"The Cleric","player_choice":"Card Removal","floor":55,"damage_taken":0},{"event_name":"Purifier","player_choice":"One Purge","floor":64,"damage_taken":0},{"event_name":"Ghosts","player_choice":"Ignored","floor":70,"damage_taken":0},{"event_name":"Drug Dealer","player_choice":"Got JAX","floor":72,"damage_taken":0},{"event_name":"FaceTrader","player_choice":"Leave","floor":73,"damage_taken":0},{"event_name":"Vampires","player_choice":"Ignored","floor":80,"damage_taken":0},{"event_name":"Back to Basics","player_choice":"Elegance","floor":81,"damage_taken":0},{"event_name":"Masked Bandits","player_choice":"Fought Bandits","floor":82,"damage_taken":0},{"event_name":"Falling","player_choice":"Removed Skill","floor":87,"damage_taken":0},{"event_name":"Golden Shrine","player_choice":"Pray","floor":89,"damage_taken":0},{"event_name":"SecretPortal","player_choice":"Took Portal.","floor":92,"damage_taken":0},{"event_name":"Mushrooms","player_choice":"Fought Mushrooms","floor":96,"damage_taken":0},{"event_name":"Purifier","player_choice":"One Purge","floor":97,"damage_taken":0},{"event_name":"Accursed Blacksmith","player_choice":"Rummage","floor":99,"damage_taken":0},{"event_name":"Scrap Ooze","player_choice":"success","floor":101,"damage_taken":12},{"event_name":"The Mausoleum","player_choice":"Yes","floor":113,"damage_taken":0},{"event_name":"Nest","player_choice":"Stole From Cult","floor":125,"damage_taken":0},{"event_name":"Purifier","player_choice":"One Purge","floor":130,"damage_taken":0},{"event_name":"Winding Halls","player_choice":"Max HP","floor":131,"damage_taken":0},{"event_name":"Bonfire Elementals","player_choice":"RARE","floor":138,"damage_taken":0},{"event_name":"Living Wall","player_choice":"Forget","floor":148,"damage_taken":0},{"event_name":"Upgrade Shrine","player_choice":"Skipped","floor":155,"damage_taken":0},{"event_name":"Dead Adventurer","player_choice":"Searched \u00272\u0027 times","floor":156,"damage_taken":0},{"event_name":"Cursed Tome","player_choice":"Obtained Book","floor":165,"damage_taken":0},{"event_name":"Vampires","player_choice":"Ignored","floor":169,"damage_taken":0},{"event_name":"Golden Shrine","player_choice":"Pray","floor":173,"damage_taken":0},{"event_name":"The Library","player_choice":"Read","floor":174,"damage_taken":0},{"event_name":"Bonfire Elementals","player_choice":"COMMON","floor":176,"damage_taken":0},{"event_name":"Mysterious Sphere","player_choice":"Fight","floor":181,"damage_taken":0},{"event_name":"Tomb of Lord Red Mask","player_choice":"Wore Mask","floor":182,"damage_taken":0},{"event_name":"Winding Halls","player_choice":"Max HP","floor":183,"damage_taken":0},{"event_name":"MindBloom","player_choice":"Fight","floor":184,"damage_taken":0},{"event_name":"Purifier","player_choice":"Skipped","floor":190,"damage_taken":0},{"event_name":"The Lab","player_choice":"Got Potions","floor":198,"damage_taken":0},{"event_name":"World of Goop","player_choice":"Gather Gold","floor":200,"damage_taken":0},{"event_name":"Big Fish","player_choice":"Donut","floor":203,"damage_taken":0},{"event_name":"Accursed Blacksmith","player_choice":"Forge","floor":204,"damage_taken":0},{"event_name":"Golden Wing","player_choice":"Ignored","floor":206,"damage_taken":0},{"event_name":"Dead Adventurer","player_choice":"Searched \u00270\u0027 times","floor":209,"damage_taken":0},{"event_name":"The Library","player_choice":"Read","floor":216,"damage_taken":0},{"event_name":"Nest","player_choice":"Stole From Cult","floor":221,"damage_taken":0},{"event_name":"Drug Dealer","player_choice":"Inject Mutagens","floor":223,"damage_taken":0},{"event_name":"Knowing Skull","player_choice":"","floor":225,"damage_taken":0},{"event_name":"Match and Keep!","player_choice":"1 cards matched","floor":227,"damage_taken":0}],"is_beta":false,"boss_relics":[{"not_picked":["Mark of Pain","Snecko Eye"],"picked":"White Beast Statue"},{"not_picked":["Fusion Hammer","Coffee Dripper"],"picked":"Black Star"},{"not_picked":["Runic Pyramid","Eternal Feather"],"picked":"Tiny House"},{"not_picked":["Calling Bell","Fusion Hammer"],"picked":"Busted Crown"},{"not_picked":["Velvet Choker","Runic Pyramid"],"picked":"Sozu"},{"not_picked":["Orrery","Astrolabe"],"picked":"Lizard Tail"},{"not_picked":["Mark of Pain","Astrolabe"],"picked":"Empty Cage"},{"not_picked":["Cursed Key","Velvet Choker"],"picked":"Runic Dome"},{"not_picked":["Runic Pyramid","Coffee Dripper"],"picked":"Orrery"},{"not_picked":["Snecko Eye","Ectoplasm","Pandora\u0027s Box"]},{"not_picked":["Coffee Dripper","Velvet Choker"],"picked":"Philosopher\u0027s Stone"},{"not_picked":["Fusion Hammer","Runic Cube"],"picked":"Eternal Feather"},{"not_picked":["Ectoplasm","Velvet Choker","Pandora\u0027s Box"]},{"not_picked":["Cursed Key","Astrolabe"],"picked":"Runic Pyramid"}],"items_purged_floors":[11,19,22,37,53,56,65,71,75,79,88,98,104,114,140,166,199,201,207],"is_endless":true,"potions_floor_spawned":[12,16,18,24,27,31,33,35,45,48,50,52,57,59,67,69,76,77,82,84,86,90,93,95,96,102,103,106,107,108,110,112,116,117,118,119,120,121,122,123,127,129,133,134,135,137,139,141,144,146,147,149,150,151,152,153,154,156,156,157,161,163,164,168,170,171,175,178,180,181,184,188,192,195,197,205,210,212,214,217,219,222,229],"ascension_level":0}