{"gold_per_floor":[116,116,191,191,40,40,63,84,107,121,121,121,160,178,178,299,362,378,397,397],"floor_reached":20,"playtime":695,"items_purged":[],"score":261,"play_id":"42cdc84e-c836-44db-898a-4521ccfe29aa","local_time":"20190302173637","is_ascension_mode":true,"campfire_choices":[{"data":"Static Discharge","floor":6,"key":"SMITH"},{"floor":12,"key":"REST"},{"floor":15,"key":"REST"}],"neow_cost":"TEN_PERCENT_HP_LOSS","seed_source_timestamp":20530317781978,"circlet_count":0,"master_deck":["AscendersBane","Strike_B","Strike_B","Defend_B","Defend_B","Defend_B","Defend_B","Zap","Dualcast","Heatsinks","Amplify+1","Cold Snap","Static Discharge+1","Leap","Stack","Tempest","Loop","White Noise","Leap","Creative AI","Cold Snap","Stack"],"special_seed":0,"relics":["Cracked Core","Golden Idol","Blood Vial","Tiny House"],"potions_floor_usage":[10,13,17,20],"damage_taken":[{"damage":6.0,"enemies":"2 Louse","floor":1.0,"turns":4.0},{"damage":5,"enemies":"Small Slimes","floor":7,"turns":3},{"damage":5,"enemies":"Jaw Worm","floor":8,"turns":4},{"damage":36,"enemies":"Gremlin Gang","floor":10,"turns":4},{"damage":10,"enemies":"3 Sentries","floor":13,"turns":2},{"damage":13,"enemies":"2 Fungi Beasts","floor":14,"turns":5},{"damage":11,"enemies":"Slime Boss","floor":16,"turns":9},{"damage":18,"enemies":"Spheric Guardian","floor":18,"turns":4},{"damage":17,"enemies":"Shell Parasite","floor":19,"turns":2},{"damage":18,"enemies":"Chosen and Byrds","floor":20,"turns":4}],"seed_played":"7221554108532733054","potions_obtained":[{"floor":8,"key":"PowerPotion"},{"floor":14,"key":"LiquidBronze"},{"floor":17,"key":"Fruit Juice"}],"is_trial":false,"path_per_floor":["M","?","?","?","$","R","M","M","T","M","?","R","E","M","R","B",null,"M","M","M"],"character_chosen":"DEFECT","items_purchased":["Static Discharge","Leap","PowerPotion"],"campfire_rested":2,"item_purchase_floors":[5,5,5],"current_hp_per_floor":[62,62,51,51,51,51,46,41,41,5,26,44,34,23,41,32,65,49,34,18],"gold":397,"neow_bonus":"TRANSFORM_TWO_CARDS","is_prod":false,"is_daily":false,"chose_seed":false,"campfire_upgraded":1,"win_rate":0,"timestamp":1551569797,"path_taken":["M","?","?","?","$","R","M","M","T","M","?","R","E","?","R","BOSS","M","?","M"],"build_version":"2019-01-23","purchased_purges":0,"victory":false,"max_hp_per_floor":[68,63,63,63,63,63,63,63,63,63,63,63,63,63,63,63,73,73,73,73],"card_choices":[{"not_picked":["Melter","Conserve Battery"],"picked":"Cold Snap","floor":1.0},{"not_picked":["Redo","Steam"],"picked":"Stack","floor":7},{"not_picked":["Turbo","Rip and Tear"],"picked":"Tempest","floor":8},{"not_picked":["Static Discharge","Hologram"],"picked":"Loop","floor":10},{"not_picked":["Undo","Turbo"],"picked":"White Noise","floor":13},{"not_picked":["Barrage","Beam Cell"],"picked":"Leap","floor":14},{"not_picked":["Multi-Cast","Meteor Strike"],"picked":"Creative AI","floor":16},{"not_picked":["Loop","Leap"],"picked":"Cold Snap","floor":17},{"not_picked":["Conserve Battery","Turbo"],"picked":"Stack","floor":18},{"not_picked":["Compile Driver+1","Sweeping Beam","Consume"],"picked":"SKIP","floor":19}],"player_experience":594984,"relics_obtained":[{"floor":13,"key":"Blood Vial"}],"event_choices":[{"damage_healed":0.0,"max_hp_gain":0.0,"max_hp_loss":5.0,"gold_gain":0.0,"event_name":"Golden Idol","player_choice":"Lose Max HP","floor":2.0,"gold_loss":0.0,"damage_taken":0.0,"relics_obtained":["Golden Idol"]},{"damage_healed":0.0,"max_hp_gain":0.0,"max_hp_loss":0.0,"gold_gain":75.0,"event_name":"World of Goop","player_choice":"Gather Gold","floor":3.0,"gold_loss":0.0,"damage_taken":11.0},{"damage_healed":0,"gold_gain":0,"player_choice":"Fled","damage_taken":0,"max_hp_gain":0,"max_hp_loss":0,"event_name":"Scrap Ooze","floor":4,"gold_loss":0},{"damage_healed":21,"gold_gain":0,"player_choice":"Banana","damage_taken":0,"max_hp_gain":0,"max_hp_loss":0,"event_name":"Big Fish","floor":11,"gold_loss":0}],"is_beta":false,"boss_relics":[{"not_picked":["Empty Cage","Runic Dome"],"picked":"Tiny House"}],"items_purged_floors":[],"is_endless":false,"potions_floor_spawned":[8,14],"killed_by":"Chosen and Byrds","ascension_level":10}