{"gold_per_floor":[11,21,21,35,51,51,86,103,156,167,181,194,212,42,42,146,146,158,158,186,43,53,53,53,65,65,79,79,79,99,116,116,219,219,238,291,86,308,308,308,308,322,322,333,333,348,361,361],"floor_reached":48,"playtime":2498,"items_purged":["Strike_R"],"score":492,"play_id":"5bb46219-1bc8-4259-8029-970658833662","local_time":"20190411000505","is_ascension_mode":false,"campfire_choices":[{"data":"Armaments","floor":6,"key":"SMITH"},{"data":"Clothesline","floor":15,"key":"SMITH"},{"data":"Shrug It Off","floor":23,"key":"SMITH"},{"floor":29,"key":"REST"},{"floor":32,"key":"REST"},{"floor":40,"key":"RECALL"}],"neow_cost":"NO_GOLD","seed_source_timestamp":1331713534515767,"circlet_count":0,"master_deck":["Defend_R","Defend_R","Bash","Anger","Infernal Blade","Armaments+1","Shrug It Off+1","Spot Weakness","Dual Wield","Clothesline+1","Metallicize","Feed","Second Wind+1","Body Slam+1","Burning Pact+1","Warcry+1","Rampage+1","Cleave+1","Iron Wave","Rage+1","Thunderclap+1","Uppercut+1","Metallicize","Pummel+1","Warcry+1","Iron Wave+1","Body Slam+1"],"relics":["Burning Blood","Ornamental Fan","Bag of Marbles","Astrolabe","Red Mask","Red Skull","Bottled Flame","Orrery","Ice Cream","Sling"],"potions_floor_usage":[20,25,36,44,44,45],"damage_taken":[{"damage":4,"enemies":"2 Louse","floor":1,"turns":3},{"damage":1,"enemies":"Cultist","floor":2,"turns":3},{"damage":0,"enemies":"Small Slimes","floor":4,"turns":3},{"damage":14,"enemies":"Blue Slaver","floor":5,"turns":3},{"damage":26,"enemies":"3 Sentries","floor":7,"turns":8},{"damage":0,"enemies":"2 Fungi Beasts","floor":8,"turns":3},{"damage":7,"enemies":"Exordium Thugs","floor":10,"turns":3},{"damage":9,"enemies":"3 Louse","floor":11,"turns":3},{"damage":3,"enemies":"Large Slime","floor":12,"turns":4},{"damage":8,"enemies":"Red Slaver","floor":13,"turns":2},{"damage":52,"enemies":"Slime Boss","floor":16,"turns":11},{"damage":27,"enemies":"2 Thieves","floor":18,"turns":4},{"damage":42,"enemies":"Masked Bandits","floor":20,"turns":6},{"damage":9,"enemies":"Chosen","floor":22,"turns":5},{"damage":19,"enemies":"Sentry and Sphere","floor":25,"turns":5},{"damage":1,"enemies":"3 Cultists","floor":27,"turns":4},{"damage":10,"enemies":"Shelled Parasite and Fungi","floor":30,"turns":7},{"damage":14,"enemies":"Snecko","floor":31,"turns":6},{"damage":45,"enemies":"Automaton","floor":33,"turns":11},{"damage":5,"enemies":"3 Darklings","floor":35,"turns":4},{"damage":80,"enemies":"2 Orb Walkers","floor":36,"turns":6},{"damage":39,"enemies":"3 Shapes","floor":42,"turns":6},{"damage":41,"enemies":"Spire Growth","floor":44,"turns":5},{"damage":0,"enemies":"Jaw Worm Horde","floor":45,"turns":1},{"damage":22,"enemies":"Transient","floor":46,"turns":5},{"damage":19,"enemies":"Spire Growth","floor":47,"turns":5},{"damage":27,"enemies":"Reptomancer","floor":48,"turns":3}],"seed_played":"-3865336015194938795","potions_obtained":[{"floor":3,"key":"Energy Potion"},{"floor":3,"key":"Poison Potion"},{"floor":3,"key":"FearPotion"},{"floor":16,"key":"Fire Potion"},{"floor":20,"key":"Energy Potion"},{"floor":31,"key":"GamblersBrew"},{"floor":42,"key":"Poison Potion"},{"floor":44,"key":"SmokeBomb"}],"is_trial":false,"path_per_floor":["M","M","?","M","M","R","E","M","T","M","M","M","M","$","R","B",null,"M","?","?","$","M","R","?","M","T","M","$","R","M","M","R","B",null,"M","?","$","?","?","R","?","M","T","M","M","M","M","E"],"character_chosen":"IRONCLAD","items_purchased":["Clothesline","Metallicize","Red Skull","Sling"],"campfire_rested":2,"item_purchase_floors":[14,14,21,37],"current_hp_per_floor":[80,80,80,80,72,72,52,58,58,57,54,57,55,55,55,9,80,62,62,30,30,27,27,27,14,14,23,23,50,46,42,70,31,95,95,24,24,24,24,24,108,75,75,43,49,33,20,0],"gold":361,"neow_bonus":"REMOVE_TWO","is_prod":false,"is_daily":false,"chose_seed":false,"campfire_upgraded":3,"win_rate":0,"timestamp":1554962705,"path_taken":["M","M","?","M","M","R","E","M","T","?","M","M","M","$","R","BOSS","M","?","?","?","M","R","?","?","T","M","$","R","M","M","R","BOSS","M","?","$","?","?","R","?","?","T","M","M","M","M","E"],"build_version":"2019-01-23","purchased_purges":1,"victory":false,"max_hp_per_floor":[80,80,80,80,80,80,80,80,80,80,80,80,80,80,80,80,80,83,83,87,87,87,87,87,87,87,91,91,91,91,95,95,95,95,95,98,98,98,98,98,108,108,108,111,111,111,111,111],"card_choices":[{"not_picked":["Body Slam","True Grit"],"picked":"Anger","floor":1},{"not_picked":["Rupture","Carnage","Metallicize"],"picked":"SKIP","floor":2},{"not_picked":["Armaments","Inflame"],"picked":"Infernal Blade","floor":4},{"not_picked":["Flame Barrier","Clash"],"picked":"Armaments","floor":5},{"not_picked":["Bloodletting","Brutality"],"picked":"Shrug It Off","floor":7},{"not_picked":["Armaments","Thunderclap"],"picked":"Spot Weakness","floor":8},{"not_picked":["Clash","Hemokinesis"],"picked":"Dual Wield","floor":10},{"not_picked":["Searing Blow","Body Slam","Sword Boomerang"],"picked":"SKIP","floor":11},{"not_picked":["True Grit","Combust","Body Slam"],"picked":"SKIP","floor":12},{"not_picked":["Flex","Heavy Blade","Carnage"],"picked":"SKIP","floor":13},{"not_picked":["Double Tap","Berserk"],"picked":"Feed","floor":16},{"not_picked":["Sentinel+1","Sword Boomerang"],"picked":"Warcry+1","floor":18},{"not_picked":["Pommel Strike","Disarm"],"picked":"Cleave+1","floor":20},{"not_picked":["Searing Blow","Armaments"],"picked":"Iron Wave","floor":22},{"not_picked":["Dropkick","Sword Boomerang","Intimidate"],"picked":"SKIP","floor":25},{"not_picked":["Shrug It Off","Clothesline"],"picked":"Rage+1","floor":27},{"not_picked":["Reaper","Flex","Sword Boomerang+1"],"picked":"SKIP","floor":30},{"not_picked":["Clothesline","Hemokinesis"],"picked":"Thunderclap+1","floor":31},{"not_picked":["Brutality","Feed"],"picked":"Double Tap","floor":33},{"not_picked":["Shrug It Off","Carnage"],"picked":"Uppercut+1","floor":34},{"not_picked":["Wild Strike+1","Intimidate"],"picked":"Metallicize","floor":34},{"not_picked":["Cleave+1","Battle Trance"],"picked":"Pummel+1","floor":34},{"not_picked":["Sword Boomerang+1","Impervious"],"picked":"Warcry+1","floor":35},{"not_picked":["Burning Pact","Twin Strike","Hemokinesis+1"],"picked":"SKIP","floor":42},{"not_picked":["Rampage","Sword Boomerang+1"],"picked":"Iron Wave+1","floor":44},{"not_picked":["Cleave+1","Armaments+1"],"picked":"Body Slam+1","floor":46},{"not_picked":["Blood for Blood+1","Wild Strike+1","Flex"],"picked":"SKIP","floor":47}],"player_experience":223894,"relics_obtained":[{"floor":7,"key":"Ornamental Fan"},{"floor":9,"key":"Bag of Marbles"},{"floor":20,"key":"Red Mask"},{"floor":26,"key":"Bottled Flame"},{"floor":36,"key":"Ice Cream"}],"event_choices":[{"damage_healed":0,"gold_gain":0,"player_choice":"Got Potions","damage_taken":0,"max_hp_gain":0,"max_hp_loss":0,"event_name":"Lab","floor":3,"gold_loss":0},{"damage_healed":0,"gold_gain":0,"player_choice":"Read","damage_taken":0,"max_hp_gain":0,"max_hp_loss":0,"event_name":"The Library","floor":19,"gold_loss":0,"cards_obtained":["Rampage"]},{"damage_healed":0,"gold_gain":0,"player_choice":"Fought Bandits","damage_taken":0,"max_hp_gain":0,"max_hp_loss":0,"event_name":"Masked Bandits","floor":20,"gold_loss":0},{"damage_healed":0,"gold_gain":0,"player_choice":"Forge","damage_taken":0,"max_hp_gain":0,"max_hp_loss":0,"event_name":"Accursed Blacksmith","floor":24,"gold_loss":0,"cards_upgraded":["Rampage"]},{"damage_healed":0,"gold_gain":0,"player_choice":"Fight","damage_taken":0,"max_hp_gain":0,"max_hp_loss":0,"event_name":"Mysterious Sphere","floor":36,"gold_loss":0},{"damage_healed":0,"gold_gain":222,"player_choice":"Wore Mask","damage_taken":0,"max_hp_gain":0,"max_hp_loss":0,"event_name":"Tomb of Lord Red Mask","floor":38,"gold_loss":0},{"cards_removed":["Defend_R"],"damage_healed":0,"gold_gain":0,"player_choice":"Removed Skill","damage_taken":0,"max_hp_gain":0,"max_hp_loss":0,"event_name":"Falling","floor":39,"gold_loss":0},{"cards_removed":["Double Tap"],"damage_healed":74,"gold_gain":0,"player_choice":"Offered Rare","damage_taken":0,"max_hp_gain":10,"max_hp_loss":0,"event_name":"Bonfire Elementals","floor":41,"gold_loss":0}],"is_beta":false,"boss_relics":[{"not_picked":["White Beast Statue","Tiny House"],"picked":"Astrolabe"},{"not_picked":["Runic Pyramid","Velvet Choker"],"picked":"Orrery"}],"items_purged_floors":[14],"is_endless":false,"potions_floor_spawned":[7,8,12,13,16,20,31,33,35,42,44],"killed_by":"Reptomancer","ascension_level":0}