{"gold_per_floor":[113,113,126,201,217,217,236,267,267,267,279,279,60,72,72,171,171,185,198,98,98,118,118,130,130,130,163,78,88,88,100,100,100],"floor_reached":33,"playtime":1357,"items_purged":["Strike_G","Strike_G"],"score":269,"play_id":"19dccc36-ec3d-485d-8db5-a210a6ed2bfd","local_time":"20190328234008","is_ascension_mode":false,"campfire_choices":[{"floor":6,"key":"RECALL"},{"floor":10,"key":"REST"},{"floor":15,"key":"REST"},{"data":"Skewer","floor":23,"key":"SMITH"},{"floor":25,"key":"REST"},{"floor":30,"key":"REST"},{"floor":32,"key":"REST"}],"neow_cost":"NONE","seed_source_timestamp":208306936519657,"circlet_count":0,"master_deck":["Defend_G","Defend_G","Defend_G","Defend_G","Strike_G","Strike_G","Strike_G","Survivor","Neutralize","Dagger Spray","Terror","Skewer+1","Dagger Throw","Iron Wave","Sucker Punch","Masterful Stab","Expertise","Footwork","Backflip","PiercingWail","Necronomicurse","Dodge and Roll"],"relics":["Ring of the Snake","NeowsBlessing","Tough Bandages","Torii","Vajra","Orrery","Necronomicon","WingedGreaves","Kunai"],"potions_floor_usage":[16,33,33],"damage_taken":[{"damage":0,"enemies":"Jaw Worm","floor":1,"turns":1},{"damage":0,"enemies":"2 Louse","floor":3,"turns":1},{"damage":0,"enemies":"Small Slimes","floor":5,"turns":1},{"damage":7,"enemies":"Red Slaver","floor":7,"turns":4},{"damage":23,"enemies":"Gremlin Nob","floor":8,"turns":5},{"damage":11,"enemies":"Exordium Wildlife","floor":11,"turns":4},{"damage":1,"enemies":"Looter","floor":14,"turns":3},{"damage":40,"enemies":"Slime Boss","floor":16,"turns":10},{"damage":5,"enemies":"3 Byrds","floor":18,"turns":6},{"damage":6,"enemies":"Shell Parasite","floor":19,"turns":7},{"damage":9,"enemies":"Snecko","floor":22,"turns":5},{"damage":3,"enemies":"3 Cultists","floor":24,"turns":6},{"damage":27,"enemies":"Book of Stabbing","floor":27,"turns":6},{"damage":10,"enemies":"Snake Plant","floor":29,"turns":3},{"damage":0,"enemies":"Sentry and Sphere","floor":31,"turns":4},{"damage":57,"enemies":"Collector","floor":33,"turns":6}],"seed_played":"6002825351074273781","potions_obtained":[{"floor":1,"key":"Regen Potion"},{"floor":8,"key":"GhostInAJar"},{"floor":11,"key":"Swift Potion"},{"floor":16,"key":"Swift Potion"}],"is_trial":false,"path_per_floor":["M","?","M","?","M","R","M","E","T","R","M","?","$","M","R","B",null,"M","M","$","?","M","R","M","R","T","E","?","M","R","M","R","B"],"character_chosen":"THE_SILENT","items_purchased":["Vajra"],"campfire_rested":5,"item_purchase_floors":[13],"current_hp_per_floor":[70,63,63,52,52,52,45,22,22,43,32,32,32,31,52,27,70,65,59,59,43,34,34,31,52,52,25,25,15,36,36,57,0],"gold":100,"neow_bonus":"THREE_ENEMY_KILL","is_prod":false,"is_daily":false,"chose_seed":false,"campfire_upgraded":1,"win_rate":0,"timestamp":1553838008,"path_taken":["M","?","M","?","M","R","M","E","T","R","M","?","$","?","R","BOSS","M","M","$","?","M","R","M","R","T","E","?","?","R","M","R","BOSS"],"build_version":"2019-01-23","purchased_purges":2,"victory":false,"max_hp_per_floor":[70,70,70,70,70,70,70,70,70,70,70,70,70,70,70,70,70,70,70,70,70,70,70,70,70,70,70,70,70,70,70,70,70],"card_choices":[{"not_picked":["Tactician","Deflect","Underhanded Strike"],"picked":"SKIP","floor":1},{"not_picked":["Tactician","Dagger Throw"],"picked":"Dagger Spray","floor":3},{"not_picked":["Concentrate","Cloak And Dagger"],"picked":"Terror","floor":5},{"not_picked":["Cloak And Dagger","Catalyst"],"picked":"Skewer","floor":7},{"not_picked":["Blade Dance","Endless Agony"],"picked":"Dagger Throw","floor":8},{"not_picked":["Backflip","Prepared"],"picked":"Predator","floor":11},{"not_picked":["Endless Agony","Deadly Poison"],"picked":"Sucker Punch","floor":14},{"not_picked":["Predator","Blade Dance"],"picked":"Masterful Stab","floor":17},{"not_picked":["Sucker Punch","Concentrate"],"picked":"Expertise","floor":17},{"not_picked":["Accuracy","Blade Dance"],"picked":"Footwork","floor":17},{"not_picked":["Caltrops","Quick Slash"],"picked":"Backflip","floor":17},{"not_picked":["Flechettes","Deadly Poison"],"picked":"PiercingWail","floor":18},{"not_picked":["Setup","Cloak And Dagger","Dash"],"picked":"SKIP","floor":19},{"not_picked":["Reflex","Deflect","Quick Slash"],"picked":"SKIP","floor":22},{"not_picked":["Envenom","Heel Hook+1","PiercingWail+1"],"picked":"SKIP","floor":24},{"not_picked":["Noxious Fumes","Tactician","Bane"],"picked":"SKIP","floor":27},{"not_picked":["Masterful Stab+1","Predator+1","Setup"],"picked":"SKIP","floor":29},{"not_picked":["Cloak And Dagger+1","Accuracy"],"picked":"Dodge and Roll","floor":31}],"player_experience":150704,"relics_obtained":[{"floor":8,"key":"Tough Bandages"},{"floor":9,"key":"Torii"},{"floor":21,"key":"Necronomicon"},{"floor":27,"key":"WingedGreaves"}],"event_choices":[{"cards_removed":["Defend_G"],"damage_healed":0,"gold_gain":0,"player_choice":"Card Removal","damage_taken":7,"max_hp_gain":0,"max_hp_loss":0,"event_name":"Golden Wing","floor":2,"gold_loss":0},{"damage_healed":0,"gold_gain":75,"player_choice":"Gather Gold","damage_taken":11,"max_hp_gain":0,"max_hp_loss":0,"event_name":"World of Goop","floor":4,"gold_loss":0},{"cards_removed":["Predator"],"damage_healed":0,"gold_gain":0,"player_choice":"Took Card","damage_taken":0,"max_hp_gain":0,"max_hp_loss":0,"event_name":"NoteForYourself","floor":12,"gold_loss":0,"cards_obtained":["Iron Wave"]},{"damage_healed":0,"gold_gain":0,"player_choice":"Obtained Book","damage_taken":16,"max_hp_gain":0,"max_hp_loss":0,"event_name":"Cursed Tome","floor":21,"gold_loss":0},{"damage_healed":0,"gold_gain":0,"player_choice":"Obtained Relic","damage_taken":0,"relics_obtained":["Kunai"],"max_hp_gain":0,"max_hp_loss":0,"event_name":"Addict","floor":28,"gold_loss":85}],"is_beta":false,"boss_relics":[{"not_picked":["Eternal Feather","Sozu"],"picked":"Orrery"}],"items_purged_floors":[13,20],"is_endless":false,"potions_floor_spawned":[1,8,11,16,19,29],"killed_by":"Collector","ascension_level":0}