{"gold_per_floor":[365,37,37,37,56,56,71,106,106,126,126,143,159,159,159,264,264,264,9,9,9,9,9,0,0,0,0,0],"floor_reached":28,"playtime":1456,"items_purged":["Strike_R"],"score":220,"play_id":"4124030f-5054-40d8-8516-a9a17e96b26c","local_time":"20181015021757","is_ascension_mode":false,"campfire_choices":[{"data":"Flex","floor":6,"key":"SMITH"},{"data":"Heavy Blade","floor":15,"key":"SMITH"},{"data":"Brutality","floor":23,"key":"SMITH"}],"neow_cost":"TEN_PERCENT_HP_LOSS","seed_source_timestamp":209662579268800,"circlet_count":0,"master_deck":["Strike_R+1","Strike_R","Strike_R","Strike_R+1","Defend_R","Defend_R","Defend_R+1","Defend_R","Bash","Flex+1","Bloodletting+1","Burning Pact","Flex","Anger","Rupture","Heavy Blade+1","Brutality+1","Clash","Flex+1","Chrysalis+1","J.A.X.+1","Sentinel+1"],"relics":["Burning Blood","Orichalcum","Oddly Smooth Stone","Whetstone","Toxic Egg 2","Ectoplasm","Bag of Preparation","Ancient Tea Set"],"potions_floor_usage":[8,10,13,16,22,28,28],"damage_taken":[{"damage":6,"enemies":"Cultist","floor":1,"turns":3},{"damage":0,"enemies":"Jaw Worm","floor":5,"turns":3},{"damage":4,"enemies":"2 Louse","floor":7,"turns":4},{"damage":17,"enemies":"Gremlin Nob","floor":8,"turns":3},{"damage":7,"enemies":"Looter","floor":10,"turns":2},{"damage":1,"enemies":"Blue Slaver","floor":12,"turns":4},{"damage":3,"enemies":"2 Fungi Beasts","floor":13,"turns":3},{"damage":51,"enemies":"Slime Boss","floor":16,"turns":7},{"damage":6,"enemies":"Spheric Guardian","floor":18,"turns":3},{"damage":40,"enemies":"3 Byrds","floor":22,"turns":8},{"damage":7,"enemies":"Snecko","floor":25,"turns":2},{"damage":11,"enemies":"Snake Plant","floor":27,"turns":3},{"damage":40,"enemies":"Gremlin Leader","floor":28,"turns":3}],"seed_played":"6798512254527265035","potions_obtained":[{"floor":7,"key":"Swift Potion"},{"floor":8,"key":"Swift Potion"},{"floor":10,"key":"Block Potion"},{"floor":13,"key":"Fire Potion"},{"floor":16,"key":"GamblersBrew"},{"floor":25,"key":"Block Potion"},{"floor":27,"key":"LiquidBronze"}],"is_trial":false,"path_per_floor":["M","$","$","T","M","R","M","E","T","M","?","M","M","?","R","B",null,"M","$","?","T","M","R","?","M","T","M"],"character_chosen":"IRONCLAD","items_purchased":["Orichalcum","Bloodletting","Burning Pact","Flex+1","Chrysalis+1"],"campfire_rested":0,"item_purchase_floors":[2,2,2,19,19],"current_hp_per_floor":[72,72,72,72,72,72,72,61,61,60,46,51,54,54,54,9,72,72,72,72,72,38,38,38,37,37,32,0],"gold":0,"neow_bonus":"TWO_FIFTY_GOLD","is_prod":false,"is_daily":false,"chose_seed":false,"campfire_upgraded":3,"win_rate":0,"timestamp":1539587877,"path_taken":["M","?","$","?","M","R","M","E","T","?","?","M","M","?","R","BOSS","M","$","?","?","M","R","?","?","T","M","E"],"build_version":"2018-10-11","purchased_purges":1,"victory":false,"max_hp_per_floor":[72,72,72,72,72,72,72,72,72,72,72,72,72,72,72,72,72,72,72,72,72,72,72,72,72,72,72,72],"card_choices":[{"not_picked":["Heavy Blade","Second Wind"],"picked":"Flex","floor":1},{"not_picked":["Intimidate","Metallicize","Disarm"],"picked":"SKIP","floor":5},{"not_picked":["Perfected Strike","Clothesline"],"picked":"Flex","floor":7},{"not_picked":["Shrug It Off","Sword Boomerang","Cleave"],"picked":"SKIP","floor":8},{"not_picked":["Heavy Blade","Combust"],"picked":"Anger","floor":10},{"not_picked":["Havoc+1","Headbutt"],"picked":"Rupture","floor":12},{"not_picked":["Havoc+1","Perfected Strike"],"picked":"Heavy Blade","floor":13},{"not_picked":["Impervious+1","Reaper"],"picked":"Brutality","floor":16},{"not_picked":["Rupture+1","Armaments+1"],"picked":"Clash","floor":18},{"not_picked":["Entrench+1","Shrug It Off+1"],"picked":"Sentinel+1","floor":22},{"not_picked":["Shockwave+1","Whirlwind","Combust"],"picked":"SKIP","floor":25},{"not_picked":["Clash","Cleave","Sentinel+1"],"picked":"SKIP","floor":27}],"player_experience":65176,"relics_obtained":[{"floor":4,"key":"Oddly Smooth Stone"},{"floor":8,"key":"Whetstone"},{"floor":9,"key":"Toxic Egg 2"},{"floor":21,"key":"Bag of Preparation"},{"floor":26,"key":"Ancient Tea Set"}],"event_choices":[{"event_name":"Shining Light","player_choice":"Entered Light","floor":11,"damage_taken":0},{"event_name":"Dead Adventurer","player_choice":"Searched \u00271\u0027 times","floor":14,"damage_taken":0},{"event_name":"Drug Dealer","player_choice":"Got JAX","floor":20,"damage_taken":0},{"event_name":"Masked Bandits","player_choice":"Paid Fearfully","floor":24,"damage_taken":0}],"is_beta":false,"boss_relics":[{"not_picked":["White Beast Statue","Astrolabe"],"picked":"Ectoplasm"}],"items_purged_floors":[2],"is_endless":false,"potions_floor_spawned":[7,8,10,13,16,25,27],"killed_by":"Gremlin Leader","ascension_level":0}