{"path_per_floor":["M","M","M","M","M","E","R","E","T","R","?","M","R","?","R","B",null,"M","M","?","?","M","E","R","M","T","R","E","M","R","M","R","B",null,"M","M","M","$","M","E","R","?","T","R","E","M","E","M","R"],"character_chosen":"THE_SILENT","items_purchased":["Concentrate","Finisher","Flying Knee"],"gold_per_floor":[113,129,143,157,170,199,199,224,224,224,224,240,240,240,240,370,370,389,414,414,414,437,471,471,485,515,515,548,569,569,593,593,724,724,747,772,792,554,572,607,607,607,607,607,643,656,691,706,706,706],"floor_reached":50,"campfire_rested":4,"playtime":3855,"current_hp_per_floor":[63,61,61,38,32,39,60,44,44,44,44,44,44,27,27,3,53,43,43,43,43,43,43,43,41,41,62,60,54,54,54,54,23,58,48,45,45,45,45,37,58,58,58,58,58,58,1,1,22,0],"items_purged":["Strike_G"],"gold":706,"score":884,"play_id":"7f93f631-57e4-40b2-a993-264005384e4a","local_time":"20180320042145","is_prod":false,"is_daily":false,"is_ascension_mode":true,"campfire_upgraded":7,"timestamp":1521544905,"path_taken":["M","M","M","?","M","E","R","E","T","R","?","M","R","?","R","BOSS","M","M","?","?","M","E","R","M","T","R","E","M","R","M","R","BOSS","M","M","M","$","M","E","R","?","T","R","E","M","E","M","R","BOSS"],"build_version":"2018-03-19","purchased_purges":2,"victory":false,"master_deck":["Defend_G","Defend_G","Defend_G","Defend_G","Defend_G","Strike_G","Strike_G","Survivor","Neutralize+1","Footwork+1","Dodge and Roll","Acrobatics","Sucker Punch+1","Noxious Fumes+1","Noxious Fumes+1","Slice","Concentrate","Tactician+1","Prepared","Masterful Stab","Footwork+1","Deflect","Calculated Gamble+1","Endless Agony","Dagger Throw","Endless Agony","Dodge and Roll","Deflect+1","Dodge and Roll","PiercingWail","Concentrate","Finisher+1","Flying Knee","Infinite Blades","Concentrate","Choke+1","Cloak And Dagger+1","Slice"],"max_hp_per_floor":[70,70,70,70,70,70,70,70,70,70,70,70,70,70,70,70,70,70,70,70,70,70,70,70,70,70,70,70,70,70,70,70,70,70,70,70,70,70,70,70,70,70,70,70,70,70,70,70,70,70],"relics":["Ring of the Snake","Unceasing Top","Bag of Marbles","Sundial","Golden Idol","Cursed Key","Omamori","Tiny Chest","Smiling Mask","Sozu","Ice Cream","Thread and Needle","Darkstone Periapt","Bottled Tornado"],"card_choices":[{"not_picked":["Well Laid Plans","Cloak And Dagger"],"picked":"Footwork","floor":1},{"not_picked":["Quick Slash","Backstab"],"picked":"Dodge and Roll","floor":2},{"not_picked":["Tactician","Underhanded Strike"],"picked":"Acrobatics","floor":3},{"not_picked":["Eviscerate","Dagger Spray"],"picked":"Sucker Punch","floor":4},{"not_picked":["Dodge and Roll","Slice"],"picked":"Noxious Fumes","floor":5},{"not_picked":["Escape Plan","Caltrops"],"picked":"Noxious Fumes","floor":6},{"not_picked":["Accuracy","Flechettes"],"picked":"Slice","floor":8},{"not_picked":["Malaise","Flying Knee"],"picked":"Concentrate","floor":12},{"not_picked":["Burst","Storm of Steel"],"picked":"Tactician","floor":16},{"not_picked":["Backflip","Quick Slash"],"picked":"Prepared","floor":18},{"not_picked":["Setup","All Out Attack"],"picked":"Masterful Stab","floor":19},{"not_picked":["Cloak And Dagger","PiercingWail"],"picked":"Deflect","floor":22},{"not_picked":["Caltrops","Skewer"],"picked":"Calculated Gamble","floor":23},{"not_picked":["Quick Slash","Choke"],"picked":"Endless Agony","floor":25},{"not_picked":["Acrobatics","Dagger Spray"],"picked":"Dagger Throw","floor":28},{"not_picked":["Dash","Reflex"],"picked":"Endless Agony","floor":29},{"not_picked":["Catalyst","Deadly Poison"],"picked":"Dodge and Roll","floor":31},{"not_picked":["Distraction","Slice"],"picked":"Deflect","floor":35},{"not_picked":["Dash","Backflip"],"picked":"Dodge and Roll","floor":36},{"not_picked":["Backflip","Accuracy"],"picked":"PiercingWail","floor":37},{"not_picked":["Underhanded Strike","Distraction"],"picked":"Infinite Blades","floor":39},{"not_picked":["Riddle With Holes","Dash"],"picked":"Concentrate","floor":40},{"not_picked":["All Out Attack","Deflect"],"picked":"Choke","floor":46},{"not_picked":["Expertise","Die Die Die"],"picked":"Cloak And Dagger","floor":47},{"not_picked":["Outmaneuver","Bouncing Flask"],"picked":"Slice","floor":48}],"player_experience":175742,"potions_floor_usage":[6,6,6,29,40,47,47],"damage_taken":[{"damage":0,"enemies":"Cultist","floor":1,"turns":4},{"damage":2,"enemies":"Jaw Worm","floor":2,"turns":7},{"damage":0,"enemies":"2 Louse","floor":3,"turns":3},{"damage":23,"enemies":"Large Slime","floor":4,"turns":16},{"damage":6,"enemies":"Blue Slaver","floor":5,"turns":7},{"damage":8,"enemies":"Lagavulin","floor":6,"turns":12},{"damage":16,"enemies":"3 Sentries","floor":8,"turns":8},{"damage":0,"enemies":"Looter","floor":12,"turns":5},{"damage":24,"enemies":"Slime Boss","floor":16,"turns":11},{"damage":10,"enemies":"Spheric Guardian","floor":18,"turns":5},{"damage":0,"enemies":"Shell Parasite","floor":19,"turns":5},{"damage":0,"enemies":"3 Cultists","floor":22,"turns":4},{"damage":0,"enemies":"Gremlin Leader","floor":23,"turns":9},{"damage":2,"enemies":"Snake Plant","floor":25,"turns":5},{"damage":2,"enemies":"Book of Stabbing","floor":28,"turns":6},{"damage":6,"enemies":"Centurion and Healer","floor":29,"turns":6},{"damage":0,"enemies":"3 Cultists","floor":31,"turns":6},{"damage":31,"enemies":"Champ","floor":33,"turns":12},{"damage":10,"enemies":"3 Darklings","floor":35,"turns":4},{"damage":3,"enemies":"Orb Walker","floor":36,"turns":4},{"damage":0,"enemies":"Maw","floor":37,"turns":8},{"damage":0,"enemies":"3 Darklings","floor":39,"turns":3},{"damage":23,"enemies":"Nemesis","floor":40,"turns":9},{"damage":0,"enemies":"Giant Head","floor":45,"turns":5},{"damage":0,"enemies":"Flame Bruiser 2 Orb","floor":46,"turns":3},{"damage":57,"enemies":"Nemesis","floor":47,"turns":9},{"damage":0,"enemies":"Maw","floor":48,"turns":5},{"damage":27,"enemies":"Awakened One","floor":50,"turns":5}],"event_choices":[{"event_name":"Living Wall","player_choice":"Forget","floor":11,"damage_taken":0},{"event_name":"Golden Idol","player_choice":"Take Damage","floor":14,"damage_taken":0},{"event_name":"Drug Dealer","player_choice":"Ignored","floor":20,"damage_taken":0},{"event_name":"Duplicator","player_choice":"One dupe","floor":21,"damage_taken":0}],"boss_relics":[{"not_picked":["Eternal Feather","Runic Dome"],"picked":"Cursed Key"},{"not_picked":["Tiny House","Philosopher\u0027s Stone"],"picked":"Sozu"}],"potions_floor_spawned":[1,2,5,18,19,23,28,31,33,35,39,40,48],"seed_played":"679751893158926960","killed_by":"Awakened One","ascension_level":6,"is_trial":false}