{"path_per_floor":["M","$","M","?","M","E","?","?","T","R","M","M","R","M","R","B",null,"M","?","M"],"character_chosen":"THE_SILENT","items_purchased":["Madness"],"gold_per_floor":[118,16,35,210,222,253,232,232,232,232,244,256,256,273,273,377,377,392,392,412],"floor_reached":21,"campfire_rested":3,"playtime":787,"current_hp_per_floor":[70,70,70,70,66,20,20,20,20,41,36,35,56,52,70,12,70,53,70,60],"items_purged":[],"gold":412,"score":181,"play_id":"eee642e6-5a9c-4101-bc01-ff64ddc63c1b","is_prod":false,"is_daily":false,"is_ascension_mode":false,"campfire_upgraded":0,"path_taken":["M","$","M","?","M","E","?","?","T","R","?","M","R","M","R","BOSS","M","?","M","M"],"build_version":"2018-02-15-PROD1","purchased_purges":0,"victory":false,"master_deck":["Defend_G","Defend_G","Defend_G","Defend_G","Defend_G","Strike_G","Strike_G","Strike_G","Strike_G","Strike_G","Survivor","Neutralize","Flying Knee","Madness","Noxious Fumes","Doubt","Deadly Poison","Deadly Poison","Venomology"],"max_hp_per_floor":[70,70,70,70,70,70,70,70,70,70,70,70,70,70,70,70,70,70,70,70],"relics":["Ring of the Snake","Girya","Gambling Chip","Eternal Feather"],"card_choices":[{"not_picked":["Sucker Punch","Caltrops"],"picked":"Flying Knee"},{"not_picked":["Deflect","Masterful Stab"],"picked":"Noxious Fumes"},{"not_picked":["Storm of Steel","Backstab"],"picked":"Deadly Poison"},{"not_picked":["PiercingWail","Quick Slash"],"picked":"Deadly Poison"},{"not_picked":["Tactician","Doppelganger"],"picked":"Venomology"}],"player_experience":104853,"potions_floor_usage":[12,16,16,18,20,21],"damage_taken":[{"damage":0,"enemies":"2 Louse","floor":1,"turns":3},{"damage":0,"enemies":"Small Slimes","floor":3,"turns":4},{"damage":4,"enemies":"Cultist","floor":5,"turns":5},{"damage":46,"enemies":"Gremlin Nob","floor":6,"turns":6},{"damage":5,"enemies":"Looter","floor":11,"turns":3},{"damage":1,"enemies":"Red Slaver","floor":12,"turns":4},{"damage":4,"enemies":"Blue Slaver","floor":14,"turns":5},{"damage":58,"enemies":"The Guardian","floor":16,"turns":9},{"damage":17,"enemies":"Shell Parasite","floor":18,"turns":6},{"damage":10,"enemies":"3 Byrds","floor":20,"turns":6},{"damage":66,"enemies":"Cultist and Chosen","floor":21,"turns":7}],"event_choices":[{"event_name":"Liars Game","player_choice":"agreed","floor":4,"damage_taken":0},{"event_name":"World of Goop","player_choice":"Left","floor":7,"damage_taken":0},{"event_name":"The Lab","player_choice":"Got Potions","floor":8,"damage_taken":0},{"event_name":"The Library","player_choice":"Heal","floor":19,"damage_taken":0}],"boss_relics":[{"not_picked":["Ectoplasm","Tiny House"],"picked":"Eternal Feather"}],"potions_floor_spawned":[3,6,16],"seed_played":"-5052084054613643428","killed_by":"Cultist and Chosen","ascension_level":0,"is_trial":false}