{"gold_per_floor":[119,119,0,14,14,14,24,24,94,106,70,90,110,137,137,242,242,257,257,54,54,54],"floor_reached":22,"playtime":941,"items_purged":[],"score":239,"play_id":"b7677372-0457-44bd-b7e1-468e3d546ba4","local_time":"20190131002544","is_ascension_mode":true,"campfire_choices":[{"floor":6,"key":"RECALL"},{"data":"Double Energy","floor":8,"key":"SMITH"},{"floor":15,"key":"REST"}],"neow_cost":"NONE","seed_source_timestamp":122293164632530,"circlet_count":0,"master_deck":["Strike_B","Strike_B","Strike_B","Defend_B","Defend_B","Defend_B","Zap","Dualcast","Fission","Self Repair","Double Energy+1","Ball Lightning","Hello World","Ball Lightning","Regret","Static Discharge","BootSequence","Glacier","Darkness","Steam","Seek","Decay"],"relics":["Cracked Core","Bag of Marbles","Cables","Torii","Inserter","PrismaticShard"],"potions_floor_usage":[4,14,18],"damage_taken":[{"damage":0,"enemies":"Cultist","floor":1,"turns":4},{"damage":0,"enemies":"Small Slimes","floor":4,"turns":3},{"damage":12,"enemies":"Jaw Worm","floor":7,"turns":3},{"damage":22,"enemies":"Large Slime","floor":10,"turns":4},{"damage":2,"enemies":"Blue Slaver","floor":12,"turns":2},{"damage":13,"enemies":"Exordium Thugs","floor":13,"turns":4},{"damage":33,"enemies":"Lagavulin","floor":14,"turns":5},{"damage":9,"enemies":"Hexaghost","floor":16,"turns":8},{"damage":17,"enemies":"Spheric Guardian","floor":18,"turns":4},{"damage":47,"enemies":"Colosseum Slavers","floor":19,"turns":6},{"damage":16,"enemies":"Shell Parasite","floor":22,"turns":4}],"seed_played":"7207975885578766379","potions_obtained":[{"floor":1,"key":"SkillPotion"},{"floor":4,"key":"FairyPotion"},{"floor":12,"key":"Poison Potion"},{"floor":14,"key":"SpeedPotion"},{"floor":18,"key":"Strength Potion"}],"is_trial":false,"path_per_floor":["M","?","$","M","?","R","M","R","T","M","$","M","M","E","R","B",null,"M","?","$","?","M"],"character_chosen":"DEFECT","items_purchased":["Ball Lightning","Hello World","Glacier","PrismaticShard"],"campfire_rested":1,"item_purchase_floors":[3,3,11,20],"current_hp_per_floor":[68,68,68,75,75,75,70,70,70,55,55,53,47,21,43,41,67,57,17,17,17,1],"gold":54,"neow_bonus":"TRANSFORM_CARD","is_prod":false,"is_daily":false,"chose_seed":false,"campfire_upgraded":1,"win_rate":0,"timestamp":1548915944,"path_taken":["M","?","$","M","?","R","M","R","T","?","$","M","M","E","R","BOSS","M","?","$","?","?"],"build_version":"2019-01-23","purchased_purges":0,"victory":false,"max_hp_per_floor":[75,75,75,75,75,75,75,75,75,75,75,75,75,75,75,75,75,75,75,75,75,75],"card_choices":[{"not_picked":["Lockon","Beam Cell"],"picked":"Self Repair","floor":1},{"not_picked":["Barrage","Stack"],"picked":"Ball Lightning","floor":4},{"not_picked":["Tempest","Conserve Battery"],"picked":"Static Discharge","floor":7},{"not_picked":["Rebound","Recycle"],"picked":"BootSequence","floor":10},{"not_picked":["Beam Cell","Recycle"],"picked":"Darkness","floor":12},{"not_picked":["Coolheaded","Chill"],"picked":"Steam","floor":13},{"not_picked":["Go for the Eyes","Fusion","Force Field"],"picked":"SKIP","floor":14},{"not_picked":["Hyperbeam","Thunder Strike"],"picked":"Seek","floor":16},{"not_picked":["Stack","Steam","Coolheaded"],"picked":"SKIP","floor":18}],"player_experience":438235,"relics_obtained":[{"floor":9,"key":"Cables"},{"floor":14,"key":"Torii"}],"event_choices":[{"damage_healed":0,"gold_gain":0,"cards_transformed":["Defend_B"],"player_choice":"Change","damage_taken":0,"max_hp_gain":0,"max_hp_loss":0,"event_name":"Living Wall","floor":2,"gold_loss":0,"cards_obtained":["Double Energy"]},{"damage_healed":0,"gold_gain":0,"player_choice":"Box","damage_taken":0,"relics_obtained":["Bag of Marbles"],"max_hp_gain":0,"max_hp_loss":0,"event_name":"Big Fish","floor":5,"gold_loss":0,"cards_obtained":["Regret"]},{"damage_healed":0,"gold_gain":0,"player_choice":"Fight","damage_taken":0,"max_hp_gain":0,"max_hp_loss":0,"event_name":"Colosseum","floor":19,"gold_loss":0},{"damage_healed":0,"gold_gain":0,"player_choice":"Fled From Nobs","damage_taken":0,"max_hp_gain":0,"max_hp_loss":0,"event_name":"Colosseum","floor":19,"gold_loss":0},{"damage_healed":0,"gold_gain":0,"player_choice":"Cursed","damage_taken":0,"max_hp_gain":0,"max_hp_loss":0,"event_name":"Wheel of Change","floor":21,"gold_loss":0,"cards_obtained":["Decay"]}],"is_beta":false,"boss_relics":[{"not_picked":["Orrery","Runic Dome"],"picked":"Inserter"}],"items_purged_floors":[],"is_endless":false,"potions_floor_spawned":[1,4,12,14,18],"killed_by":"Shell Parasite","ascension_level":6}