{"gold_per_floor":[119,130,130,153,176,209,209,249,300,300],"floor_reached":10,"playtime":705,"items_purged":[],"score":78,"play_id":"ef3533bf-c7cd-40a1-8781-0a51f422ba0e","local_time":"20190410181153","is_ascension_mode":false,"campfire_choices":[{"floor":7,"key":"REST"}],"neow_cost":"NONE","seed_source_timestamp":2823124524000,"circlet_count":0,"master_deck":["Strike_B","Strike_B","Strike_B","Strike_B","Defend_B","Defend_B","Defend_B","Defend_B","Zap","Dualcast","Capacitor","Force Field","Storm","Cold Snap","Loop"],"relics":["Cracked Core","Golden Idol","Lantern","Ornamental Fan","Bronze Scales"],"potions_floor_usage":[6,8,10],"damage_taken":[{"damage":6,"enemies":"2 Louse","floor":1,"turns":2},{"damage":2,"enemies":"Small Slimes","floor":2,"turns":4},{"damage":4,"enemies":"Cultist","floor":4,"turns":4},{"damage":21,"enemies":"Exordium Thugs","floor":5,"turns":7},{"damage":22,"enemies":"3 Sentries","floor":6,"turns":8},{"damage":29,"enemies":"Gremlin Nob","floor":8,"turns":6},{"damage":3,"enemies":"Red Slaver","floor":10,"turns":1}],"seed_played":"5569215687724230035","potions_obtained":[{"floor":4,"key":"Dexterity Potion"},{"floor":5,"key":"Weak Potion"},{"floor":6,"key":"Strength Potion"},{"floor":8,"key":"Swift Potion"}],"is_trial":false,"path_per_floor":["M","M","?","M","M","E","R","E","T","M"],"character_chosen":"DEFECT","items_purchased":[],"campfire_rested":1,"item_purchase_floors":[],"current_hp_per_floor":[76,74,54,50,29,7,31,2,2,0],"gold":300,"neow_bonus":"TEN_PERCENT_HP_BONUS","is_prod":false,"is_daily":false,"chose_seed":false,"campfire_upgraded":0,"win_rate":0.0,"timestamp":1554912713,"path_taken":["M","M","?","M","M","E","R","E","T","M"],"build_version":"2019-01-23","purchased_purges":0,"victory":false,"max_hp_per_floor":[82,82,82,82,82,82,82,82,82,82],"card_choices":[{"not_picked":["Hologram","Steam"],"picked":"Capacitor","floor":1},{"not_picked":["Chill","Genetic Algorithm"],"picked":"Force Field","floor":2},{"not_picked":["Redo","Turbo"],"picked":"Storm","floor":4},{"not_picked":["Self Repair","Blizzard"],"picked":"Cold Snap","floor":5},{"not_picked":["Redo","White Noise"],"picked":"Loop","floor":6},{"not_picked":["Sunder","Ball Lightning","Static Discharge"],"picked":"SKIP","floor":8}],"player_experience":156188,"relics_obtained":[{"floor":6,"key":"Lantern"},{"floor":8,"key":"Ornamental Fan"},{"floor":9,"key":"Bronze Scales"}],"event_choices":[{"damage_healed":0,"gold_gain":0,"player_choice":"Take Damage","damage_taken":20,"relics_obtained":["Golden Idol"],"max_hp_gain":0,"max_hp_loss":0,"event_name":"Golden Idol","floor":3,"gold_loss":0}],"is_beta":false,"boss_relics":[],"items_purged_floors":[],"is_endless":false,"potions_floor_spawned":[4,5,6,8],"killed_by":"Red Slaver","ascension_level":0}