{"gold_per_floor":[109,126,126,126,10,10,42,42,42,52,86,96,96,112,112,112],"floor_reached":16,"playtime":843,"items_purged":["Regret"],"score":121,"play_id":"e5034f80-8ec9-42cb-9408-f2463f6ba75f","local_time":"20181026023913","is_ascension_mode":true,"campfire_choices":[{"data":"Sucker Punch","floor":6,"key":"SMITH"},{"floor":8,"key":"REST"},{"data":"Well Laid Plans","floor":13,"key":"SMITH"},{"floor":15,"key":"REST"}],"neow_cost":"PERCENT_DAMAGE","seed_source_timestamp":184455835450507,"circlet_count":0,"master_deck":["Defend_G","Defend_G","Defend_G","Defend_G","Defend_G","Strike_G","Strike_G+1","Strike_G","Strike_G","Strike_G","Survivor","Neutralize+1","Sucker Punch+1","Flying Knee","Caltrops","Backflip","Deadly Poison","Expertise","Well Laid Plans+1","Blade Dance"],"relics":["Ring of the Snake","Blood Vial","Art of War","Orichalcum","Ninja Scroll","Whetstone"],"potions_floor_usage":[11,11,16],"damage_taken":[{"damage":7,"enemies":"Jaw Worm","floor":1,"turns":4},{"damage":1,"enemies":"Small Slimes","floor":2,"turns":3},{"damage":27,"enemies":"Lagavulin","floor":7,"turns":8},{"damage":0,"enemies":"2 Louse","floor":10,"turns":3},{"damage":12,"enemies":"3 Sentries","floor":11,"turns":6},{"damage":7,"enemies":"Lots of Slimes","floor":12,"turns":4},{"damage":17,"enemies":"Gremlin Gang","floor":14,"turns":4},{"damage":27,"enemies":"Slime Boss","floor":16,"turns":9}],"seed_played":"3440670920081734718","potions_obtained":[{"floor":2,"key":"Explosive Potion"},{"floor":7,"key":"SkillPotion"},{"floor":11,"key":"PowerPotion"}],"is_trial":false,"path_per_floor":["M","M","?","?","$","R","E","R","T","M","E","M","R","M","R"],"character_chosen":"THE_SILENT","items_purchased":["Caltrops"],"campfire_rested":2,"item_purchase_floors":[5],"current_hp_per_floor":[56,55,55,30,30,30,5,30,30,32,22,17,17,2,27,2],"gold":112,"neow_bonus":"TWENTY_PERCENT_HP_BONUS","is_prod":false,"is_daily":false,"chose_seed":false,"campfire_upgraded":2,"win_rate":0,"timestamp":1540539553,"path_taken":["M","M","?","?","$","R","E","R","T","M","E","M","R","M","R","BOSS"],"build_version":"2018-10-25v2","purchased_purges":1,"victory":false,"max_hp_per_floor":[84,84,84,84,84,84,84,84,84,84,84,84,84,84,84,84],"card_choices":[{"not_picked":["PiercingWail","Bane"],"picked":"Sucker Punch","floor":1},{"not_picked":["Underhanded Strike","Dash"],"picked":"Flying Knee","floor":2},{"not_picked":["Reflex","Quick Slash"],"picked":"Backflip","floor":7},{"not_picked":["Choke","Outmaneuver"],"picked":"Deadly Poison","floor":10},{"not_picked":["Glass Knife","Poisoned Stab"],"picked":"Expertise","floor":11},{"not_picked":["Acrobatics","Expertise"],"picked":"Well Laid Plans","floor":12},{"not_picked":["Underhanded Strike","Well Laid Plans"],"picked":"Blade Dance","floor":14}],"player_experience":200604,"relics_obtained":[{"floor":7,"key":"Orichalcum"},{"floor":9,"key":"Ninja Scroll"},{"floor":11,"key":"Whetstone"}],"event_choices":[{"damage_healed":0,"gold_gain":0,"player_choice":"Box","damage_taken":0,"relics_obtained":["Blood Vial"],"max_hp_gain":0,"max_hp_loss":0,"event_name":"Big Fish","floor":3,"gold_loss":0,"cards_obtained":["Regret"]},{"damage_healed":0,"gold_gain":0,"player_choice":"Success","damage_taken":25,"relics_obtained":["Art of War"],"max_hp_gain":0,"max_hp_loss":0,"event_name":"Scrap Ooze","floor":4,"gold_loss":0}],"is_beta":false,"boss_relics":[],"items_purged_floors":[5],"is_endless":false,"potions_floor_spawned":[2,7,11],"killed_by":"Slime Boss","ascension_level":2}