{"path_per_floor":["M","?","?","M","M","E","?","R","T","R","$","?","M","$","R","B",null,"M","M","M","$","?","R"],"character_chosen":"DEFECT","items_purchased":["Cold Snap"],"gold_per_floor":[117,117,67,80,97,132,132,132,132,132,57,57,75,52,52,157,157,171,187,200,100,25,25,25],"floor_reached":24,"campfire_rested":1,"playtime":749,"current_hp_per_floor":[74,74,74,74,69,59,59,59,59,59,59,56,56,56,56,45,75,59,46,3,3,3,25,0],"items_purged":["Strike_B","Strike_B"],"gold":25,"score":213,"play_id":"66e9723e-9f29-4c81-8ab8-b84d6c5437ce","local_time":"20180514172627","is_prod":false,"is_daily":false,"chose_seed":false,"is_ascension_mode":true,"campfire_upgraded":3,"timestamp":1526311587,"path_taken":["M","?","?","?","M","E","?","R","T","R","?","?","M","$","R","BOSS","M","M","?","$","?","R","?"],"build_version":"2018-05-12v2","seed_source_timestamp":802709306999576,"purchased_purges":2,"victory":false,"master_deck":["Strike_B","Defend_B","Defend_B","Defend_B","Zap+1","Dualcast+1","Doom and Gloom","Coolheaded","Coolheaded","Cold Snap","Capacitor+1","Cold Snap","Echo Form","Hello World","Static Discharge","Loop","Chill+1","Force Field","Amplify"],"max_hp_per_floor":[75,75,75,75,75,75,75,75,75,75,75,75,75,75,75,75,75,75,75,75,75,75,75,75],"relics":["Cracked Core","Dream Catcher","Pantograph","Bottled Flame","Prayer Wheel","Oddly Smooth Stone","Orrery"],"card_choices":[{"not_picked":["Hello World","Beam Cell"],"picked":"Doom and Gloom","floor":1},{"not_picked":["Turbo","Hologram"],"picked":"Coolheaded","floor":4},{"not_picked":["Turbo","Impulse"],"picked":"Coolheaded","floor":5},{"not_picked":["Biased Cognition","Leap"],"picked":"Cold Snap","floor":6},{"not_picked":["Rebound","Go for the Eyes"],"picked":"Capacitor","floor":13},{"not_picked":["Fission","Rainbow"],"picked":"Echo Form","floor":16},{"not_picked":["Skim","Leap"],"picked":"Hello World","floor":17},{"not_picked":["Rip and Tear","Coolheaded"],"picked":"Static Discharge","floor":17},{"not_picked":["Recycle","Storm"],"picked":"Loop","floor":17},{"not_picked":["Barrage","Turbo+1"],"picked":"Chill+1","floor":18},{"not_picked":["Axe Kick","Undo"],"picked":"Force Field","floor":19},{"not_picked":["Blizzard","Turbo","Axe Kick+1"],"picked":"SKIP","floor":20},{"not_picked":["Tempest","Barrage+1"],"picked":"Amplify","floor":23}],"player_experience":61524,"potions_floor_usage":[6,18,19],"damage_taken":[{"damage":1,"enemies":"Cultist","floor":1,"turns":3},{"damage":0,"enemies":"2 Louse","floor":4,"turns":1},{"damage":5,"enemies":"Jaw Worm","floor":5,"turns":3},{"damage":10,"enemies":"Lagavulin","floor":6,"turns":7},{"damage":0,"enemies":"Exordium Thugs","floor":13,"turns":3},{"damage":30,"enemies":"Slime Boss","floor":16,"turns":12},{"damage":16,"enemies":"Shell Parasite","floor":18,"turns":8},{"damage":13,"enemies":"3 Byrds","floor":19,"turns":4},{"damage":43,"enemies":"Slaver and Parasite","floor":20,"turns":7},{"damage":25,"enemies":"Snake Plant","floor":24,"turns":2}],"event_choices":[{"event_name":"Big Fish","player_choice":"Box","floor":2,"damage_taken":0},{"event_name":"The Cleric","player_choice":"Card Removal","floor":3,"damage_taken":0},{"event_name":"Living Wall","player_choice":"Forget","floor":7,"damage_taken":0},{"event_name":"Scrap Ooze","player_choice":"success","floor":12,"damage_taken":3},{"event_name":"Beggar","player_choice":"Gave Gold","floor":22,"damage_taken":0}],"boss_relics":[{"not_picked":["Runic Dome","Philosopher\u0027s Stone"],"picked":"Orrery"}],"potions_floor_spawned":[1,5,16,18],"seed_played":"-4041345002558930104","killed_by":"Snake Plant","ascension_level":2,"is_trial":false}