{"path_per_floor":["M","?","$","M","M","E","R","M","T","?","R","$","M","M","R","B",null,"M","?","$","M"],"character_chosen":"DEFECT","items_purchased":[],"gold_per_floor":[115,115,40,56,73,104,104,117,141,121,121,21,39,55,55,158,158,169,169,44,62,62],"floor_reached":22,"campfire_rested":3,"playtime":688,"current_hp_per_floor":[72,72,72,72,60,43,65,45,45,45,67,67,54,23,45,8,75,38,38,38,5,0],"items_purged":["Defend_B","Strike_B","Strike_B"],"gold":62,"score":205,"play_id":"17fa6a27-a6e6-4dbf-bbe1-fa5891f89700","local_time":"20180514165951","is_prod":false,"is_daily":false,"chose_seed":false,"is_ascension_mode":true,"campfire_upgraded":0,"timestamp":1526309991,"path_taken":["M","?","$","?","M","E","R","M","T","?","R","?","M","M","R","BOSS","M","?","$","M","M"],"build_version":"2018-05-12v2","seed_source_timestamp":801171561364944,"purchased_purges":3,"victory":false,"master_deck":["Strike_B","Defend_B","Defend_B","Defend_B","Zap","Dualcast","Reinforced Body","Doom and Gloom","Ball Lightning","Rainbow","Scrape","Fission","White Noise+1"],"max_hp_per_floor":[75,75,75,75,75,75,75,75,75,75,75,75,75,75,75,75,75,75,75,75,75,75],"relics":["Cracked Core","Vajra","Blood Vial","Nuclear Battery"],"card_choices":[{"not_picked":["Impulse","Stack"],"picked":"Reinforced Body","floor":0},{"not_picked":["Leap","Darkness"],"picked":"Doom and Gloom","floor":1},{"not_picked":["Auto Shields","Sweeping Beam","Stack"],"picked":"SKIP","floor":4},{"not_picked":["Rebound","Darkness","Capacitor"],"picked":"SKIP","floor":5},{"not_picked":["Skim","Double Energy"],"picked":"Ball Lightning","floor":6},{"not_picked":["Consume","Aggregate"],"picked":"Rainbow","floor":8},{"not_picked":["Barrage","Consume"],"picked":"Scrape","floor":13},{"not_picked":["Impulse","Turbo","Leap"],"picked":"SKIP","floor":14},{"not_picked":["Machine Learning","Fusion"],"picked":"Fission","floor":16},{"not_picked":["Skim","Beam Cell+1"],"picked":"White Noise+1","floor":18},{"not_picked":["Turbo","Doom and Gloom","Skim"],"picked":"SKIP","floor":21}],"player_experience":60010,"potions_floor_usage":[6,6,14,16,22],"damage_taken":[{"damage":3,"enemies":"2 Louse","floor":1,"turns":3},{"damage":0,"enemies":"Cultist","floor":4,"turns":3},{"damage":12,"enemies":"Jaw Worm","floor":5,"turns":3},{"damage":17,"enemies":"Lagavulin","floor":6,"turns":6},{"damage":20,"enemies":"Gremlin Gang","floor":8,"turns":3},{"damage":15,"enemies":"Large Slime","floor":13,"turns":4},{"damage":33,"enemies":"Exordium Thugs","floor":14,"turns":4},{"damage":39,"enemies":"Hexaghost","floor":16,"turns":10},{"damage":37,"enemies":"3 Byrds","floor":18,"turns":5},{"damage":35,"enemies":"Spheric Guardian","floor":21,"turns":6},{"damage":18,"enemies":"Centurion and Healer","floor":22,"turns":5}],"event_choices":[{"event_name":"The Lab","player_choice":"Got Potions","floor":2,"damage_taken":0},{"event_name":"The Woman in Blue","player_choice":"Bought 1 Potion","floor":10,"damage_taken":0},{"event_name":"Back to Basics","player_choice":"Elegance","floor":19,"damage_taken":0}],"boss_relics":[{"not_picked":["Eternal Feather","Runic Dome"],"picked":"Nuclear Battery"}],"potions_floor_spawned":[1,8,13,21],"seed_played":"7920966734087734861","killed_by":"Centurion and Healer","ascension_level":2,"is_trial":false}