{"gold_per_floor":[118,118,42,7,7,41,58,58,58,58,22,56,56,6,6,6],"floor_reached":16,"playtime":866,"items_purged":[],"score":114,"play_id":"711bcaa3-32ca-426b-ab3c-406691dd1cfa","local_time":"20190318201804","is_ascension_mode":true,"campfire_choices":[{"floor":8,"key":"REST"},{"floor":10,"key":"REST"},{"data":"1","floor":15,"key":"LIFT"}],"neow_cost":"PERCENT_DAMAGE","seed_source_timestamp":1691740901209,"circlet_count":0,"master_deck":["Strike_R","Strike_R+1","Defend_R","Defend_R","Defend_R","Defend_R+1","Bash","Body Slam","Reckless Charge","Cleave","Rupture","Blood for Blood","Reaper","Sever Soul","Warcry"],"relics":["Burning Blood","PreservedInsect","Matryoshka","Girya"],"potions_floor_usage":[12,16],"damage_taken":[{"damage":6,"enemies":"2 Louse","floor":1,"turns":3},{"damage":45,"enemies":"Lagavulin","floor":6,"turns":7},{"damage":7,"enemies":"Jaw Worm","floor":7,"turns":3},{"damage":4,"enemies":"3 Sentries","floor":12,"turns":3},{"damage":86,"enemies":"The Guardian","floor":16,"turns":14}],"seed_played":"3000585842440997922","potions_obtained":[{"floor":6,"key":"Explosive Potion"}],"is_trial":false,"path_per_floor":["?","?","?","M","?","$"],"character_chosen":"IRONCLAD","items_purchased":["Rupture","Sever Soul","PowerPotion"],"campfire_rested":2,"item_purchase_floors":[3,11,14],"current_hp_per_floor":[56,40,40,60,60,21,20,44,44,68,68,80,80,80,80,0],"gold":6,"neow_bonus":"TRANSFORM_TWO_CARDS","is_prod":false,"is_daily":false,"chose_seed":false,"campfire_upgraded":0,"win_rate":0,"timestamp":1552936684,"path_taken":["M","?","$","?","?","E","?","R","T","R","$","E","?","?","R","BOSS"],"build_version":"2019-01-23","purchased_purges":0,"victory":false,"max_hp_per_floor":[80,80,80,80,80,80,80,80,80,80,80,80,80,80,80,80],"card_choices":[{"not_picked":["Clash","Armaments"],"picked":"Cleave","floor":1},{"not_picked":["Rampage","Reckless Charge"],"picked":"Blood for Blood","floor":6},{"not_picked":["Perfected Strike","Sword Boomerang"],"picked":"Reaper","floor":7},{"not_picked":["Pummel","Wild Strike"],"picked":"Warcry","floor":12}],"player_experience":120976,"relics_obtained":[{"floor":6,"key":"PreservedInsect"},{"floor":9,"key":"Matryoshka"},{"floor":12,"key":"Girya"}],"event_choices":[{"damage_healed":0,"gold_gain":0,"player_choice":"Entered Light","damage_taken":16,"max_hp_gain":0,"max_hp_loss":0,"event_name":"Shining Light","floor":2,"gold_loss":0,"cards_upgraded":["Defend_R","Strike_R"]},{"damage_healed":20,"gold_gain":0,"player_choice":"Healed","damage_taken":0,"max_hp_gain":0,"max_hp_loss":0,"event_name":"The Cleric","floor":4,"gold_loss":35},{"cards_removed":["Strike_R"],"damage_healed":0,"gold_gain":0,"player_choice":"Purged","damage_taken":0,"max_hp_gain":0,"max_hp_loss":0,"event_name":"Purifier","floor":5,"gold_loss":0},{"damage_healed":0,"gold_gain":0,"player_choice":"Ignored","damage_taken":0,"max_hp_gain":0,"max_hp_loss":0,"event_name":"Liars Game","floor":13,"gold_loss":0}],"is_beta":false,"boss_relics":[],"items_purged_floors":[],"is_endless":false,"potions_floor_spawned":[6],"killed_by":"The Guardian","ascension_level":2}