{"gold_per_floor":[118,118,130,317,341,372,411,423,458,483,495,541,553,591,603,615],"floor_reached":16,"playtime":743,"items_purged":[],"score":118,"play_id":"ac27a970-ef82-467b-9619-f4325dc5794a","local_time":"20190330111905","is_ascension_mode":false,"campfire_choices":[{"floor":11.0,"key":"REST"},{"floor":13.0,"key":"REST"},{"data":"Bane","floor":15.0,"key":"SMITH"}],"neow_cost":"NONE","seed_source_timestamp":145590998050484,"circlet_count":0,"master_deck":["Defend_G","Defend_G","Defend_G","Defend_G","Defend_G","Strike_G","Strike_G","Strike_G","Strike_G","Survivor","Neutralize","Poisoned Stab","Doubt","Dagger Spray","Concentrate","Dagger Throw","Regret","Bane+1","Cloak And Dagger","Cloak And Dagger"],"special_seed":0,"relics":["White Beast Statue","MawBank","PreservedInsect","Blue Candle","Orichalcum","WingedGreaves","Anchor"],"potions_floor_usage":[16],"damage_taken":[{"damage":0.0,"enemies":"Cultist","floor":1.0,"turns":3.0},{"damage":0.0,"enemies":"Small Slimes","floor":5.0,"turns":4.0},{"damage":0.0,"enemies":"2 Louse","floor":6.0,"turns":2.0},{"damage":21.0,"enemies":"Lagavulin","floor":7.0,"turns":8.0},{"damage":10.0,"enemies":"Blue Slaver","floor":10.0,"turns":4.0},{"damage":3.0,"enemies":"3 Sentries","floor":12.0,"turns":3.0},{"damage":17.0,"enemies":"Lagavulin","floor":14.0,"turns":6.0},{"damage":52,"enemies":"Hexaghost","floor":16,"turns":15}],"seed_played":"-7938982014603575248","potions_obtained":[{"floor":1.0,"key":"Poison Potion"},{"floor":5.0,"key":"SpeedPotion"},{"floor":6.0,"key":"SpeedPotion"},{"floor":7.0,"key":"Explosive Potion"},{"floor":10.0,"key":"PowerPotion"},{"floor":12.0,"key":"SteroidPotion"},{"floor":14.0,"key":"Dexterity Potion"}],"is_trial":false,"path_per_floor":["M","?","?","?","M","M","E","?","T","M","R","E","R","E","R","B"],"character_chosen":"THE_SILENT","items_purchased":[],"campfire_rested":2,"item_purchase_floors":[],"current_hp_per_floor":[70,58,58,58,58,58,37,37,37,27,48,45,66,49,49,0],"gold":615,"neow_bonus":"BOSS_RELIC","is_prod":false,"is_daily":false,"chose_seed":false,"campfire_upgraded":1,"win_rate":0,"timestamp":1553969945,"path_taken":["M","?","?","?","M","M","E","?","T","?","R","E","R","E","R","BOSS"],"build_version":"2019-01-23","purchased_purges":0,"victory":false,"max_hp_per_floor":[70,70,70,70,70,70,70,70,70,70,70,70,70,70,70,70],"card_choices":[{"not_picked":["Sucker Punch","Catalyst"],"picked":"Poisoned Stab","floor":1.0},{"not_picked":["Dodge and Roll","Sucker Punch"],"picked":"Dagger Spray","floor":5.0},{"not_picked":["Finisher","Sucker Punch"],"picked":"Concentrate","floor":6.0},{"not_picked":["Dash","Acrobatics"],"picked":"Dagger Throw","floor":7.0},{"not_picked":["Outmaneuver","Prepared"],"picked":"Bane","floor":10.0},{"not_picked":["Flechettes","Skewer"],"picked":"Cloak And Dagger","floor":12.0},{"not_picked":["Unload","Outmaneuver"],"picked":"Cloak And Dagger","floor":14.0}],"player_experience":258939,"relics_obtained":[{"floor":7.0,"key":"PreservedInsect"},{"floor":9.0,"key":"Orichalcum"},{"floor":12.0,"key":"WingedGreaves"},{"floor":14.0,"key":"Anchor"}],"event_choices":[{"damage_healed":0.0,"max_hp_gain":0.0,"max_hp_loss":0.0,"gold_gain":0.0,"event_name":"Scrap Ooze","player_choice":"Success","floor":2.0,"gold_loss":0.0,"damage_taken":12.0,"relics_obtained":["MawBank"]},{"cards_removed":["Strike_G"],"damage_healed":0.0,"max_hp_gain":0.0,"max_hp_loss":0.0,"gold_gain":0.0,"event_name":"Living Wall","player_choice":"Forget","floor":3.0,"gold_loss":0.0,"damage_taken":0.0},{"damage_healed":0.0,"max_hp_gain":0.0,"max_hp_loss":0.0,"gold_gain":175.0,"event_name":"Liars Game","player_choice":"AGREE","floor":4.0,"gold_loss":0.0,"damage_taken":0.0,"cards_obtained":["Doubt"]},{"damage_healed":0.0,"max_hp_gain":0.0,"max_hp_loss":0.0,"gold_gain":0.0,"event_name":"Big Fish","player_choice":"Box","floor":8.0,"gold_loss":0.0,"damage_taken":0.0,"relics_obtained":["Blue Candle"],"cards_obtained":["Regret"]}],"is_beta":false,"boss_relics":[],"items_purged_floors":[],"is_endless":false,"potions_floor_spawned":[1,5,6,7,10,12,14],"killed_by":"Hexaghost","ascension_level":0}