{"path_per_floor":["M","$","?","M","M","R","E","M","T","R","?","M","R","$","R","B",null,"M","M","M","?","?","R","M","M","T","?","R","M","E","M","R"],"character_chosen":"DEFECT","items_purchased":["Melter"],"gold_per_floor":[118,5,5,24,42,42,77,88,111,111,111,131,131,31,31,133,133,144,156,171,171,198,198,211,225,225,325,325,336,367,378,378,378],"floor_reached":33,"campfire_rested":5,"playtime":1111,"current_hp_per_floor":[81,81,81,80,70,70,45,41,41,41,25,29,53,53,77,58,82,71,78,44,92,37,70,61,27,27,27,60,43,15,15,48,0],"items_purged":["Strike_B","Strike_B"],"gold":378,"score":348,"play_id":"0ab2b073-3bf8-4e24-9462-b6ce822b3ffe","local_time":"20180519031417","is_prod":false,"is_daily":false,"chose_seed":false,"is_ascension_mode":true,"campfire_upgraded":2,"timestamp":1526692457,"campfire_choices":[{"data":"Darkness","floor":6,"key":"SMITH"},{"data":"Multi-Cast","floor":10,"key":"SMITH"},{"floor":13,"key":"REST"},{"floor":15,"key":"REST"},{"floor":23,"key":"REST"},{"floor":28,"key":"REST"},{"floor":32,"key":"REST"}],"path_taken":["M","$","?","M","M","R","E","M","T","R","?","M","R","?","R","BOSS","M","?","M","?","?","R","?","M","T","?","R","?","E","M","R","BOSS"],"build_version":"2018-05-17","seed_source_timestamp":1183211575077070,"purchased_purges":2,"victory":false,"master_deck":["Strike_B","Defend_B","Defend_B","Defend_B+1","Defend_B","Zap","Dualcast","Darkness+1","Melter+1","Melter","Multi-Cast+1","Self Repair","Echo Form","Ball Lightning+1","Tempest","Sunder","BootSequence+1","Glacier+1","Creative AI"],"max_hp_per_floor":[82,82,82,82,82,82,82,82,82,82,82,82,82,82,82,82,82,82,82,82,92,92,92,92,92,92,92,92,92,92,92,92,92],"relics":["Cracked Core","Strawberry","Anchor","Vajra","Eternal Feather","Red Mask","Kunai","DataDisk"],"card_choices":[{"not_picked":["Turbo","Storm"],"picked":"Darkness","floor":1},{"not_picked":["Rebound","Tempest"],"picked":"Melter","floor":4},{"not_picked":["Go for the Eyes","Heatsinks","Fusion"],"picked":"SKIP","floor":5},{"not_picked":["Streamline","Recycle"],"picked":"Multi-Cast","floor":7},{"not_picked":["Steam","Capacitor"],"picked":"Self Repair","floor":8},{"not_picked":["Tempest","Recycle"],"picked":"Echo Form","floor":12},{"not_picked":["Meteor Strike","Multi-Cast"],"picked":"Reboot","floor":16},{"not_picked":["Stack+1","Go for the Eyes"],"picked":"Ball Lightning+1","floor":18},{"not_picked":["Melter","Sweeping Beam","Consume+1"],"picked":"SKIP","floor":19},{"not_picked":["Streamline+1","Leap","Chill"],"picked":"SKIP","floor":20},{"not_picked":["Go for the Eyes","Capacitor"],"picked":"Tempest","floor":22},{"not_picked":["Hello World","Heatsinks","Streamline"],"picked":"SKIP","floor":24},{"not_picked":["Turbo+1","Streamline"],"picked":"Sunder","floor":25},{"not_picked":["Scrape","Sunder+1"],"picked":"BootSequence+1","floor":29},{"not_picked":["Reprogram+1","Steam"],"picked":"Glacier+1","floor":30},{"not_picked":["Go for the Eyes","Heatsinks"],"picked":"Creative AI","floor":31}],"player_experience":76011,"potions_floor_usage":[16,16,25,29,30,30,31],"damage_taken":[{"damage":1,"enemies":"2 Louse","floor":1,"turns":2},{"damage":1,"enemies":"Cultist","floor":4,"turns":3},{"damage":10,"enemies":"Small Slimes","floor":5,"turns":3},{"damage":25,"enemies":"3 Sentries","floor":7,"turns":6},{"damage":4,"enemies":"2 Fungi Beasts","floor":8,"turns":3},{"damage":3,"enemies":"Blue Slaver","floor":12,"turns":3},{"damage":33,"enemies":"Slime Boss","floor":16,"turns":8},{"damage":11,"enemies":"2 Thieves","floor":18,"turns":4},{"damage":0,"enemies":"Chosen","floor":19,"turns":3},{"damage":41,"enemies":"Centurion and Healer","floor":20,"turns":5},{"damage":62,"enemies":"Masked Bandits","floor":22,"turns":5},{"damage":23,"enemies":"Snake Plant","floor":24,"turns":4},{"damage":34,"enemies":"Chosen and Byrds","floor":25,"turns":6},{"damage":17,"enemies":"3 Cultists","floor":29,"turns":4},{"damage":35,"enemies":"Slavers","floor":30,"turns":5},{"damage":0,"enemies":"Snecko","floor":31,"turns":4},{"damage":48,"enemies":"Collector","floor":33,"turns":6}],"relics_obtained":[{"floor":7,"key":"Anchor"},{"floor":9,"key":"Vajra"},{"floor":22,"key":"Red Mask"},{"floor":26,"key":"Kunai"},{"floor":30,"key":"DataDisk"}],"event_choices":[{"event_name":"Living Wall","player_choice":"Forget","floor":3,"damage_taken":0},{"event_name":"Shining Light","player_choice":"Entered Light","floor":11,"damage_taken":0},{"event_name":"Bonfire Elementals","player_choice":"RARE","floor":21,"damage_taken":0},{"event_name":"Masked Bandits","player_choice":"Fought over 171 gold","floor":22,"damage_taken":0},{"event_name":"Golden Shrine","player_choice":"Pray","floor":27,"damage_taken":0}],"boss_relics":[{"not_picked":["Snecko Eye","Sozu"],"picked":"Eternal Feather"}],"potions_floor_spawned":[4,5,8,12,22,25,29,30],"seed_played":"-1996172144047138490","killed_by":"Collector","ascension_level":4,"potions_obtained":[{"floor":4,"key":"Swift Potion"},{"floor":5,"key":"Swift Potion"},{"floor":8,"key":"FearPotion"},{"floor":12,"key":"Energy Potion"},{"floor":22,"key":"SpeedPotion"},{"floor":25,"key":"Energy Potion"},{"floor":29,"key":"Fire Potion"},{"floor":30,"key":"EssenceOfSteel"}],"is_trial":false}