{"gold_per_floor":[14,14,14,32,32,32,43,74,74,103,28,28],"floor_reached":12,"playtime":395,"items_purged":[],"score":99,"play_id":"96ddbeb7-45f8-41e0-8453-ec4c0fc7635a","local_time":"20181104013336","is_ascension_mode":true,"campfire_choices":[{"data":"Accuracy","floor":6,"key":"SMITH"}],"neow_cost":"NO_GOLD","seed_source_timestamp":170435917367386,"circlet_count":0,"master_deck":["Defend_G","Defend_G","Defend_G","Defend_G","Defend_G","Strike_G","Strike_G","Strike_G","Strike_G","Strike_G","Survivor","Neutralize","Accuracy+1","Infinite Blades+1","Distraction","Blade Dance","Infinite Blades"],"relics":["Ring of the Snake","Ginger","Centennial Puzzle","Question Card","Bottled Lightning","Vajra"],"potions_floor_usage":[10],"damage_taken":[{"damage":3,"enemies":"Jaw Worm","floor":1,"turns":5},{"damage":0,"enemies":"2 Louse","floor":4,"turns":3},{"damage":0,"enemies":"Cultist","floor":7,"turns":3},{"damage":17,"enemies":"Lagavulin","floor":8,"turns":6},{"damage":35,"enemies":"3 Sentries","floor":10,"turns":9},{"damage":14,"enemies":"Exordium Thugs","floor":12,"turns":1}],"seed_played":"2050189360097004367","potions_obtained":[{"floor":7,"key":"SkillPotion"}],"is_trial":false,"path_per_floor":["M","$","?","M","?","R","M","E","T","E","$","M"],"character_chosen":"THE_SILENT","items_purchased":["Infinite Blades"],"campfire_rested":0,"item_purchase_floors":[11],"current_hp_per_floor":[67,67,64,64,64,64,64,47,47,12,12,0],"gold":28,"neow_bonus":"ONE_RARE_RELIC","is_prod":false,"is_daily":false,"chose_seed":false,"campfire_upgraded":1,"win_rate":0,"timestamp":1541316816,"path_taken":["M","$","?","M","?","R","?","E","T","E","$","M"],"build_version":"2018-11-01","purchased_purges":0,"victory":false,"max_hp_per_floor":[70,70,70,70,70,70,70,70,70,70,70,70],"card_choices":[{"not_picked":["Prepared","PiercingWail"],"picked":"Accuracy","floor":1},{"not_picked":["Finisher","Quick Slash"],"picked":"Infinite Blades","floor":4},{"not_picked":["Bane","Reflex"],"picked":"Distraction","floor":7},{"not_picked":["Crippling Poison","Riddle With Holes","Reflex"],"picked":"SKIP","floor":8},{"not_picked":["Backstab","Backflip","Bullet Time"],"picked":"Blade Dance","floor":10}],"player_experience":273049,"relics_obtained":[{"floor":8,"key":"Question Card"},{"floor":9,"key":"Bottled Lightning"},{"floor":10,"key":"Vajra"}],"event_choices":[{"damage_healed":0,"gold_gain":0,"player_choice":"Success","damage_taken":3,"relics_obtained":["Centennial Puzzle"],"max_hp_gain":0,"max_hp_loss":0,"event_name":"Scrap Ooze","floor":3,"gold_loss":0},{"damage_healed":0,"gold_gain":0,"player_choice":"Forge","damage_taken":0,"max_hp_gain":0,"max_hp_loss":0,"event_name":"Accursed Blacksmith","floor":5,"gold_loss":0,"cards_upgraded":["Infinite Blades"]}],"is_beta":false,"boss_relics":[],"items_purged_floors":[],"is_endless":false,"potions_floor_spawned":[7],"killed_by":"Exordium Thugs","ascension_level":3}