{"gold_per_floor":[115,132,132,152,168,168,186,212,238,267,267,277,8,34,34,135,135,152,152,166,181,11,11,46,46],"floor_reached":25,"playtime":2868,"items_purged":["Strike_B","Strike_B+1"],"score":245,"play_id":"0b73e952-98d3-4145-83dd-973043a6e58d","local_time":"20190409212107","is_ascension_mode":true,"campfire_choices":[{"data":"Electrodynamics","floor":6.0,"key":"SMITH"},{"data":"Steam","floor":11.0,"key":"SMITH"},{"floor":15.0,"key":"REST"},{"floor":23,"key":"REST"}],"neow_cost":"NONE","seed_source_timestamp":6645297290200,"circlet_count":0,"master_deck":["Defend_B","Defend_B","Defend_B","Defend_B","Zap","Dualcast","Streamline+1","Ball Lightning","Steam+1","Electrodynamics+1","Stack","Rebound","Doom and Gloom","Compile Driver","Capacitor","Lockon","Machine Learning","Machine Learning","Heatsinks","Darkness","Glacier","Chill","Hologram"],"special_seed":0,"relics":["Cracked Core","Ancient Tea Set","Pantograph","Whetstone","Odd Mushroom","Potion Belt","Inserter","Orichalcum"],"potions_floor_usage":[],"damage_taken":[{"damage":1.0,"enemies":"Cultist","floor":1.0,"turns":4.0},{"damage":0.0,"enemies":"2 Louse","floor":2.0,"turns":3.0},{"damage":0.0,"enemies":"Small Slimes","floor":4.0,"turns":2.0},{"damage":18.0,"enemies":"3 Louse","floor":5.0,"turns":3.0},{"damage":15.0,"enemies":"Gremlin Gang","floor":7.0,"turns":3.0},{"damage":7.0,"enemies":"Gremlin Nob","floor":8.0,"turns":3.0},{"damage":1.0,"enemies":"The Mushroom Lair","floor":10.0,"turns":2.0},{"damage":0.0,"enemies":"Blue Slaver","floor":12.0,"turns":3.0},{"damage":22.0,"enemies":"3 Sentries","floor":14.0,"turns":5.0},{"damage":3.0,"enemies":"Hexaghost","floor":16.0,"turns":7.0},{"damage":9,"enemies":"Spheric Guardian","floor":18,"turns":4},{"damage":35,"enemies":"2 Thieves","floor":20,"turns":3},{"damage":26,"enemies":"Centurion and Healer","floor":21,"turns":7},{"damage":21,"enemies":"Slavers","floor":24,"turns":5},{"damage":13,"enemies":"Sentry and Sphere","floor":25,"turns":2}],"seed_played":"-7751299222511787057","potions_obtained":[{"floor":1.0,"key":"Weak Potion"},{"floor":7.0,"key":"Explosive Potion"},{"floor":12.0,"key":"FocusPotion"},{"floor":14.0,"key":"Weak Potion"},{"floor":20,"key":"SteroidPotion"}],"is_trial":false,"path_per_floor":["M","M","?","M","M","R","M","E","T","?","R","M","$","E","R","B",null,"M","?","M","M","$","R","E","M"],"character_chosen":"DEFECT","items_purchased":["Capacitor","Poison Potion","Lockon","Chill"],"campfire_rested":2,"item_purchase_floors":[13,13,13,22],"current_hp_per_floor":[74,74,74,74,56,56,41,34,34,33,33,33,33,11,33,55,75,66,66,31,5,5,27,6,0],"gold":46,"neow_bonus":"RANDOM_COMMON_RELIC","is_prod":false,"is_daily":false,"chose_seed":false,"campfire_upgraded":2,"win_rate":0,"timestamp":1554870067,"path_taken":["M","M","?","?","M","R","M","E","T","?","R","M","$","E","R","BOSS","M","?","M","M","$","R","E","M"],"build_version":"2019-01-23","purchased_purges":2,"victory":false,"max_hp_per_floor":[75,75,75,75,75,75,75,75,75,75,75,75,75,75,75,75,75,75,75,75,75,75,75,75,75],"card_choices":[{"not_picked":["Barrage","Sweeping Beam"],"picked":"Streamline","floor":1.0},{"not_picked":["Beam Cell","Genetic Algorithm"],"picked":"Ball Lightning","floor":2.0},{"not_picked":["Redo","Compile Driver"],"picked":"Steam","floor":4.0},{"not_picked":["Turbo","Leap"],"picked":"Electrodynamics","floor":5.0},{"not_picked":["Beam Cell","Compile Driver"],"picked":"Stack","floor":7.0},{"not_picked":["BootSequence","Steam"],"picked":"Rebound","floor":8.0},{"not_picked":["Lockon","Gash"],"picked":"Doom and Gloom","floor":10.0},{"not_picked":["Gash","Ball Lightning"],"picked":"Compile Driver","floor":12.0},{"not_picked":["Conserve Battery","Rebound"],"picked":"Machine Learning","floor":14.0},{"not_picked":["All For One","Electrodynamics"],"picked":"Machine Learning","floor":16.0},{"not_picked":["Leap","Conserve Battery"],"picked":"Heatsinks","floor":18},{"not_picked":["Tempest+1","Heatsinks+1"],"picked":"Darkness","floor":20},{"not_picked":["Consume","Cold Snap+1"],"picked":"Glacier","floor":21},{"not_picked":["Turbo","Barrage+1"],"picked":"Hologram","floor":24}],"player_experience":760068,"relics_obtained":[{"floor":8.0,"key":"Pantograph"},{"floor":9.0,"key":"Whetstone"},{"floor":10.0,"key":"Odd Mushroom"},{"floor":14.0,"key":"Potion Belt"},{"floor":24,"key":"Orichalcum"}],"event_choices":[{"cards_removed":["Strike_B"],"damage_healed":0.0,"max_hp_gain":0.0,"max_hp_loss":0.0,"gold_gain":0.0,"event_name":"Purifier","player_choice":"Purged","floor":3.0,"gold_loss":0.0,"damage_taken":0.0},{"damage_healed":0.0,"max_hp_gain":0.0,"max_hp_loss":0.0,"gold_gain":0.0,"event_name":"Mushrooms","player_choice":"Fought Mushrooms","floor":10.0,"gold_loss":0.0,"damage_taken":0.0},{"cards_removed":["Strike_B"],"damage_healed":0,"gold_gain":0,"player_choice":"Elegance","damage_taken":0,"max_hp_gain":0,"max_hp_loss":0,"event_name":"Back to Basics","floor":19,"gold_loss":0}],"is_beta":false,"boss_relics":[{"not_picked":["Coffee Dripper","Lizard Tail"],"picked":"Inserter"}],"items_purged_floors":[13,22],"is_endless":false,"potions_floor_spawned":[1,7,12,14,20],"killed_by":"Sentry and Sphere","ascension_level":1}