{"gold_per_floor":[115,40,140,40,40,40,66,77,77,406,406,422,432,446,446,551,551,565,565,584,596,610,610,627,627],"floor_reached":25,"playtime":1433,"items_purged":["Strike_G","Strike_G"],"score":252,"play_id":"dae3663a-9646-4094-8c6e-ee1cee0a9d67","local_time":"20190406160221","is_ascension_mode":true,"campfire_choices":[{"data":"Neutralize","floor":6,"key":"SMITH"},{"data":"Footwork","floor":11,"key":"SMITH"},{"floor":15,"key":"REST"},{"floor":23,"key":"REST"}],"neow_cost":"NONE","seed_source_timestamp":157589746985867,"circlet_count":0,"master_deck":["Defend_G","Defend_G","Defend_G","Defend_G","Defend_G","Strike_G","Strike_G","Strike_G","Survivor","Neutralize+1","Dodge and Roll","Footwork+1","Blade Dance","Sucker Punch","Noxious Fumes","Poisoned Stab","Deadly Poison","Corpse Explosion","Cloak And Dagger","Dodge and Roll+1","Dash","Cloak And Dagger+1","Bouncing Flask+1"],"relics":["Ring of the Snake","NeowsBlessing","Lantern","Shuriken","Old Coin","Black Star"],"potions_floor_usage":[16,21,25,25],"damage_taken":[{"damage":0,"enemies":"2 Louse","floor":1,"turns":1},{"damage":0,"enemies":"3 Sentries","floor":7,"turns":1},{"damage":0,"enemies":"Cultist","floor":8,"turns":1},{"damage":1,"enemies":"Lagavulin","floor":10,"turns":8},{"damage":0,"enemies":"Small Slimes","floor":12,"turns":3},{"damage":0,"enemies":"Exordium Wildlife","floor":13,"turns":4},{"damage":15,"enemies":"Gremlin Gang","floor":14,"turns":6},{"damage":25,"enemies":"Slime Boss","floor":16,"turns":12},{"damage":8,"enemies":"Spheric Guardian","floor":18,"turns":6},{"damage":1,"enemies":"3 Byrds","floor":20,"turns":4},{"damage":39,"enemies":"Sentry and Sphere","floor":21,"turns":8},{"damage":3,"enemies":"Snecko","floor":22,"turns":5},{"damage":1,"enemies":"Centurion and Healer","floor":24,"turns":7},{"damage":71,"enemies":"Gremlin Leader","floor":25,"turns":6}],"seed_played":"-798660111666969379","potions_obtained":[{"floor":7,"key":"SpeedPotion"},{"floor":10,"key":"SkillPotion"},{"floor":13,"key":"Swift Potion"},{"floor":16,"key":"Swift Potion"},{"floor":20,"key":"Regen Potion"},{"floor":21,"key":"SteroidPotion"},{"floor":24,"key":"Regen Potion"}],"is_trial":false,"path_per_floor":["M","$","?","$","$","R","E","M","T","E","R","M","M","M","R","B",null,"M","?","M","M","M","R","M","E"],"character_chosen":"THE_SILENT","items_purchased":[],"campfire_rested":2,"item_purchase_floors":[],"current_hp_per_floor":[70,70,70,70,70,70,70,70,70,69,69,69,69,54,70,45,70,62,62,61,22,19,40,39,0],"gold":627,"neow_bonus":"THREE_ENEMY_KILL","is_prod":false,"is_daily":false,"chose_seed":false,"campfire_upgraded":2,"win_rate":0,"timestamp":1554580941,"path_taken":["M","$","?","?","$","R","E","M","T","E","R","M","M","M","R","BOSS","M","?","M","M","M","R","M","E"],"build_version":"2019-01-23","purchased_purges":2,"victory":false,"max_hp_per_floor":[70,70,70,70,70,70,70,70,70,70,70,70,70,70,70,70,70,70,70,70,70,70,70,70,70],"card_choices":[{"not_picked":["Outmaneuver","Prepared"],"picked":"Dodge and Roll","floor":1},{"not_picked":["Dodge and Roll","Wraith Form v2"],"picked":"Footwork","floor":7},{"not_picked":["Bane","Flechettes"],"picked":"Blade Dance","floor":8},{"not_picked":["Riddle With Holes","Acrobatics"],"picked":"Sucker Punch","floor":10},{"not_picked":["Outmaneuver","Backflip"],"picked":"Noxious Fumes","floor":12},{"not_picked":["Backflip","Flying Knee"],"picked":"Poisoned Stab","floor":13},{"not_picked":["Terror","Prepared"],"picked":"Deadly Poison","floor":14},{"not_picked":["Unload","Envenom"],"picked":"Corpse Explosion","floor":16},{"not_picked":["Acrobatics","Deflect"],"picked":"Cloak And Dagger","floor":18},{"not_picked":["Sucker Punch","Deadly Poison"],"picked":"Dodge and Roll+1","floor":20},{"not_picked":["Prepared","Caltrops"],"picked":"Dash","floor":21},{"not_picked":["Flying Knee+1","Infinite Blades"],"picked":"Cloak And Dagger+1","floor":22},{"not_picked":["Poisoned Stab","Calculated Gamble"],"picked":"Bouncing Flask+1","floor":24}],"player_experience":77253,"relics_obtained":[{"floor":7,"key":"Lantern"},{"floor":9,"key":"Shuriken"},{"floor":10,"key":"Old Coin"}],"event_choices":[{"damage_healed":0,"gold_gain":100,"player_choice":"Pray","damage_taken":0,"max_hp_gain":0,"max_hp_loss":0,"event_name":"Golden Shrine","floor":3,"gold_loss":0},{"damage_healed":0,"gold_gain":0,"player_choice":"Ignored","damage_taken":0,"max_hp_gain":0,"max_hp_loss":0,"event_name":"Ghosts","floor":19,"gold_loss":0}],"is_beta":false,"boss_relics":[{"not_picked":["Lizard Tail","Runic Pyramid"],"picked":"Black Star"}],"items_purged_floors":[2,4],"is_endless":false,"potions_floor_spawned":[7,10,13,14,16,20,21,24],"killed_by":"Gremlin Leader","ascension_level":1}