{"path_per_floor":["M","?","?","M","$","E","?","R","T","?","M","E","R","$","R","B",null,"M","$","M","M","?","R","M","R","T","?","M"],"character_chosen":"DEFECT","items_purchased":["Defragment"],"gold_per_floor":[114,74,74,86,11,38,38,38,116,116,129,165,165,65,65,196,196,217,18,43,59,59,59,74,74,123,123,143,143],"floor_reached":29,"campfire_rested":3,"playtime":739,"item_purchase_floors":[],"current_hp_per_floor":[66,66,66,65,65,52,52,52,52,52,52,44,44,44,66,51,69,61,61,52,18,18,46,14,42,42,52,16,0],"items_purged":["Strike_B","Injury","Strike_B"],"gold":143,"score":323,"play_id":"10f758c9-a7d3-41c1-9e80-5822c038e387","local_time":"20180601061541","is_prod":false,"is_daily":false,"chose_seed":false,"is_ascension_mode":true,"campfire_upgraded":2,"win_rate":0.0,"timestamp":1527826541,"campfire_choices":[{"data":"Zap","floor":8.0,"key":"SMITH"},{"data":"Dualcast","floor":13.0,"key":"SMITH"},{"floor":15.0,"key":"REST"},{"floor":23.0,"key":"REST"},{"floor":25.0,"key":"REST"}],"path_taken":["M","?","?","M","$","E","?","R","T","?","M","E","R","$","R","BOSS","M","$","M","M","?","R","M","R","T","?","M","M"],"build_version":"2018-05-31","seed_source_timestamp":0,"purchased_purges":3,"victory":false,"master_deck":["Strike_B","Defend_B","Defend_B","Defend_B","Defend_B","Zap+1","Dualcast+1","Sunder","Zap+1","Cold Snap","Sweeping Beam","Self Repair","Rainbow","Loop","Defragment","Defragment","Decay","Steam","Writhe","Gash"],"max_hp_per_floor":[75,75,75,75,75,75,75,75,75,75,75,75,75,75,75,75,75,75,75,75,75,75,75,75,75,75,85,85,85],"relics":["Cracked Core","Potion Belt","Symbiotic Virus","Golden Idol","Matryoshka","Eternal Feather","Bronze Scales","Regal Pillow","Pear"],"card_choices":[{"not_picked":["Hologram","Ball Lightning"],"picked":"Sunder","floor":1.0},{"not_picked":["Barrage","Redo","Sweeping Beam"],"picked":"SKIP","floor":4.0},{"not_picked":["Barrage","Hologram"],"picked":"Cold Snap","floor":6.0},{"not_picked":["Static Discharge","Steam"],"picked":"Sweeping Beam","floor":11.0},{"not_picked":["Go for the Eyes","Steam"],"picked":"Self Repair","floor":12.0},{"not_picked":["Reboot","Seek"],"picked":"Rainbow","floor":16.0},{"not_picked":["Compile Driver+1","Cold Snap"],"picked":"Loop","floor":18.0},{"not_picked":["Turbo","Cold Snap+1"],"picked":"Defragment","floor":20.0},{"not_picked":["Rebound","Leap","Redo"],"picked":"SKIP","floor":21.0},{"not_picked":["Turbo+1","Redo"],"picked":"Steam","floor":24.0},{"not_picked":["Hologram","Reinforced Body"],"picked":"Gash","floor":28.0}],"player_experience":123336,"potions_floor_usage":[29],"damage_taken":[{"damage":2.0,"enemies":"Jaw Worm","floor":1.0,"turns":3.0},{"damage":1.0,"enemies":"Cultist","floor":4.0,"turns":3.0},{"damage":13.0,"enemies":"Lagavulin","floor":6.0,"turns":5.0},{"damage":0.0,"enemies":"2 Louse","floor":11.0,"turns":1.0},{"damage":8.0,"enemies":"Gremlin Nob","floor":12.0,"turns":3.0},{"damage":22.0,"enemies":"Slime Boss","floor":16.0,"turns":10.0},{"damage":15.0,"enemies":"Chosen","floor":18.0,"turns":5.0},{"damage":16.0,"enemies":"Shell Parasite","floor":20.0,"turns":6.0},{"damage":34.0,"enemies":"Snake Plant","floor":21.0,"turns":5.0},{"damage":39.0,"enemies":"Snecko","floor":24.0,"turns":5.0},{"damage":43.0,"enemies":"Centurion and Healer","floor":28.0,"turns":5.0},{"damage":46,"enemies":"Cultist and Chosen","floor":29,"turns":5}],"relics_obtained":[{"floor":6.0,"key":"Potion Belt"},{"floor":9.0,"key":"Symbiotic Virus"},{"floor":12.0,"key":"Matryoshka"},{"floor":26.0,"key":"Bronze Scales"},{"floor":26.0,"key":"Regal Pillow"}],"event_choices":[{"event_name":"The Woman in Blue","player_choice":"Bought 3 Potions","floor":2.0,"damage_taken":0.0},{"event_name":"Match and Keep!","player_choice":"1 cards matched","floor":3.0,"damage_taken":0.0},{"event_name":"Living Wall","player_choice":"Forget","floor":7.0,"damage_taken":0.0},{"event_name":"Golden Idol","player_choice":"Take Wound","floor":10.0,"damage_taken":0.0},{"event_name":"Wheel of Change","player_choice":"Curse","floor":22.0,"damage_taken":0.0},{"event_name":"The Mausoleum","player_choice":"Yes","floor":27.0,"damage_taken":0.0}],"boss_relics":[],"items_purged_floors":[],"potions_floor_spawned":[4,12,16,24,28],"seed_played":"6797080692471537133","killed_by":"Cultist and Chosen","ascension_level":8,"potions_obtained":[{"floor":2.0,"key":"Block Potion"},{"floor":2.0,"key":"Fire Potion"},{"floor":2.0,"key":"SpeedPotion"},{"floor":12.0,"key":"Ancient Potion"},{"floor":16.0,"key":"EntropicBrew"},{"floor":24.0,"key":"PowerPotion"},{"floor":28.0,"key":"SkillPotion"}],"is_trial":false}