{"gold_per_floor":[114,130,130,144,163,163,163,163,163,195,214,214,314,326,326,424,424,436,142,153,167,177,177,177,177,200,219,219,247,247,279,279,380,380,392,410,426,450,464,464,494,494,494,36,70,83,83,97,97,97],"floor_reached":51,"playtime":4499,"items_purged":["Strike_G","Concentrate+1"],"score":734,"play_id":"edc6bc7b-a6b7-445f-b7d0-0061199b178e","local_time":"20190408232425","is_ascension_mode":true,"campfire_choices":[{"data":"Dagger Spray","floor":6,"key":"SMITH"},{"floor":8,"key":"REST"},{"data":"Backstab","floor":12,"key":"SMITH"},{"data":"Neutralize","floor":15,"key":"SMITH"},{"floor":23,"key":"REST"},{"data":"Envenom","floor":25,"key":"SMITH"},{"floor":28,"key":"REST"},{"floor":32,"key":"REST"},{"floor":40,"key":"REST"},{"floor":42,"key":"REST"},{"data":"Jack Of All Trades","floor":47,"key":"SMITH"},{"floor":49,"key":"REST"}],"neow_cost":"NONE","seed_source_timestamp":353836027899915,"circlet_count":0,"master_deck":["Survivor","Neutralize+1","Backflip+1","Dagger Spray+1","Slice","Dagger Throw","Backstab+1","Envenom+1","Crippling Poison+1","Noxious Fumes","Endless Agony+1","Well Laid Plans+1","PiercingWail","Dagger Throw","Escape Plan","Grand Finale+1","Blur","Endless Agony+1","Glass Knife+1","Outmaneuver","Sucker Punch+1","Backstab+1","Leg Sweep","Slice+1","Panache","PiercingWail","Jack Of All Trades+1"],"relics":["Ring of the Snake","NeowsBlessing","Bottled Flame","The Courier","Busted Crown","Letter Opener","Matryoshka","Bronze Scales","Regal Pillow","Snake Skull","FaceOfCleric","Molten Egg 2","Pandora\u0027s Box","Pen Nib","War Paint","Darkstone Periapt","The Specimen","Anchor","Mercury Hourglass"],"potions_floor_usage":[16,16,31,31,50,50],"damage_taken":[{"damage":0,"enemies":"Small Slimes","floor":1,"turns":1},{"damage":0,"enemies":"2 Louse","floor":2,"turns":1},{"damage":0,"enemies":"Cultist","floor":4,"turns":1},{"damage":7,"enemies":"Looter","floor":5,"turns":4},{"damage":15,"enemies":"3 Sentries","floor":10,"turns":7},{"damage":0,"enemies":"Large Slime","floor":11,"turns":4},{"damage":0,"enemies":"Lots of Slimes","floor":14,"turns":1},{"damage":41,"enemies":"The Guardian","floor":16,"turns":17},{"damage":14,"enemies":"2 Thieves","floor":18,"turns":3},{"damage":5,"enemies":"Shell Parasite","floor":20,"turns":6},{"damage":7,"enemies":"3 Cultists","floor":21,"turns":4},{"damage":11,"enemies":"Snake Plant","floor":22,"turns":5},{"damage":9,"enemies":"Sentry and Sphere","floor":27,"turns":5},{"damage":14,"enemies":"Book of Stabbing","floor":29,"turns":6},{"damage":11,"enemies":"Slavers","floor":31,"turns":4},{"damage":30,"enemies":"Champ","floor":33,"turns":11},{"damage":17,"enemies":"3 Shapes","floor":35,"turns":4},{"damage":13,"enemies":"Orb Walker","floor":36,"turns":3},{"damage":0,"enemies":"Transient","floor":37,"turns":5},{"damage":0,"enemies":"Jaw Worm Horde","floor":39,"turns":3},{"damage":40,"enemies":"Giant Head","floor":41,"turns":8},{"damage":18,"enemies":"Reptomancer","floor":45,"turns":3},{"damage":0,"enemies":"4 Shapes","floor":46,"turns":1},{"damage":6,"enemies":"Spire Growth","floor":48,"turns":3},{"damage":41,"enemies":"Time Eater","floor":50,"turns":10}],"seed_played":"-3326379089599271307","potions_obtained":[{"floor":2,"key":"Ancient Potion"},{"floor":11,"key":"Weak Potion"},{"floor":14,"key":"LiquidBronze"},{"floor":21,"key":"Energy Potion"},{"floor":27,"key":"Block Potion"},{"floor":35,"key":"FearPotion"},{"floor":39,"key":"Weak Potion"},{"floor":45,"key":"PowerPotion"}],"is_trial":false,"path_per_floor":["M","M","?","M","M","R","?","R","T","E","M","R","?","M","R","B",null,"M","$","M","M","M","R","?","R","T","M","R","E","?","E","R","B",null,"M","M","M","T","M","R","E","R","T","$","E","M","R","M","R","B",null],"character_chosen":"THE_SILENT","items_purchased":["Noxious Fumes","Letter Opener","Panache","Anchor","PiercingWail","Jack Of All Trades"],"campfire_rested":7,"item_purchase_floors":[19,19,44,44,44,44],"current_hp_per_floor":[70,70,70,70,63,63,49,70,70,55,55,55,55,55,55,14,70,56,56,51,44,33,54,54,54,54,45,70,56,56,46,71,42,72,56,44,45,45,46,76,37,75,75,75,58,59,59,54,80,40],"gold":97,"neow_bonus":"THREE_ENEMY_KILL","is_prod":false,"is_daily":false,"chose_seed":false,"campfire_upgraded":5,"win_rate":0,"timestamp":1554780265,"path_taken":["M","M","?","M","M","R","?","R","T","E","M","R","?","M","R","BOSS","M","?","M","M","M","R","?","R","T","M","R","E","?","E","R","BOSS","M","M","?","?","M","R","E","R","T","$","E","M","R","M","R","BOSS"],"build_version":"2019-01-23","purchased_purges":2,"victory":true,"max_hp_per_floor":[70,70,70,70,70,70,70,70,70,70,70,70,70,70,70,70,70,70,70,70,70,70,70,70,70,70,70,70,70,70,71,71,72,72,73,74,75,75,76,76,77,77,77,77,78,79,79,80,80,81],"card_choices":[{"not_picked":["Quick Slash","Eviscerate"],"picked":"Backflip","floor":1},{"not_picked":["Underhanded Strike","Bouncing Flask"],"picked":"Dagger Spray","floor":2},{"not_picked":["Bouncing Flask","Concentrate"],"picked":"Slice","floor":4},{"not_picked":["Tactician","Endless Agony"],"picked":"Dagger Throw","floor":5},{"not_picked":["Flying Knee","Blur"],"picked":"Backstab","floor":10},{"not_picked":["Flying Knee","Caltrops","Dagger Throw"],"picked":"SKIP","floor":11},{"not_picked":["Dodge and Roll","Flechettes","Flying Knee"],"picked":"SKIP","floor":14},{"not_picked":["Tools of the Trade","Storm of Steel"],"picked":"Envenom","floor":16},{"not_picked":[],"picked":"Crippling Poison","floor":18},{"not_picked":[],"picked":"Endless Agony+1","floor":20},{"not_picked":[],"picked":"Well Laid Plans+1","floor":21},{"not_picked":[],"picked":"PiercingWail","floor":22},{"not_picked":[],"picked":"Dagger Throw","floor":27},{"not_picked":["Deflect"],"picked":"SKIP","floor":29},{"not_picked":["Expertise"],"picked":"SKIP","floor":31},{"not_picked":[],"picked":"Backstab+1","floor":35},{"not_picked":[],"picked":"Leg Sweep","floor":36},{"not_picked":["Caltrops"],"picked":"SKIP","floor":37},{"not_picked":["Deadly Poison"],"picked":"SKIP","floor":39},{"not_picked":[],"picked":"Slice+1","floor":41},{"not_picked":["Storm of Steel"],"picked":"SKIP","floor":45},{"not_picked":["Outmaneuver+1"],"picked":"SKIP","floor":46},{"not_picked":["Quick Slash+1"],"picked":"SKIP","floor":48}],"player_experience":101186,"relics_obtained":[{"floor":9,"key":"Bottled Flame"},{"floor":10,"key":"The Courier"},{"floor":26,"key":"Bronze Scales"},{"floor":26,"key":"Regal Pillow"},{"floor":29,"key":"Snake Skull"},{"floor":31,"key":"Molten Egg 2"},{"floor":38,"key":"Pen Nib"},{"floor":38,"key":"War Paint"},{"floor":41,"key":"Darkstone Periapt"},{"floor":43,"key":"The Specimen"},{"floor":45,"key":"Mercury Hourglass"}],"event_choices":[{"cards_removed":["Defend_G"],"damage_healed":0,"gold_gain":0,"player_choice":"Forget","damage_taken":0,"max_hp_gain":0,"max_hp_loss":0,"event_name":"Living Wall","floor":3,"gold_loss":0},{"damage_healed":0,"gold_gain":0,"player_choice":"Entered Light","damage_taken":14,"max_hp_gain":0,"max_hp_loss":0,"event_name":"Shining Light","floor":7,"gold_loss":0,"cards_upgraded":["Defend_G","Backflip"]},{"damage_healed":0,"gold_gain":100,"player_choice":"Pray","damage_taken":0,"max_hp_gain":0,"max_hp_loss":0,"event_name":"Golden Shrine","floor":13,"gold_loss":0},{"damage_healed":0,"gold_gain":0,"player_choice":"Opened","damage_taken":0,"relics_obtained":["Matryoshka"],"max_hp_gain":0,"max_hp_loss":0,"event_name":"The Mausoleum","floor":24,"gold_loss":0},{"damage_healed":0,"gold_gain":0,"player_choice":"Trade","damage_taken":0,"relics_obtained":["FaceOfCleric"],"max_hp_gain":0,"max_hp_loss":0,"event_name":"FaceTrader","floor":30,"gold_loss":0}],"is_beta":false,"boss_relics":[{"not_picked":["Snecko Eye","Lizard Tail"],"picked":"Busted Crown"},{"not_picked":["Coffee Dripper","Calling Bell"],"picked":"Pandora\u0027s Box"}],"items_purged_floors":[19,44],"is_endless":false,"potions_floor_spawned":[2,11,14,21,27,29,35,39,45,48],"ascension_level":1}