{"gold_per_floor":[116,116,29,29,48,48,48,59,140,140,165,20,37,112,112,210,210,225,225,124,124,139,139],"floor_reached":23,"playtime":973,"items_purged":[],"score":196,"play_id":"63a95a86-f582-4108-8137-231bd21ea886","local_time":"20190130041914","is_ascension_mode":true,"campfire_choices":[{"floor":6,"key":"REST"},{"data":"Scrape","floor":10,"key":"SMITH"},{"floor":15,"key":"REST"}],"neow_cost":"NONE","seed_source_timestamp":49880407242761,"circlet_count":0,"master_deck":["Strike_B","Strike_B","Strike_B","Strike_B","Defend_B","Defend_B+1","Defend_B+1","Defend_B","Zap","Dualcast","Gash","Scrape+1","Coolheaded","Gash","Streamline","Streamline","Echo Form","Go for the Eyes","Streamline"],"relics":["Cracked Core","Tiny Chest","Bronze Scales","Regal Pillow","Cursed Key"],"potions_floor_usage":[],"damage_taken":[{"damage":12,"enemies":"2 Louse","floor":1,"turns":2},{"damage":12,"enemies":"Small Slimes","floor":5,"turns":3},{"damage":0,"enemies":"Cultist","floor":8,"turns":2},{"damage":14,"enemies":"Gremlin Nob","floor":11,"turns":4},{"damage":16,"enemies":"Blue Slaver","floor":13,"turns":2},{"damage":45,"enemies":"The Guardian","floor":16,"turns":9},{"damage":18,"enemies":"3 Byrds","floor":18,"turns":3},{"damage":4,"enemies":"Chosen","floor":22,"turns":4},{"damage":39,"enemies":"Slavers","floor":23,"turns":2}],"seed_played":"6828589563089252684","potions_obtained":[{"floor":1,"key":"GamblersBrew"},{"floor":4,"key":"SpeedPotion"},{"floor":4,"key":"SteroidPotion"},{"floor":4,"key":"AttackPotion"},{"floor":13,"key":"Fire Potion"}],"is_trial":false,"path_per_floor":["M","?","$","?","M","R","?","M","T","R","E","$","M","?","R","B",null,"M","?","$","?","M","E"],"character_chosen":"DEFECT","items_purchased":["Scrape","Coolheaded","Regal Pillow","Go for the Eyes","Streamline"],"campfire_rested":2,"item_purchase_floors":[3,3,12,20,20],"current_hp_per_floor":[63,48,48,48,36,58,75,75,75,75,61,61,45,34,71,26,75,57,57,57,41,37,0],"gold":139,"neow_bonus":"THREE_CARDS","is_prod":false,"is_daily":false,"chose_seed":false,"campfire_upgraded":1,"win_rate":0,"timestamp":1548843554,"path_taken":["M","?","$","?","?","R","?","?","T","R","E","$","M","?","R","BOSS","M","?","$","?","M","E"],"build_version":"2019-01-23","purchased_purges":0,"victory":false,"max_hp_per_floor":[75,75,75,75,75,75,75,75,75,75,75,75,75,75,75,75,75,75,75,75,75,75,75],"card_choices":[{"not_picked":["Barrage","Steam"],"picked":"Gash","floor":0},{"not_picked":["Redo","Reinforced Body"],"picked":"Chaos","floor":1},{"not_picked":["Beam Cell","Loop"],"picked":"Gash","floor":5},{"not_picked":["Loop","Chaos","BootSequence"],"picked":"SKIP","floor":8},{"not_picked":["Leap","Redo"],"picked":"Streamline","floor":11},{"not_picked":["Capacitor","Rebound"],"picked":"Streamline","floor":13},{"not_picked":["Amplify","Meteor Strike"],"picked":"Echo Form","floor":16},{"not_picked":["Sweeping Beam","Cold Snap+1","Rebound"],"picked":"SKIP","floor":18},{"not_picked":["Cold Snap","Doom and Gloom","Rip and Tear+1"],"picked":"SKIP","floor":22}],"player_experience":415614,"relics_obtained":[{"floor":9,"key":"Tiny Chest"},{"floor":11,"key":"Bronze Scales"}],"event_choices":[{"damage_healed":0,"gold_gain":0,"player_choice":"Entered Light","damage_taken":15,"max_hp_gain":0,"max_hp_loss":0,"event_name":"Shining Light","floor":2,"gold_loss":0,"cards_upgraded":["Defend_B","Defend_B"]},{"damage_healed":0,"gold_gain":0,"player_choice":"Got Potions","damage_taken":0,"max_hp_gain":0,"max_hp_loss":0,"event_name":"Lab","floor":4,"gold_loss":0},{"cards_removed":["Chaos"],"damage_healed":17,"gold_gain":0,"player_choice":"Offered Uncommon","damage_taken":0,"max_hp_gain":0,"max_hp_loss":0,"event_name":"Bonfire Elementals","floor":7,"gold_loss":0},{"damage_healed":0,"gold_gain":75,"player_choice":"Gather Gold","damage_taken":11,"max_hp_gain":0,"max_hp_loss":0,"event_name":"World of Goop","floor":14,"gold_loss":0},{"damage_healed":0,"gold_gain":0,"player_choice":"Ignored","damage_taken":0,"max_hp_gain":0,"max_hp_loss":0,"event_name":"Vampires","floor":19,"gold_loss":0},{"damage_healed":0,"gold_gain":0,"player_choice":"Obtained Book","damage_taken":16,"max_hp_gain":0,"max_hp_loss":0,"event_name":"Cursed Tome","floor":21,"gold_loss":0}],"is_beta":false,"boss_relics":[{"not_picked":["Nuclear Battery","White Beast Statue"],"picked":"Cursed Key"}],"items_purged_floors":[],"is_endless":false,"potions_floor_spawned":[1,5,13],"killed_by":"Slavers","ascension_level":1}