{"path_per_floor":["M","M","M","M","M","R","E","?","T","?","M","?","E","M","R","B",null,"M","$","?","M","M","E","R","E","T","R","M","R","E","M","R","B",null,"M","M","?","$","?","E","M","E","T","$","M","?","E","M","R","B"],"character_chosen":"THE_SILENT","items_purchased":["Paper Crane","Masterful Stab","Finisher","Calipers"],"gold_per_floor":[112,122,134,148,168,168,199,199,199,199,213,213,246,257,257,359,359,378,49,49,68,87,118,118,152,175,175,189,189,216,231,231,330,330,342,353,353,225,225,254,268,303,303,16,29,29,55,70,70,70],"floor_reached":51,"campfire_rested":1,"playtime":6325,"current_hp_per_floor":[49,49,49,49,45,45,30,30,30,58,50,33,16,16,41,46,84,62,62,62,61,58,55,55,53,53,53,53,53,50,50,50,66,84,84,84,84,84,84,84,84,84,84,84,84,84,84,84,84,84],"items_purged":["Strike_G"],"gold":70,"score":796,"play_id":"64b17a86-cb74-4597-92e3-d18e63d357d9","local_time":"20180227200712","is_prod":false,"is_daily":false,"is_ascension_mode":true,"campfire_upgraded":5,"timestamp":1519790832,"path_taken":["M","M","M","M","M","R","E","?","T","?","M","?","E","M","R","BOSS","M","$","?","M","M","E","R","E","T","R","M","R","E","M","R","BOSS","M","M","?","$","?","E","M","E","T","?","?","?","E","M","R","BOSS"],"build_version":"2018-02-26-BETA1","purchased_purges":3,"victory":true,"master_deck":["Defend_G","Defend_G","Defend_G+1","Defend_G","Defend_G+1","Strike_G","Strike_G+1","Strike_G","Survivor+1","Neutralize+1","Sucker Punch+1","Slice","Flying Knee","Caltrops","Slice","A Thousand Cuts+1","Outmaneuver+1","Cloak And Dagger+1","Deflect+1","After Image+1","Masterful Stab","After Image+1","Slice+1","Concentrate+1","Expertise+1","Dodge and Roll+1","Dagger Throw","Infinite Blades","Prepared+1","Deflect+1","Finisher","PiercingWail+1","Heel Hook+1","Infinite Blades","Blur+1","Endless Agony+1"],"max_hp_per_floor":[84,84,84,84,84,84,84,84,84,84,84,84,84,84,84,84,84,84,84,84,84,84,84,84,84,84,84,84,84,84,84,84,84,84,84,84,84,84,84,84,84,84,84,84,84,84,84,84,84,84],"relics":["Ring of the Snake","Mango","Matryoshka","Pantograph","Toxic Egg 2","Unceasing Top","Philosopher\u0027s Stone","Paper Crane","Bottled Flame","War Paint","Smiling Mask","Anchor","Ice Cream","Lizard Tail","Shuriken","Peace Pipe","Thread and Needle","Calipers","Ninja Scroll"],"card_choices":[{"not_picked":["Malaise","Dodge and Roll"],"picked":"Sucker Punch"},{"not_picked":["Dagger Throw","Dagger Spray"],"picked":"Slice"},{"not_picked":["Dodge and Roll","PiercingWail"],"picked":"Flying Knee"},{"not_picked":["Blur","Concentrate"],"picked":"Caltrops"},{"not_picked":["Acrobatics","Envenom"],"picked":"Slice"},{"not_picked":["Flying Knee","Catalyst"],"picked":"A Thousand Cuts"},{"not_picked":["Backflip","Sucker Punch"],"picked":"Outmaneuver"},{"not_picked":["Sucker Punch","Bouncing Flask"],"picked":"Cloak And Dagger"},{"not_picked":["Endless Agony","Bane"],"picked":"Deflect"},{"not_picked":["Glass Knife","Night Terror"],"picked":"After Image"},{"not_picked":["Cloak And Dagger","All Out Attack"],"picked":"Slice"},{"not_picked":["Escape Plan","Prepared"],"picked":"Slice"},{"not_picked":["Dagger Throw","Dagger Spray"],"picked":"Concentrate"},{"not_picked":["Skewer","Flying Knee"],"picked":"Expertise"},{"not_picked":["Predator","Sucker Punch"],"picked":"Dodge and Roll"},{"not_picked":["Bane","Sucker Punch"],"picked":"Dagger Throw"},{"not_picked":["Dagger Throw","Acrobatics"],"picked":"Infinite Blades"},{"not_picked":["PiercingWail","Masterful Stab"],"picked":"Prepared"},{"not_picked":["Choke","All Out Attack"],"picked":"Deflect"},{"not_picked":["Dagger Throw","Dagger Spray"],"picked":"PiercingWail"},{"not_picked":["Masterful Stab","Noxious Fumes"],"picked":"Heel Hook"},{"not_picked":["Outmaneuver","Dagger Throw"],"picked":"Infinite Blades"},{"not_picked":["Acrobatics","Malaise"],"picked":"Blur"},{"not_picked":["Poisoned Stab","Glass Knife"],"picked":"Endless Agony"}],"player_experience":115531,"potions_floor_usage":[33,45,50,50],"damage_taken":[{"damage":0.0,"enemies":"Jaw Worm","floor":1.0,"turns":6.0},{"damage":0.0,"enemies":"2 Louse","floor":2.0,"turns":4.0},{"damage":0.0,"enemies":"Cultist","floor":3.0,"turns":4.0},{"damage":0.0,"enemies":"Large Slime","floor":4.0,"turns":6.0},{"damage":4.0,"enemies":"Blue Slaver","floor":5.0,"turns":4.0},{"damage":15.0,"enemies":"3 Sentries","floor":7.0,"turns":8.0},{"damage":8.0,"enemies":"Gremlin Gang","floor":11.0,"turns":5.0},{"damage":17.0,"enemies":"Lagavulin","floor":13.0,"turns":8.0},{"damage":0.0,"enemies":"Large Slime","floor":14.0,"turns":5.0},{"damage":20.0,"enemies":"The Guardian","floor":16.0,"turns":11.0},{"damage":22.0,"enemies":"Spheric Guardian","floor":18.0,"turns":4.0},{"damage":1.0,"enemies":"Shell Parasite","floor":21.0,"turns":5.0},{"damage":3.0,"enemies":"Snake Plant","floor":22.0,"turns":5.0},{"damage":3,"enemies":"Book of Stabbing","floor":23,"turns":5},{"damage":2,"enemies":"Gremlin Leader","floor":25,"turns":4},{"damage":0,"enemies":"3 Cultists","floor":28,"turns":3},{"damage":3,"enemies":"Slavers","floor":30,"turns":5},{"damage":0,"enemies":"Snake Plant","floor":31,"turns":3},{"damage":9,"enemies":"Collector","floor":33,"turns":8},{"damage":0,"enemies":"Flame Bruiser 1 Orb","floor":35,"turns":4},{"damage":0,"enemies":"3 Darklings","floor":36,"turns":3},{"damage":0,"enemies":"Nemesis","floor":40,"turns":5},{"damage":0,"enemies":"Spire Growth","floor":41,"turns":3},{"damage":0,"enemies":"Giant Head","floor":42,"turns":5},{"damage":0,"enemies":"4 Shapes","floor":45,"turns":4},{"damage":0,"enemies":"Nemesis","floor":47,"turns":5},{"damage":0,"enemies":"Maw","floor":48,"turns":5},{"damage":0,"enemies":"Donu and Deca","floor":50,"turns":6}],"event_choices":[{"event_name":"Liars Game","player_choice":"disagreed","floor":8.0,"damage_taken":0.0},{"event_name":"Big Fish","player_choice":"Banana","floor":10.0,"damage_taken":0.0},{"event_name":"Shining Light","player_choice":"Entered Light","floor":12.0,"damage_taken":0.0},{"event_name":"Duplicator","player_choice":"One dupe","floor":20.0,"damage_taken":0.0},{"event_name":"Tomb of Lord Red Mask","player_choice":"Ignored","floor":37,"damage_taken":0},{"event_name":"The Lab","player_choice":"Got Potions","floor":39,"damage_taken":0}],"boss_relics":[{"not_picked":["Runic Pyramid","The Specimen"],"picked":"Lizard Tail"}],"potions_floor_spawned":[2,11,13,21,22,25,30,40,41,45],"seed_played":"-6735949617238682132","ascension_level":1,"is_trial":false}