{"gold_per_floor":[111,129,142,107,125,125,138,138,208,208,221,295,395,411,411,542,542,557,578,592,56,56,56,87,87],"floor_reached":25,"playtime":7477,"items_purged":["Strike_B"],"score":239,"play_id":"27eeac4a-61d1-4fc5-ae83-e1c967de8c8d","local_time":"20190413122735","is_ascension_mode":true,"campfire_choices":[{"floor":6.0,"key":"REST"},{"floor":10.0,"key":"REST"},{"floor":15.0,"key":"REST"},{"floor":23,"key":"REST"}],"neow_cost":"NONE","seed_source_timestamp":0,"circlet_count":0,"master_deck":["Strike_B","Strike_B","Strike_B","Defend_B","Defend_B","Defend_B","Defend_B","Zap","Dualcast","Cold Snap","Leap","Conserve Battery","Capacitor","Static Discharge","Barrage","Lockon","Defragment+1","Cold Snap","Go for the Eyes","Biased Cognition","Leap","Consume","Genetic Algorithm+1","Electrodynamics"],"special_seed":0,"relics":["Cracked Core","Golden Idol","Darkstone Periapt","Pantograph","Sozu","Mummified Hand","HandDrill","Ginger"],"potions_floor_usage":[25],"damage_taken":[{"damage":4.0,"enemies":"2 Louse","floor":1.0,"turns":3.0},{"damage":0.0,"enemies":"Cultist","floor":2.0,"turns":3.0},{"damage":3.0,"enemies":"Jaw Worm","floor":3.0,"turns":3.0},{"damage":30.0,"enemies":"Exordium Thugs","floor":4.0,"turns":6.0},{"damage":1.0,"enemies":"2 Fungi Beasts","floor":5.0,"turns":5.0},{"damage":10.0,"enemies":"Red Slaver","floor":7.0,"turns":4.0},{"damage":12.0,"enemies":"3 Louse","floor":11.0,"turns":4.0},{"damage":20.0,"enemies":"Gremlin Nob","floor":12.0,"turns":4.0},{"damage":7.0,"enemies":"2 Fungi Beasts","floor":14.0,"turns":4.0},{"damage":22.0,"enemies":"Hexaghost","floor":16.0,"turns":10.0},{"damage":15,"enemies":"3 Byrds","floor":18,"turns":2},{"damage":2,"enemies":"Chosen","floor":19,"turns":4},{"damage":41,"enemies":"Shelled Parasite and Fungi","floor":20,"turns":6},{"damage":27,"enemies":"Book of Stabbing","floor":24,"turns":9},{"damage":12,"enemies":"Centurion and Healer","floor":25,"turns":2}],"seed_played":"246093491214345010","potions_obtained":[{"floor":4.0,"key":"PowerPotion"},{"floor":7.0,"key":"Dexterity Potion"},{"floor":11.0,"key":"PowerPotion"},{"floor":16.0,"key":"Fire Potion"}],"is_trial":false,"path_per_floor":["M","M","M","M","M","R","M","?","T","R","M","?","?","M","R","B",null,"M","M","M","$","?","R","E","M"],"character_chosen":"DEFECT","items_purchased":["Mummified Hand","HandDrill"],"campfire_rested":4,"item_purchase_floors":[21,21],"current_hp_per_floor":[71,71,68,38,37,59,49,31,31,53,41,21,21,14,36,39,75,60,58,17,17,17,39,12,0],"gold":87,"neow_bonus":"THREE_CARDS","is_prod":false,"is_daily":false,"chose_seed":false,"campfire_upgraded":0,"win_rate":0,"timestamp":1555172855,"path_taken":["M","M","M","M","M","R","M","?","T","R","M","?","?","M","R","BOSS","M","M","M","$","?","R","E","?"],"build_version":"2019-01-23","purchased_purges":1,"victory":false,"max_hp_per_floor":[75,75,75,75,75,75,75,75,75,75,75,75,75,75,75,75,75,75,75,75,75,75,75,75,75],"card_choices":[{"not_picked":["Steam","Sweeping Beam"],"picked":"Cold Snap","floor":0.0},{"not_picked":["Redo","Streamline"],"picked":"Leap","floor":1.0},{"not_picked":["Melter","Streamline"],"picked":"Conserve Battery","floor":2.0},{"not_picked":["Barrage","Rip and Tear"],"picked":"Capacitor","floor":3.0},{"not_picked":["Gash","Turbo"],"picked":"Static Discharge","floor":4.0},{"not_picked":["Ball Lightning","Rebound"],"picked":"Barrage","floor":5.0},{"not_picked":["Reinforced Body","Rip and Tear"],"picked":"Lockon","floor":7.0},{"not_picked":["Melter","Recycle"],"picked":"Defragment","floor":11.0},{"not_picked":["Chill","Beam Cell"],"picked":"Cold Snap","floor":12.0},{"not_picked":["Coolheaded","Cold Snap"],"picked":"Go for the Eyes","floor":14.0},{"not_picked":["Meteor Strike","Fission"],"picked":"Biased Cognition","floor":16.0},{"not_picked":["Barrage","Heatsinks"],"picked":"Leap","floor":18},{"not_picked":["Melter","Beam Cell"],"picked":"Consume","floor":19},{"not_picked":["Beam Cell","Streamline"],"picked":"Genetic Algorithm+1","floor":20},{"not_picked":["Hologram","Gash+1"],"picked":"Electrodynamics","floor":24}],"player_experience":134803,"relics_obtained":[{"floor":9.0,"key":"Darkstone Periapt"},{"floor":12.0,"key":"Pantograph"},{"floor":24,"key":"Ginger"}],"event_choices":[{"damage_healed":0.0,"max_hp_gain":0.0,"max_hp_loss":0.0,"gold_gain":0.0,"event_name":"Golden Idol","player_choice":"Take Damage","floor":8.0,"gold_loss":0.0,"damage_taken":18.0,"relics_obtained":["Golden Idol"]},{"damage_healed":0.0,"max_hp_gain":0.0,"max_hp_loss":0.0,"gold_gain":30.0,"event_name":"Dead Adventurer","player_choice":"Searched \u00272\u0027 times","floor":12.0,"gold_loss":0.0,"damage_taken":0.0},{"damage_healed":0.0,"max_hp_gain":0.0,"max_hp_loss":0.0,"gold_gain":100.0,"event_name":"Golden Shrine","player_choice":"Pray","floor":13.0,"gold_loss":0.0,"damage_taken":0.0},{"damage_healed":0,"gold_gain":0,"player_choice":"Forge","damage_taken":0,"max_hp_gain":0,"max_hp_loss":0,"event_name":"Accursed Blacksmith","floor":22,"gold_loss":0,"cards_upgraded":["Defragment"]}],"is_beta":false,"boss_relics":[{"not_picked":["White Beast Statue","Runic Dome"],"picked":"Sozu"}],"items_purged_floors":[21],"is_endless":false,"potions_floor_spawned":[4,7,11,16,18],"killed_by":"Centurion and Healer","ascension_level":2}