{"gold_per_floor":[116,128,58,68,80,110,110,145,145,70,70,83,96,108,108,210,210,221,239,6,106,106,106,106,117,117,133,133,158,6,6],"floor_reached":31,"playtime":1483,"items_purged":["Aggregate"],"score":380,"play_id":"ec7bbcde-45cc-4081-b5c7-0d912e45af87","local_time":"20190210005635","is_ascension_mode":true,"campfire_choices":[{"floor":7,"key":"RECALL"},{"floor":11,"key":"REST"},{"data":"Buffer","floor":15,"key":"SMITH"},{"floor":23,"key":"REST"}],"neow_cost":"NONE","seed_source_timestamp":384114382524084,"circlet_count":0,"master_deck":["Sunder","Reprogram+1","Melter","Sunder","Sunder","Conserve Battery+1","Beam Cell","Gash","Self Repair","Glacier","Beam Cell","Buffer+1","Self Repair","Rebound","Reboot","Double Energy+1","Chaos+1","Auto Shields+1","Rebound+1","Beam Cell","Undo","Hologram+1","Skim","Creative AI"],"relics":["Pandora\u0027s Box","Strawberry","Lantern","Astrolabe","Regal Pillow","Peace Pipe","Bottled Tornado","Blue Candle","NlothsMask","Potion Belt","War Paint"],"potions_floor_usage":[5,6,12,16,19,21,29,29],"damage_taken":[{"damage":6,"enemies":"Cultist","floor":1,"turns":3},{"damage":1,"enemies":"Small Slimes","floor":2,"turns":2},{"damage":0,"enemies":"2 Louse","floor":4,"turns":1},{"damage":19,"enemies":"Exordium Thugs","floor":5,"turns":3},{"damage":0,"enemies":"3 Sentries","floor":6,"turns":4},{"damage":16,"enemies":"Gremlin Nob","floor":8,"turns":3},{"damage":11,"enemies":"Looter","floor":12,"turns":2},{"damage":9,"enemies":"2 Fungi Beasts","floor":13,"turns":2},{"damage":5,"enemies":"3 Louse","floor":14,"turns":3},{"damage":7,"enemies":"Slime Boss","floor":16,"turns":7},{"damage":28,"enemies":"Shell Parasite","floor":18,"turns":3},{"damage":0,"enemies":"2 Thieves","floor":19,"turns":2},{"damage":14,"enemies":"Colosseum Slavers","floor":21,"turns":4},{"damage":22,"enemies":"Colosseum Nobs","floor":21,"turns":6},{"damage":0,"enemies":"Sentry and Sphere","floor":25,"turns":3},{"damage":19,"enemies":"Shelled Parasite and Fungi","floor":27,"turns":4},{"damage":32,"enemies":"Book of Stabbing","floor":29,"turns":4},{"damage":42,"enemies":"Slavers","floor":31,"turns":5}],"seed_played":"3664283951077263814","potions_obtained":[{"floor":1,"key":"AttackPotion"},{"floor":5,"key":"PowerPotion"},{"floor":8,"key":"FocusPotion"},{"floor":13,"key":"GamblersBrew"},{"floor":14,"key":"Explosive Potion"},{"floor":18,"key":"Explosive Potion"},{"floor":25,"key":"Energy Potion"},{"floor":27,"key":"FearPotion"}],"is_trial":false,"path_per_floor":["M","M","$","M","M","E","R","E","T","$","R","M","M","M","R","B",null,"M","M","$","?","?","R","?","M","T","M","$","E","$","E"],"character_chosen":"DEFECT","items_purchased":["Self Repair","Undo","Regal Pillow","War Paint"],"campfire_rested":2,"item_purchase_floors":[3,20,20,30],"current_hp_per_floor":[62,61,61,61,49,63,63,47,47,47,71,60,65,74,74,81,82,54,54,54,39,39,78,78,82,82,77,77,52,52,10],"gold":6,"neow_bonus":"BOSS_RELIC","is_prod":false,"is_daily":false,"chose_seed":false,"campfire_upgraded":1,"win_rate":0,"timestamp":1549781795,"path_taken":["M","M","$","M","M","E","R","E","T","?","R","M","M","M","R","BOSS","M","M","$","?","?","R","?","M","T","?","?","E","$","E"],"build_version":"2019-01-23","purchased_purges":1,"victory":false,"max_hp_per_floor":[75,75,75,75,75,82,82,82,82,82,82,82,82,82,82,82,82,82,82,82,82,82,82,82,82,82,82,82,82,82,82],"card_choices":[{"not_picked":["Hologram","Storm"],"picked":"Beam Cell","floor":1},{"not_picked":["Scrape","Streamline"],"picked":"Gash","floor":2},{"not_picked":["Streamline","Barrage"],"picked":"Glacier","floor":4},{"not_picked":["Cold Snap","Redo"],"picked":"Beam Cell","floor":5},{"not_picked":["Coolheaded","Hello World","Streamline"],"picked":"SKIP","floor":6},{"not_picked":["Blizzard","Steam"],"picked":"Buffer","floor":8},{"not_picked":["Go for the Eyes","Hologram"],"picked":"Self Repair","floor":12},{"not_picked":["Steam","Tempest"],"picked":"Rebound","floor":13},{"not_picked":["Rip and Tear","Doom and Gloom","Sweeping Beam"],"picked":"SKIP","floor":14},{"not_picked":["Buffer","Thunder Strike"],"picked":"Reboot","floor":16},{"not_picked":["Streamline","Turbo"],"picked":"Rebound+1","floor":18},{"not_picked":["Darkness","Loop"],"picked":"Beam Cell","floor":19},{"not_picked":["Sweeping Beam","Skim"],"picked":"Hologram+1","floor":21},{"not_picked":["Barrage","Cold Snap"],"picked":"Skim","floor":25},{"not_picked":["Tempest","Leap","Consume"],"picked":"SKIP","floor":27},{"not_picked":["Chaos","Hologram"],"picked":"Creative AI","floor":29}],"player_experience":468306,"relics_obtained":[{"floor":6,"key":"Strawberry"},{"floor":8,"key":"Lantern"},{"floor":21,"key":"Peace Pipe"},{"floor":21,"key":"Bottled Tornado"},{"floor":29,"key":"Potion Belt"}],"event_choices":[{"damage_healed":0,"gold_gain":0,"player_choice":"Fight","damage_taken":0,"max_hp_gain":0,"max_hp_loss":0,"event_name":"Colosseum","floor":21,"gold_loss":0},{"damage_healed":0,"gold_gain":0,"player_choice":"Fought Nobs","damage_taken":0,"max_hp_gain":0,"max_hp_loss":0,"event_name":"Colosseum","floor":21,"gold_loss":0},{"damage_healed":0,"gold_gain":0,"player_choice":"Opened","damage_taken":0,"relics_obtained":["Blue Candle"],"max_hp_gain":0,"max_hp_loss":0,"event_name":"The Mausoleum","floor":22,"gold_loss":0},{"damage_healed":0,"gold_gain":0,"player_choice":"Trade","damage_taken":0,"relics_obtained":["NlothsMask"],"max_hp_gain":0,"max_hp_loss":0,"event_name":"FaceTrader","floor":24,"gold_loss":0}],"is_beta":false,"boss_relics":[{"not_picked":["Fusion Hammer","Runic Dome"],"picked":"Astrolabe"}],"items_purged_floors":[10],"is_endless":false,"potions_floor_spawned":[1,5,8,13,14,18,25,27],"killed_by":"Slavers","ascension_level":6}