{"gold_per_floor":[359,113,63,75,87,87,101,1,1,16,43,43,43,43,43,144,144,99,99,99,99,99],"floor_reached":22,"playtime":1048,"items_purged":["Parasite","Defend_R"],"score":191,"play_id":"6a45cc1e-1b7d-40ea-a489-4c358ac9e5f0","local_time":"20181029005053","is_ascension_mode":true,"campfire_choices":[{"data":"Secret Weapon","floor":6,"key":"SMITH"},{"floor":15,"key":"REST"}],"neow_cost":"CURSE","seed_source_timestamp":199605073225943,"circlet_count":0,"master_deck":["Strike_R","Strike_R","Strike_R","Strike_R","Defend_R","Defend_R","Defend_R","Bash","Pommel Strike","Secret Weapon+1","Flame Barrier","Clash","Warcry","Clash","Demon Form","Spot Weakness+1","Perfected Strike","Writhe"],"relics":["Burning Blood","Boot","Blue Candle","GremlinMask","Toxic Egg 2","Ectoplasm","Vajra"],"potions_floor_usage":[10,16,20],"damage_taken":[{"damage":6,"enemies":"Cultist","floor":1,"turns":3},{"damage":12,"enemies":"Jaw Worm","floor":4,"turns":3},{"damage":0,"enemies":"Small Slimes","floor":5,"turns":2},{"damage":11,"enemies":"Looter","floor":7,"turns":2},{"damage":4,"enemies":"Red Slaver","floor":10,"turns":3},{"damage":44,"enemies":"Lagavulin Event","floor":11,"turns":6},{"damage":58,"enemies":"The Guardian","floor":16,"turns":12},{"damage":28,"enemies":"2 Thieves","floor":18,"turns":4},{"damage":10,"enemies":"3 Byrds","floor":19,"turns":2},{"damage":34,"enemies":"Colosseum Slavers","floor":20,"turns":3},{"damage":24,"enemies":"Sentry and Sphere","floor":22,"turns":3}],"seed_played":"-152324076892107779","potions_obtained":[{"floor":4,"key":"BloodPotion"},{"floor":5,"key":"Explosive Potion"},{"floor":7,"key":"GamblersBrew"},{"floor":16,"key":"Swift Potion"}],"is_trial":false,"path_per_floor":["M","$","?","M","M","R","M","$","T","M","?","?","$","T","R","B",null,"M","M","?","?"],"character_chosen":"IRONCLAD","items_purchased":["Secret Weapon"],"campfire_rested":1,"item_purchase_floors":[2],"current_hp_per_floor":[80,77,77,71,77,77,72,72,72,74,36,36,36,36,59,14,77,55,51,23,23,0],"gold":99,"neow_bonus":"TWO_FIFTY_GOLD","is_prod":false,"is_daily":false,"chose_seed":false,"campfire_upgraded":1,"win_rate":0,"timestamp":1540792253,"path_taken":["M","$","?","M","M","R","M","$","T","M","?","?","?","?","R","BOSS","M","M","?","?","?"],"build_version":"2018-10-25v2","purchased_purges":2,"victory":false,"max_hp_per_floor":[80,77,77,77,77,77,77,77,77,77,77,77,77,77,77,77,77,77,77,77,77,77],"card_choices":[{"not_picked":["Shrug It Off","Headbutt"],"picked":"Pommel Strike","floor":1},{"not_picked":["Armaments","Dropkick","True Grit"],"picked":"SKIP","floor":4},{"not_picked":["Shockwave","Intimidate"],"picked":"Flame Barrier","floor":5},{"not_picked":["Whirlwind","Rage"],"picked":"Clash","floor":7},{"not_picked":["Reaper","Cleave"],"picked":"Warcry","floor":10},{"not_picked":["Bloodletting","Disarm"],"picked":"Clash","floor":11},{"not_picked":["Fiend Fire","Limit Break+1"],"picked":"Demon Form","floor":16},{"not_picked":["Perfected Strike+1","Warcry+1"],"picked":"Spot Weakness+1","floor":18},{"not_picked":["Entrench+1","Cleave"],"picked":"Perfected Strike","floor":19}],"player_experience":217309,"relics_obtained":[{"floor":9,"key":"Boot"},{"floor":14,"key":"Toxic Egg 2"}],"event_choices":[{"cards_removed":["Strike_R"],"damage_healed":0,"gold_gain":0,"player_choice":"Card Removal","damage_taken":0,"max_hp_gain":0,"max_hp_loss":0,"event_name":"The Cleric","floor":3,"gold_loss":50},{"damage_healed":0,"gold_gain":30,"player_choice":"Searched \u00273\u0027 times","damage_taken":0,"relics_obtained":["Blue Candle"],"max_hp_gain":0,"max_hp_loss":0,"event_name":"Dead Adventurer","floor":11,"gold_loss":0},{"damage_healed":0,"gold_gain":0,"player_choice":"Trade","damage_taken":0,"relics_obtained":["GremlinMask"],"max_hp_gain":0,"max_hp_loss":0,"event_name":"FaceTrader","floor":12,"gold_loss":0},{"damage_healed":0,"gold_gain":0,"player_choice":"Fight","damage_taken":0,"max_hp_gain":0,"max_hp_loss":0,"event_name":"Colosseum","floor":20,"gold_loss":0},{"damage_healed":0,"gold_gain":0,"player_choice":"Fled From Nobs","damage_taken":0,"max_hp_gain":0,"max_hp_loss":0,"event_name":"Colosseum","floor":20,"gold_loss":0},{"damage_healed":0,"gold_gain":0,"player_choice":"Opened","damage_taken":0,"relics_obtained":["Vajra"],"max_hp_gain":0,"max_hp_loss":0,"event_name":"The Mausoleum","floor":21,"gold_loss":0,"cards_obtained":["Writhe"]}],"is_beta":false,"boss_relics":[{"not_picked":["Empty Cage","Mark of Pain"],"picked":"Ectoplasm"}],"items_purged_floors":[2,8],"is_endless":false,"potions_floor_spawned":[4,5,7,16,20],"killed_by":"Sentry and Sphere","ascension_level":2}