{"gold_per_floor":[17,92,92,108,121,148,148,179,179,179],"floor_reached":10,"playtime":344,"items_purged":[],"score":152,"play_id":"30bf4f8a-61cb-4bd0-9507-c32457e21a8c","local_time":"20190413221719","is_ascension_mode":true,"campfire_choices":[{"floor":7,"key":"REST"}],"neow_cost":"NO_GOLD","seed_source_timestamp":25030394061977,"circlet_count":0,"master_deck":["AscendersBane","Strike_B","Strike_B","Strike_B","Defend_B","Defend_B","Defend_B","Defend_B","Zap","Dualcast","Leap","Go for the Eyes","Rainbow","Ball Lightning"],"relics":["Cracked Core","StoneCalendar","Bag of Preparation","Symbiotic Virus","Oddly Smooth Stone"],"potions_floor_usage":[6,6],"damage_taken":[{"damage":10,"enemies":"Small Slimes","floor":1,"turns":3},{"damage":2,"enemies":"Jaw Worm","floor":4,"turns":5},{"damage":0,"enemies":"Cultist","floor":5,"turns":3},{"damage":29,"enemies":"Gremlin Nob","floor":6,"turns":4},{"damage":32,"enemies":"Lagavulin","floor":8,"turns":7},{"damage":0,"enemies":"Lots of Slimes","floor":10,"turns":1}],"seed_played":"-6576238978028542343","potions_obtained":[{"floor":4,"key":"PowerPotion"},{"floor":5,"key":"Energy Potion"}],"is_trial":false,"path_per_floor":["M","?","?","M","M","E","R","E","T","M"],"character_chosen":"DEFECT","items_purchased":[],"campfire_rested":1,"item_purchase_floors":[],"current_hp_per_floor":[54,43,43,41,41,12,33,1,1,1],"gold":179,"neow_bonus":"ONE_RARE_RELIC","is_prod":false,"is_daily":false,"chose_seed":false,"campfire_upgraded":0,"win_rate":0,"timestamp":1555186639,"path_taken":["M","?","?","M","M","E","R","E","T","?"],"build_version":"2019-04-04","purchased_purges":0,"victory":false,"max_hp_per_floor":[71,71,71,71,71,71,71,71,71,71],"card_choices":[{"not_picked":["Undo","Scrape"],"picked":"Leap","floor":1},{"not_picked":["Redo","Barrage"],"picked":"Go for the Eyes","floor":4},{"not_picked":["Heatsinks","Turbo","Blizzard"],"picked":"SKIP","floor":5},{"not_picked":["Chill","Coolheaded"],"picked":"Rainbow","floor":6},{"not_picked":["Reprogram","Stack"],"picked":"Ball Lightning","floor":8}],"player_experience":1120057,"relics_obtained":[{"floor":6,"key":"Bag of Preparation"},{"floor":8,"key":"Symbiotic Virus"},{"floor":9,"key":"Oddly Smooth Stone"}],"event_choices":[{"damage_healed":0,"gold_gain":75,"player_choice":"Gather Gold","damage_taken":11,"max_hp_gain":0,"max_hp_loss":0,"event_name":"World of Goop","floor":2,"gold_loss":0},{"cards_removed":["Strike_B"],"damage_healed":0,"gold_gain":0,"player_choice":"Offered Basic","damage_taken":0,"max_hp_gain":0,"max_hp_loss":0,"event_name":"Bonfire Elementals","floor":3,"gold_loss":0}],"is_beta":true,"boss_relics":[],"items_purged_floors":[],"is_endless":false,"potions_floor_spawned":[4,5],"killed_by":"Lots of Slimes","ascension_level":20}