{"gold_per_floor":[111,126,201,17,17,48,48,76,76,76,76,95,95,107,107,211,211,224,224,239,44,314,314,94,111,185,202,202,230,230,230,230,326,326,344,101,101,120,137,137,148,148,148,166,166,41,54,54,54,54],"floor_reached":51,"playtime":8185,"items_purged":["Infinite Blades","Caltrops"],"score":884,"play_id":"2f72d325-cb4b-460d-bfd6-3918ab6e0376","local_time":"20190326214557","is_ascension_mode":true,"campfire_choices":[{"floor":7.0,"key":"REST"},{"data":"Adrenaline","floor":10.0,"key":"SMITH"},{"data":"Noxious Fumes","floor":13.0,"key":"SMITH"},{"data":"Predator","floor":15.0,"key":"SMITH"},{"floor":23.0,"key":"REST"},{"floor":28.0,"key":"REST"},{"data":"Blade Dance","floor":30.0,"key":"SMITH"},{"data":"Accuracy","floor":32.0,"key":"SMITH"},{"data":"Night Terror","floor":40.0,"key":"SMITH"},{"floor":49.0,"key":"REST"}],"neow_cost":"NONE","seed_source_timestamp":1039876350304613,"circlet_count":0,"master_deck":["Survivor+1","Adrenaline+1","Predator+1","Concentrate","Expertise+1","Well Laid Plans","Noxious Fumes+1","Leg Sweep","PiercingWail","Accuracy","Slice","Bouncing Flask","Dodge and Roll+1","Noxious Fumes","Cloak And Dagger","Malaise","PiercingWail","Concentrate","Deadly Poison","Underhanded Strike+1","Die Die Die","PiercingWail","Accuracy+1","Blade Dance+1","Trip","Flying Knee+1","Concentrate","Eviscerate+1","Night Terror+1","Bouncing Flask+1","Poisoned Stab+1","Madness","Madness","Cloak And Dagger+1","Underhanded Strike+1","Deflect+1","PanicButton","Finisher+1","Night Terror","Concentrate","Backstab+1"],"special_seed":0,"relics":["Pandora\u0027s Box","War Paint","Unceasing Top","Anchor","Bottled Tornado","Question Card","Philosopher\u0027s Stone","Blue Candle","Molten Egg 2","WristBlade","Kunai"],"potions_floor_usage":[50],"damage_taken":[{"damage":0.0,"enemies":"Jaw Worm","floor":1.0,"turns":4.0},{"damage":7.0,"enemies":"Small Slimes","floor":2.0,"turns":2.0},{"damage":12.0,"enemies":"Gremlin Nob","floor":6.0,"turns":3.0},{"damage":4.0,"enemies":"Lagavulin","floor":8.0,"turns":4.0},{"damage":0.0,"enemies":"2 Louse","floor":12.0,"turns":2.0},{"damage":0.0,"enemies":"Red Slaver","floor":14.0,"turns":3.0},{"damage":0.0,"enemies":"Hexaghost","floor":16.0,"turns":7.0},{"damage":0.0,"enemies":"Spheric Guardian","floor":18.0,"turns":4.0},{"damage":0.0,"enemies":"Shell Parasite","floor":20.0,"turns":3.0},{"damage":15.0,"enemies":"Centurion and Healer","floor":25.0,"turns":4.0},{"damage":3.0,"enemies":"Shelled Parasite and Fungi","floor":27.0,"turns":4.0},{"damage":0.0,"enemies":"Gremlin Leader","floor":29.0,"turns":3.0},{"damage":17.0,"enemies":"Collector","floor":33.0,"turns":6.0},{"damage":1.0,"enemies":"3 Shapes","floor":35.0,"turns":3.0},{"damage":2.0,"enemies":"Orb Walker","floor":38.0,"turns":3.0},{"damage":0.0,"enemies":"Writhing Mass","floor":39.0,"turns":3.0},{"damage":23.0,"enemies":"Transient","floor":41.0,"turns":4.0},{"damage":4.0,"enemies":"4 Shapes","floor":44.0,"turns":3.0},{"damage":17.0,"enemies":"Writhing Mass","floor":47.0,"turns":5.0},{"damage":0.0,"enemies":"Maw","floor":48.0,"turns":4.0},{"damage":35,"enemies":"Donu and Deca","floor":50,"turns":8}],"seed_played":"-4999863681995932589","potions_obtained":[{"floor":2.0,"key":"Explosive Potion"},{"floor":6.0,"key":"Ancient Potion"},{"floor":8.0,"key":"FearPotion"},{"floor":27.0,"key":"Explosive Potion"},{"floor":29.0,"key":"SkillPotion"},{"floor":33.0,"key":"FearPotion"},{"floor":35.0,"key":"SteroidPotion"},{"floor":41.0,"key":"Explosive Potion"},{"floor":47.0,"key":"SmokeBomb"}],"is_trial":false,"path_per_floor":["M","M","?","$","?","E","R","E","T","R","?","M","R","M","R","B",null,"M","?","M","$","?","R","$","M","T","M","R","E","R","?","R","B",null,"M","$","?","M","M","R","M","?","T","M","?","$","M","M","R","B",null],"character_chosen":"THE_SILENT","items_purchased":["War Paint","Infinite Blades","Die Die Die","PiercingWail","Accuracy","Blade Dance","Trip","FairyPotion","Poisoned Stab+1","Concentrate","AttackPotion"],"campfire_rested":4,"item_purchase_floors":[4,4,21,21,24,24,24,36,36,46,46],"current_hp_per_floor":[70,63,52,52,40,28,49,45,45,45,45,45,45,45,45,45,70,70,70,70,70,28,49,49,34,34,31,52,52,52,52,52,35,70,69,69,60,58,58,58,35,35,35,31,31,31,14,14,35,7],"gold":54,"neow_bonus":"BOSS_RELIC","is_prod":false,"is_daily":false,"chose_seed":false,"campfire_upgraded":6,"win_rate":0,"timestamp":1553661957,"path_taken":["M","M","?","$","?","E","R","E","T","R","?","?","R","M","R","BOSS","M","?","M","$","?","R","$","?","T","M","R","E","R","?","R","BOSS","M","$","?","M","M","R","M","?","T","?","?","$","M","?","R","BOSS"],"build_version":"2019-01-23","purchased_purges":2,"victory":true,"max_hp_per_floor":[70,70,70,70,70,70,70,70,70,70,70,70,70,70,70,70,70,70,70,70,70,70,70,70,70,70,70,70,70,70,70,70,70,70,70,70,70,70,70,70,70,70,70,70,70,70,70,70,70,70],"card_choices":[{"not_picked":["Acrobatics","Concentrate"],"picked":"Caltrops","floor":1.0},{"not_picked":["Dagger Spray","Outmaneuver"],"picked":"Slice","floor":2.0},{"not_picked":["Malaise","Deadly Poison"],"picked":"Bouncing Flask","floor":6.0},{"not_picked":["Malaise","Dagger Spray"],"picked":"Dodge and Roll","floor":8.0},{"not_picked":["Escape Plan","Bane","Prepared"],"picked":"Noxious Fumes","floor":12.0},{"not_picked":["Blade Dance","Sucker Punch","Distraction"],"picked":"Cloak And Dagger","floor":14.0},{"not_picked":["Wraith Form v2","Venomology","Glass Knife"],"picked":"Malaise","floor":16.0},{"not_picked":["Accuracy","Deflect","Reflex"],"picked":"PiercingWail","floor":18.0},{"not_picked":["Dodge and Roll","Slice","Well Laid Plans"],"picked":"Underhanded Strike+1","floor":20.0},{"not_picked":["Backflip","Blur","Prepared"],"picked":"Endless Agony","floor":25.0},{"not_picked":["Blade Dance","Expertise","Backflip"],"picked":"Flying Knee+1","floor":27.0},{"not_picked":["Choke","Eviscerate","Deadly Poison"],"picked":"Concentrate","floor":29.0},{"not_picked":["Storm of Steel","Grand Finale+1","Venomology"],"picked":"Night Terror","floor":33.0},{"not_picked":["Backflip","Riddle With Holes+1","Tactician+1"],"picked":"Bouncing Flask+1","floor":35.0},{"not_picked":["Blade Dance+1","Dagger Throw+1","Acrobatics+1"],"picked":"Cloak And Dagger+1","floor":38.0},{"not_picked":["Masterful Stab+1","Cloak And Dagger+1","Dash+1"],"picked":"Underhanded Strike+1","floor":39.0},{"not_picked":["Poisoned Stab+1","Blade Dance","Cloak And Dagger+1"],"picked":"Deflect+1","floor":41.0},{"not_picked":["Chrysalis","Blind","Panacea"],"picked":"PanicButton","floor":42.0},{"not_picked":["Sucker Punch+1","Underhanded Strike+1","Deadly Poison+1"],"picked":"Finisher+1","floor":44.0},{"not_picked":["Cloak And Dagger","Sucker Punch+1","Poisoned Stab+1"],"picked":"Backstab+1","floor":47.0}],"player_experience":239945,"relics_obtained":[{"floor":6.0,"key":"Anchor"},{"floor":8.0,"key":"Bottled Tornado"},{"floor":9.0,"key":"Question Card"},{"floor":26.0,"key":"Blue Candle"},{"floor":29.0,"key":"Molten Egg 2"},{"floor":43.0,"key":"Kunai"}],"event_choices":[{"damage_healed":0.0,"max_hp_gain":0.0,"max_hp_loss":0.0,"gold_gain":75.0,"event_name":"World of Goop","player_choice":"Gather Gold","floor":3.0,"gold_loss":0.0,"damage_taken":11.0},{"damage_healed":0.0,"max_hp_gain":0.0,"max_hp_loss":0.0,"gold_gain":0.0,"event_name":"Scrap Ooze","player_choice":"Success","floor":5.0,"gold_loss":0.0,"damage_taken":12.0,"relics_obtained":["Unceasing Top"]},{"damage_healed":0.0,"max_hp_gain":0.0,"max_hp_loss":0.0,"gold_gain":0.0,"event_name":"Accursed Blacksmith","player_choice":"Forge","floor":11.0,"gold_loss":0.0,"damage_taken":0.0,"cards_upgraded":["Dodge and Roll"]},{"damage_healed":0.0,"max_hp_gain":0.0,"max_hp_loss":0.0,"gold_gain":0.0,"cards_transformed":["Neutralize","Unload"],"event_name":"Drug Dealer","player_choice":"Became Test Subject","floor":19.0,"gold_loss":0.0,"damage_taken":0.0,"cards_obtained":["Concentrate","Deadly Poison"]},{"damage_healed":0.0,"max_hp_gain":0.0,"max_hp_loss":0.0,"gold_gain":270.0,"event_name":"Knowing Skull","player_choice":"GOLD GOLD GOLD POTION POTION ","floor":22.0,"potions_obtained":["EntropicBrew","SkillPotion"],"gold_loss":0.0,"damage_taken":42.0,"cards_obtained":[]},{"damage_healed":0.0,"max_hp_gain":0.0,"max_hp_loss":0.0,"gold_gain":0.0,"cards_transformed":["Endless Agony"],"event_name":"Transmorgrifier","player_choice":"Transformed","floor":31.0,"gold_loss":0.0,"damage_taken":0.0,"cards_obtained":["Eviscerate"]},{"damage_healed":0.0,"max_hp_gain":0.0,"max_hp_loss":0.0,"gold_gain":0.0,"event_name":"Winding Halls","player_choice":"Embrace Madness","floor":37.0,"gold_loss":0.0,"damage_taken":9.0,"cards_obtained":["Madness","Madness"]},{"damage_healed":0.0,"max_hp_gain":0.0,"max_hp_loss":0.0,"gold_gain":0.0,"event_name":"SensoryStone","player_choice":"Memory 1","floor":42.0,"gold_loss":0.0,"damage_taken":0.0},{"damage_healed":0.0,"max_hp_gain":0.0,"max_hp_loss":0.0,"gold_gain":0.0,"event_name":"Match and Keep!","player_choice":"1 cards matched","floor":45.0,"gold_loss":0.0,"damage_taken":0.0,"cards_obtained":["Night Terror"]}],"is_beta":false,"boss_relics":[{"not_picked":["Cursed Key","Astrolabe"],"picked":"Philosopher\u0027s Stone"},{"not_picked":["Eternal Feather","Runic Pyramid"],"picked":"WristBlade"}],"items_purged_floors":[21,36],"is_endless":false,"potions_floor_spawned":[2,6,8,27,29,33,35,41,47],"ascension_level":3}