{"gold_per_floor":[114,114,114,28,39,67,80,107,156,168,184,202,202,202,202,302,302,321,334,30,30],"floor_reached":21,"playtime":848,"items_purged":[],"score":259,"play_id":"262bfd7b-a2ff-447a-a09d-41320e894979","local_time":"20181029210222","is_ascension_mode":true,"campfire_choices":[{"data":"White Noise","floor":13,"key":"SMITH"},{"floor":15,"key":"REST"}],"neow_cost":"NONE","seed_source_timestamp":67862903711452,"circlet_count":0,"master_deck":["Strike_B","Strike_B+1","Strike_B","Strike_B","Defend_B+1","Defend_B","Defend_B","Defend_B","Zap","Dualcast","Hologram","Static Discharge","Hologram","Compile Driver","White Noise+1","Cold Snap","Amplify","Cold Snap","Cold Snap","White Noise","Rainbow","Skim","Coolheaded+1"],"relics":["Cracked Core","NeowsBlessing","Mercury Hourglass","Kunai","Art of War","Bottled Flame","Bag of Marbles","White Beast Statue","Bird Faced Urn"],"potions_floor_usage":[7,8,8,8,8,8,12,12,12,16,16,21],"damage_taken":[{"damage":0,"enemies":"Small Slimes","floor":1,"turns":1},{"damage":0,"enemies":"2 Louse","floor":5,"turns":1},{"damage":0,"enemies":"Gremlin Nob","floor":6,"turns":1},{"damage":1,"enemies":"Jaw Worm","floor":7,"turns":4},{"damage":18,"enemies":"3 Sentries","floor":8,"turns":4},{"damage":4,"enemies":"Blue Slaver","floor":10,"turns":3},{"damage":14,"enemies":"Lots of Slimes","floor":11,"turns":3},{"damage":8,"enemies":"2 Fungi Beasts","floor":12,"turns":3},{"damage":10,"enemies":"The Guardian","floor":16,"turns":10},{"damage":11,"enemies":"3 Byrds","floor":18,"turns":1},{"damage":30,"enemies":"2 Thieves","floor":19,"turns":4},{"damage":46,"enemies":"Shelled Parasite and Fungi","floor":21,"turns":2}],"seed_played":"-663557427417832922","potions_obtained":[{"floor":5,"key":"EssenceOfSteel"},{"floor":6,"key":"EntropicBrew"},{"floor":7,"key":"Ancient Potion"},{"floor":16,"key":"FearPotion"},{"floor":18,"key":"SpeedPotion"},{"floor":19,"key":"AttackPotion"}],"is_trial":false,"path_per_floor":["M","?","T","$","M","E","M","E","T","M","M","M","R","?","R","B",null,"M","M","$"],"character_chosen":"DEFECT","items_purchased":["Static Discharge","Hologram","Bird Faced Urn"],"campfire_rested":1,"item_purchase_floors":[4,4,20],"current_hp_per_floor":[75,72,72,72,72,72,71,53,53,49,35,32,32,17,39,29,75,64,34,34,0],"gold":30,"neow_bonus":"THREE_ENEMY_KILL","is_prod":false,"is_daily":false,"chose_seed":false,"campfire_upgraded":1,"win_rate":0,"timestamp":1540864942,"path_taken":["M","?","?","?","M","E","M","E","T","M","?","M","R","?","R","BOSS","M","M","$","M"],"build_version":"2018-10-25v2","purchased_purges":0,"victory":false,"max_hp_per_floor":[75,75,75,75,75,75,75,75,75,75,75,75,75,75,75,75,75,75,75,75,75],"card_choices":[{"not_picked":["Steam","Go for the Eyes"],"picked":"Hologram","floor":1},{"not_picked":["Redo","Undo"],"picked":"Compile Driver","floor":5},{"not_picked":["Sweeping Beam","Barrage"],"picked":"White Noise","floor":6},{"not_picked":["Beam Cell","Rebound"],"picked":"Cold Snap","floor":7},{"not_picked":["Lockon","FTL"],"picked":"Amplify","floor":8},{"not_picked":["Stack","Compile Driver"],"picked":"Cold Snap","floor":10},{"not_picked":["BootSequence","Hologram"],"picked":"Cold Snap","floor":11},{"not_picked":["Compile Driver","Coolheaded"],"picked":"White Noise","floor":12},{"not_picked":["Reboot","Hyperbeam"],"picked":"Rainbow","floor":16},{"not_picked":["Beam Cell","Cold Snap"],"picked":"Skim","floor":18},{"not_picked":["Defragment","Capacitor"],"picked":"Coolheaded+1","floor":19}],"player_experience":227454,"relics_obtained":[{"floor":3,"key":"Kunai"},{"floor":6,"key":"Art of War"},{"floor":8,"key":"Bottled Flame"},{"floor":9,"key":"Bag of Marbles"}],"event_choices":[{"damage_healed":0,"gold_gain":0,"player_choice":"Success","damage_taken":3,"relics_obtained":["Mercury Hourglass"],"max_hp_gain":0,"max_hp_loss":0,"event_name":"Scrap Ooze","floor":2,"gold_loss":0},{"damage_healed":0,"gold_gain":0,"player_choice":"Entered Light","damage_taken":15,"max_hp_gain":0,"max_hp_loss":0,"event_name":"Shining Light","floor":14,"gold_loss":0,"cards_upgraded":["Defend_B","Strike_B"]}],"is_beta":false,"boss_relics":[{"not_picked":["Runic Dome","Velvet Choker"],"picked":"White Beast Statue"}],"items_purged_floors":[],"is_endless":false,"potions_floor_spawned":[5,6,7,8,16,18,19],"killed_by":"Shelled Parasite and Fungi","ascension_level":4}