{"path_per_floor":["M","?","M","?","?","R","E","R","T","M","M","$","M","?","R","B",null,"M","M","?","?"],"character_chosen":"IRONCLAD","items_purchased":["Shockwave","Feel No Pain"],"gold_per_floor":[113,113,131,131,131,131,157,157,157,174,193,1,17,17,17,115,115,125,145,145,145],"floor_reached":22,"campfire_rested":0,"playtime":6045,"current_hp_per_floor":[77,59,56,56,56,56,54,54,54,54,44,44,40,66,66,16,80,54,30,14,14],"items_purged":["Defend_R"],"gold":145,"score":184,"play_id":"1936177a-3cdc-4b42-b700-a9dba151a9b4","is_prod":false,"is_daily":false,"is_ascension_mode":false,"campfire_upgraded":3,"path_taken":["M","?","M","?","?","R","E","R","T","M","M","$","M","?","R","BOSS","M","M","?","?","M"],"build_version":"2018-02-15-PROD1","purchased_purges":1,"victory":false,"master_deck":["Strike_R","Strike_R","Strike_R","Strike_R","Strike_R","Defend_R","Defend_R","Defend_R","Bash+1","Searing Blow+2","Clash","Whirlwind+1","Perfected Strike","Shockwave","Feel No Pain","Iron Wave","Demon Form","Blood for Blood","Inflame","Headbutt","Twin Strike","Clash","Dropkick","Barricade","Offering"],"max_hp_per_floor":[80,80,80,80,80,80,80,80,80,80,80,80,80,80,80,80,80,80,80,80,80],"relics":["Burning Blood","Lantern","Letter Opener","Juzu Bracelet","Orrery","Enchiridion"],"card_choices":[{"not_picked":["Whirlwind","Seeing Red"],"picked":"Searing Blow"},{"not_picked":["True Grit","Pommel Strike"],"picked":"Clash"},{"not_picked":["Intimidate","Berserk"],"picked":"Whirlwind"},{"not_picked":["Hemokinesis","Body Slam"],"picked":"Perfected Strike"},{"not_picked":["Rupture","Feel No Pain"],"picked":"Iron Wave"},{"not_picked":["Bludgeon","Dark Embrace"],"picked":"Demon Form"},{"not_picked":["Perfected Strike","Clothesline"],"picked":"Blood for Blood"},{"not_picked":["Thunderclap","Flex"],"picked":"Inflame"},{"not_picked":["Flex","Reckless Charge"],"picked":"Headbutt"},{"not_picked":["Perfected Strike","Clothesline"],"picked":"Twin Strike"},{"not_picked":["Sever Soul","Twin Strike"],"picked":"Clash"},{"not_picked":["Hemokinesis","Clothesline"],"picked":"Dropkick"},{"not_picked":["Second Wind","Flex"],"picked":"Barricade"}],"player_experience":0,"potions_floor_usage":[18,18,19],"damage_taken":[{"damage":9,"enemies":"Cultist","floor":1,"turns":4},{"damage":9,"enemies":"Small Slimes","floor":3,"turns":3},{"damage":8,"enemies":"Gremlin Nob","floor":7,"turns":3},{"damage":6,"enemies":"2 Louse","floor":10,"turns":2},{"damage":16,"enemies":"Large Slime","floor":11,"turns":5},{"damage":10,"enemies":"Looter","floor":13,"turns":2},{"damage":56,"enemies":"The Guardian","floor":16,"turns":12},{"damage":32,"enemies":"Chosen","floor":18,"turns":5},{"damage":30,"enemies":"Spheric Guardian","floor":19,"turns":5},{"damage":18,"enemies":"Slaver and Parasite","floor":22,"turns":3}],"event_choices":[{"event_name":"Scrap Ooze","player_choice":"success","floor":2,"damage_taken":18},{"event_name":"Living Wall","player_choice":"Grow","floor":4,"damage_taken":0},{"event_name":"The Woman in Blue","player_choice":"Bought 0 Potions","floor":5,"damage_taken":0},{"event_name":"Big Fish","player_choice":"Banana","floor":14,"damage_taken":0},{"event_name":"Cursed Tome","player_choice":"Obtained Book","floor":20,"damage_taken":0},{"event_name":"Match and Keep!","player_choice":"1 cards matched","floor":21,"damage_taken":0}],"boss_relics":[{"not_picked":["Runic Cube","Snecko Eye"],"picked":"Orrery"}],"potions_floor_spawned":[1,3,7],"seed_played":"-2821326173317996235","killed_by":"Slaver and Parasite","ascension_level":0,"is_trial":false}