{"gold_per_floor":[116,129,29,29,49,80,80,7,33,33,49,49,68,82,82,82],"floor_reached":16,"playtime":606,"items_purged":[],"score":122,"play_id":"fc2a4e52-b6b2-4ec8-be6a-e5d004bf27cf","local_time":"20190307151110","is_ascension_mode":true,"campfire_choices":[{"data":"Armaments","floor":7,"key":"SMITH"},{"floor":12,"key":"REST"},{"data":"Entrench","floor":15,"key":"SMITH"}],"neow_cost":"NONE","seed_source_timestamp":35905707758267,"circlet_count":0,"master_deck":["Strike_R","Strike_R","Strike_R","Strike_R","Strike_R","Defend_R","Defend_R","Defend_R","Defend_R","Bash+1","Shrug It Off","Armaments+1","Power Through","Metallicize+1","Dark Embrace+1","Spot Weakness","Entrench+1"],"relics":["Burning Blood","Frozen Egg 2","Blood Vial","Orichalcum","Bag of Marbles"],"potions_floor_usage":[6],"damage_taken":[{"damage":6,"enemies":"Cultist","floor":1,"turns":3},{"damage":1,"enemies":"Small Slimes","floor":2,"turns":6},{"damage":7,"enemies":"2 Louse","floor":5,"turns":3},{"damage":42,"enemies":"Lagavulin","floor":6,"turns":6},{"damage":5,"enemies":"Blue Slaver","floor":11,"turns":4},{"damage":0,"enemies":"Large Slime","floor":13,"turns":9},{"damage":0,"enemies":"Exordium Wildlife","floor":14,"turns":3},{"damage":47,"enemies":"Hexaghost","floor":16,"turns":16}],"seed_played":"-5006303445965181355","potions_obtained":[{"floor":1,"key":"Fire Potion"},{"floor":5,"key":"Strength Potion"},{"floor":6,"key":"EssenceOfSteel"}],"is_trial":false,"path_per_floor":["M","M","$","T","M","E","R","$","T","?","M","R","M","M","R","B"],"character_chosen":"IRONCLAD","items_purchased":["SmokeBomb","Metallicize+1"],"campfire_rested":1,"item_purchase_floors":[3,8],"current_hp_per_floor":[80,80,80,80,79,43,43,43,43,43,46,70,78,80,80,33],"gold":82,"neow_bonus":"UPGRADE_CARD","is_prod":false,"is_daily":false,"chose_seed":false,"campfire_upgraded":2,"win_rate":0,"timestamp":1551993070,"path_taken":["M","M","?","?","?","E","R","?","T","?","M","R","?","M","R","BOSS"],"build_version":"2019-01-23","purchased_purges":0,"victory":false,"max_hp_per_floor":[80,80,80,80,80,80,80,80,80,80,80,80,80,80,80,80],"card_choices":[{"not_picked":["True Grit","Cleave"],"picked":"Shrug It Off","floor":1},{"not_picked":["Anger","True Grit"],"picked":"Armaments","floor":2},{"not_picked":["Clothesline","Corruption+1","Rage"],"picked":"SKIP","floor":5},{"not_picked":["Thunderclap","Wild Strike"],"picked":"Power Through","floor":6},{"not_picked":["Twin Strike","Perfected Strike"],"picked":"Dark Embrace+1","floor":11},{"not_picked":["Havoc","Iron Wave"],"picked":"Spot Weakness","floor":13},{"not_picked":["Clothesline","Sword Boomerang"],"picked":"Entrench","floor":14}],"player_experience":652100,"relics_obtained":[{"floor":4,"key":"Frozen Egg 2"},{"floor":6,"key":"Blood Vial"},{"floor":9,"key":"Orichalcum"}],"event_choices":[{"damage_healed":0,"gold_gain":0,"player_choice":"Gave Potion","damage_taken":0,"relics_obtained":["Bag of Marbles"],"max_hp_gain":0,"max_hp_loss":0,"event_name":"WeMeetAgain","floor":10,"gold_loss":0}],"is_beta":false,"boss_relics":[],"items_purged_floors":[],"is_endless":false,"potions_floor_spawned":[1,5,6],"killed_by":"Hexaghost","ascension_level":4}