{"gold_per_floor":[110,110,110,52,67,67,84,84,84,84,103,138,149,149,149,149],"floor_reached":16,"playtime":507,"items_purged":[],"score":195,"play_id":"68a96ead-a306-43c0-9a7f-47d3f5d848d8","local_time":"20190329151831","is_ascension_mode":true,"campfire_choices":[{"data":"FIFO Queue","floor":6,"key":"SMITH"},{"floor":8,"key":"REST"},{"data":"Zap","floor":10,"key":"SMITH"},{"floor":15,"key":"REST"}],"neow_cost":"NONE","seed_source_timestamp":756482630543714,"circlet_count":0,"master_deck":["AscendersBane","Strike_B","Strike_B","Defend_B","Defend_B","Defend_B","Defend_B","Zap+1","Bash","FIFO Queue+1","Cold Snap","FTL","Iron Wave","Chaos","Capacitor","Iron Wave","Stack"],"relics":["Iron Core","Replay:Accelerometer","Nunchaku"],"potions_floor_usage":[11,12],"damage_taken":[{"damage":3,"enemies":"2 Louse","floor":1,"turns":2},{"damage":13,"enemies":"Small Slimes","floor":5,"turns":3},{"damage":8,"enemies":"Jaw Worm","floor":7,"turns":4},{"damage":2,"enemies":"Lots of Slimes","floor":11,"turns":4},{"damage":26,"enemies":"Lagavulin","floor":12,"turns":7},{"damage":5,"enemies":"Looter","floor":13,"turns":3},{"damage":24,"enemies":"Fading Forest","floor":16,"turns":7}],"seed_played":"6443845660297028483","potions_obtained":[{"floor":7,"key":"Energy Potion"},{"floor":11,"key":"Dexterity Potion"}],"is_trial":false,"path_per_floor":["M","?","?","$","M","R","M","R","T","R","M","E","M","?","R","B"],"character_chosen":"DEFECT","items_purchased":["Cold Snap"],"campfire_rested":2,"item_purchase_floors":[4],"current_hp_per_floor":[61,61,61,61,48,48,40,61,61,61,59,33,28,28,49,33],"gold":149,"neow_bonus":"RANDOM_EVENT","is_prod":false,"is_daily":false,"chose_seed":false,"campfire_upgraded":2,"win_rate":0,"timestamp":1553890711,"path_taken":["M","?","?","?","M","R","M","R","T","R","M","E","?","?","R","BOSS"],"build_version":"2019-01-23","purchased_purges":0,"victory":false,"max_hp_per_floor":[71,71,71,71,71,71,71,71,71,71,71,71,71,71,71,71],"card_choices":[{"not_picked":["Redo","Anger"],"picked":"FIFO Queue","floor":1},{"not_picked":["Steam","Reinforced Body"],"picked":"FTL","floor":5},{"not_picked":["Steam","Leap"],"picked":"Iron Wave","floor":7},{"not_picked":["Fusion","Flex"],"picked":"Chaos","floor":11},{"not_picked":["Creative AI","Reinforced Body"],"picked":"Capacitor","floor":12},{"not_picked":["Compile Driver","Heavy Blade"],"picked":"Iron Wave","floor":13}],"player_experience":868654,"relics_obtained":[{"floor":9,"key":"Replay:Accelerometer"},{"floor":12,"key":"Nunchaku"}],"event_choices":[{"damage_healed":0,"gold_gain":0,"player_choice":"Ignored","damage_taken":0,"max_hp_gain":0,"max_hp_loss":0,"event_name":"Golden Wing","floor":2,"gold_loss":0},{"damage_healed":0,"gold_gain":0,"cards_transformed":["Strike_B"],"player_choice":"Transformed","damage_taken":0,"max_hp_gain":0,"max_hp_loss":0,"event_name":"Transmorgrifier","floor":14,"gold_loss":0,"cards_obtained":["Stack"]}],"is_beta":false,"boss_relics":[],"items_purged_floors":[],"is_endless":false,"potions_floor_spawned":[7,11],"killed_by":"Fading Forest","ascension_level":19}