{"path_per_floor":["M","M","M","$","M","R","M","R","T","E","M","R","M","?","R","B",null,"M","T","$"],"character_chosen":"IRONCLAD","items_purchased":["War Paint"],"gold_per_floor":[110,121,134,59,79,79,94,94,94,151,167,167,177,177,177,281,281,296,296,46],"floor_reached":21,"campfire_rested":2,"playtime":964,"current_hp_per_floor":[68,74,66,66,63,63,66,66,66,43,48,72,66,66,80,68,80,63,63,63],"items_purged":["Strike_R","Regret"],"gold":46,"score":181,"play_id":"7cbb9e91-cc62-4ed9-ad5f-fc492f8aeb0f","is_prod":false,"is_daily":false,"is_ascension_mode":false,"campfire_upgraded":2,"path_taken":["M","M","?","$","M","R","M","R","T","E","M","R","M","?","R","BOSS","M","?","$","M"],"build_version":"2018-02-12-PROD1","purchased_purges":2,"victory":false,"master_deck":["Strike_R","Strike_R","Strike_R","Strike_R","Defend_R","Defend_R","Defend_R+1","Defend_R","Bash","True Grit+1","Shrug It Off+1","Shrug It Off+1","Flex","Combust","Sentinel","Barricade","Intimidate","Demon Form","Regret","Parasite","Heavy Blade"],"max_hp_per_floor":[80,80,80,80,80,80,80,80,80,80,80,80,80,80,80,80,80,80,80,80],"relics":["Burning Blood","Pen Nib","Bottled Lightning","Tiny Chest","Calling Bell","Happy Flower","Kunai","Lantern","Peace Pipe","War Paint"],"card_choices":[{"not_picked":["Clothesline","Rupture"],"picked":"True Grit"},{"not_picked":["Warcry","Reaper"],"picked":"Shrug It Off"},{"not_picked":["Sword Boomerang","Clothesline"],"picked":"Shrug It Off"},{"not_picked":["Shockwave","Hemokinesis"],"picked":"Flex"},{"not_picked":["Sword Boomerang","Twin Strike"],"picked":"Combust"},{"not_picked":["Twin Strike","Bloodletting"],"picked":"Sentinel"},{"not_picked":["Corruption","Cleave"],"picked":"Barricade"},{"not_picked":["Wild Strike","True Grit"],"picked":"Intimidate"},{"not_picked":["Barricade","Limit Break"],"picked":"Demon Form"},{"not_picked":["Sword Boomerang","Second Wind"],"picked":"Heavy Blade"}],"player_experience":92068,"potions_floor_usage":[10,11,16,16,16],"damage_taken":[{"damage":18,"enemies":"Blue Slaver","floor":1,"turns":5},{"damage":0,"enemies":"2 Louse","floor":2,"turns":3},{"damage":14,"enemies":"Jaw Worm","floor":3,"turns":5},{"damage":9,"enemies":"Exordium Thugs","floor":5,"turns":7},{"damage":3,"enemies":"3 Louse","floor":7,"turns":5},{"damage":29,"enemies":"Lagavulin","floor":10,"turns":9},{"damage":16,"enemies":"Large Slime","floor":11,"turns":9},{"damage":12,"enemies":"Lots of Slimes","floor":13,"turns":4},{"damage":33,"enemies":"The Guardian","floor":16,"turns":15},{"damage":23,"enemies":"Chosen","floor":18,"turns":6},{"damage":63,"enemies":"3 Byrds","floor":21,"turns":6}],"event_choices":[{"event_name":"The Woman in Blue","player_choice":"Bought 0 Potions","floor":14,"damage_taken":0}],"boss_relics":[{"not_picked":["Sozu","Velvet Choker"],"picked":"Calling Bell"}],"potions_floor_spawned":[3,7,10,11,13],"seed_played":"4229096714410826796","killed_by":"3 Byrds","ascension_level":0,"is_trial":false}