{"gold_per_floor":[114,126,126,137,157,157,188,188,188,188,198,232,245,73,73,176,176,188,188,6,6,19,54,54,89,89,89,108,123,123,71,71,176,176,189,289,289,309,309,322,342,342,367,367,38,64,64,64,64,64],"floor_reached":51,"playtime":4432,"items_purged":["Strike_B"],"score":732,"play_id":"a39964ed-8b7f-43d3-b487-fb54d8620db1","local_time":"20190409223734","is_ascension_mode":true,"campfire_choices":[{"data":"Sweeping Beam","floor":6.0,"key":"SMITH"},{"data":"Electrodynamics","floor":8.0,"key":"SMITH"},{"data":"Gash","floor":10.0,"key":"SMITH"},{"floor":15.0,"key":"REST"},{"data":"Hologram","floor":24.0,"key":"SMITH"},{"data":"Apotheosis","floor":27.0,"key":"SMITH"},{"data":"Reboot","floor":30.0,"key":"SMITH"},{"data":"Redo","floor":32.0,"key":"SMITH"},{"floor":44.0,"key":"REST"},{"floor":47.0,"key":"REST"},{"floor":49.0,"key":"REST"}],"neow_cost":"NONE","seed_source_timestamp":10863021377400,"circlet_count":0,"master_deck":["Defend_B","Defend_B","Defend_B","Zap","Dualcast","Gash+1","Gash","Sweeping Beam+1","Ball Lightning","Electrodynamics+1","Gash","Stack","Undo","Amplify","Compile Driver+1","Skim+1","Streamline+1","Machine Learning","Apotheosis+1","Leap","Hologram+1","Steam+1","Reboot+1","Redo+1","Seek","Gash+1","Madness","Madness","Steam","Cold Snap+1","Static Discharge+1","Good Instincts"],"special_seed":0,"relics":["Cracked Core","GremlinMask","Mummified Hand","Bottled Tornado","Gremlin Horn","Astrolabe","Dodecahedron","Molten Egg 2","Cables","Fusion Hammer","Nunchaku","Art of War","Potion Belt","Orichalcum"],"potions_floor_usage":[50],"damage_taken":[{"damage":1.0,"enemies":"Jaw Worm","floor":1.0,"turns":3.0},{"damage":0.0,"enemies":"Cultist","floor":2.0,"turns":3.0},{"damage":5.0,"enemies":"Small Slimes","floor":4.0,"turns":3.0},{"damage":9.0,"enemies":"Gremlin Gang","floor":5.0,"turns":3.0},{"damage":16.0,"enemies":"Lagavulin","floor":7.0,"turns":6.0},{"damage":0.0,"enemies":"Lots of Slimes","floor":11.0,"turns":1.0},{"damage":18.0,"enemies":"Gremlin Nob","floor":12.0,"turns":3.0},{"damage":14.0,"enemies":"Blue Slaver","floor":13.0,"turns":3.0},{"damage":4.0,"enemies":"Slime Boss","floor":16.0,"turns":6.0},{"damage":0.0,"enemies":"Spheric Guardian","floor":18.0,"turns":3.0},{"damage":5.0,"enemies":"3 Byrds","floor":22.0,"turns":2.0},{"damage":9.0,"enemies":"Gremlin Leader","floor":23.0,"turns":4.0},{"damage":6.0,"enemies":"Book of Stabbing","floor":25.0,"turns":4.0},{"damage":1.0,"enemies":"Snecko","floor":28.0,"turns":3.0},{"damage":9.0,"enemies":"Shelled Parasite and Fungi","floor":29.0,"turns":5.0},{"damage":27.0,"enemies":"Automaton","floor":33.0,"turns":8.0},{"damage":3.0,"enemies":"3 Darklings","floor":35.0,"turns":2.0},{"damage":0.0,"enemies":"Mind Bloom Boss Battle","floor":36.0,"turns":3.0},{"damage":5.0,"enemies":"Orb Walker","floor":38.0,"turns":3.0},{"damage":15.0,"enemies":"Spire Growth","floor":40.0,"turns":5.0},{"damage":5.0,"enemies":"Maw","floor":41.0,"turns":7.0},{"damage":57.0,"enemies":"Nemesis","floor":46.0,"turns":5.0},{"damage":38,"enemies":"Awakened One","floor":50,"turns":10}],"seed_played":"-6841861634011580492","potions_obtained":[{"floor":2.0,"key":"Energy Potion"},{"floor":7.0,"key":"GamblersBrew"},{"floor":11.0,"key":"GamblersBrew"},{"floor":13.0,"key":"PowerPotion"},{"floor":18.0,"key":"PowerPotion"},{"floor":28.0,"key":"FairyPotion"},{"floor":29.0,"key":"FearPotion"},{"floor":35.0,"key":"Strength Potion"},{"floor":36.0,"key":"Ancient Potion"}],"is_trial":false,"path_per_floor":["M","M","?","M","M","R","E","R","T","R","M","E","M","$","R","B",null,"M","?","$","?","M","E","R","E","T","R","M","M","R","$","R","B",null,"M","?","?","M","?","M","M","?","T","R","$","E","R","?","R","B",null],"character_chosen":"DEFECT","items_purchased":["Stack","Undo","Apotheosis","Redo","LiquidBronze","Fire Potion","Potion Belt","Energy Potion"],"campfire_rested":4,"item_purchase_floors":[14,14,20,31,45,45,45,45],"current_hp_per_floor":[74,74,74,69,60,60,44,44,44,44,44,26,12,12,34,30,75,75,75,75,75,70,61,61,55,55,55,54,45,45,45,45,18,75,72,72,63,58,58,43,38,38,38,60,60,3,25,66,66,28],"gold":64,"neow_bonus":"REMOVE_CARD","is_prod":false,"is_daily":false,"chose_seed":false,"campfire_upgraded":7,"win_rate":0,"timestamp":1554874654,"path_taken":["M","M","?","?","M","R","E","R","T","R","M","E","M","?","R","BOSS","M","?","$","?","?","E","R","E","T","R","M","M","R","?","R","BOSS","M","?","?","M","?","M","?","?","T","R","?","E","R","?","R","BOSS"],"build_version":"2019-01-23","purchased_purges":1,"victory":true,"max_hp_per_floor":[75,75,75,75,75,75,75,75,75,75,75,75,75,75,75,75,75,75,75,75,75,75,75,75,75,75,75,75,75,75,75,75,75,75,75,75,75,75,75,75,75,75,75,75,75,75,75,66,66,66],"card_choices":[{"not_picked":["Streamline","Leap"],"picked":"Gash","floor":1.0},{"not_picked":["Hologram","Conserve Battery"],"picked":"Gash","floor":2.0},{"not_picked":["Hologram","Heatsinks"],"picked":"Sweeping Beam","floor":4.0},{"not_picked":["Turbo","Sunder"],"picked":"Ball Lightning","floor":5.0},{"not_picked":["Static Discharge","Defragment"],"picked":"Electrodynamics","floor":7.0},{"not_picked":["Rebound","Turbo"],"picked":"Skim","floor":11.0},{"not_picked":["Turbo","FTL","All For One"],"picked":"SKIP","floor":12.0},{"not_picked":["Cold Snap","Undo"],"picked":"Gash","floor":13.0},{"not_picked":["Fission","Biased Cognition"],"picked":"Amplify","floor":16.0},{"not_picked":["Streamline","Rebound","Barrage+1"],"picked":"SKIP","floor":18.0},{"not_picked":["Melter+1","Skim"],"picked":"Leap","floor":22.0},{"not_picked":["Rebound","Coolheaded"],"picked":"Hologram","floor":23.0},{"not_picked":["FTL+1","Streamline"],"picked":"Steam+1","floor":25.0},{"not_picked":["Tempest","Sweeping Beam+1"],"picked":"Auto Shields","floor":28.0},{"not_picked":["Ball Lightning+1","Coolheaded"],"picked":"Reboot","floor":29.0},{"not_picked":["Machine Learning","Fission"],"picked":"Seek","floor":33.0},{"not_picked":["Turbo","Conserve Battery","Compile Driver+1"],"picked":"SKIP","floor":35.0},{"not_picked":["Beam Cell+1","Darkness+1"],"picked":"Gash+1","floor":36.0},{"not_picked":["Lockon+1","Redo"],"picked":"Steam","floor":38.0},{"not_picked":["Blizzard+1","Barrage+1"],"picked":"Cold Snap+1","floor":40.0},{"not_picked":["Thunder Strike+1","Conserve Battery+1"],"picked":"Static Discharge+1","floor":41.0},{"not_picked":["Flash of Steel+1","Dramatic Entrance+1"],"picked":"Good Instincts","floor":42.0},{"not_picked":["Steam+1","Undo","Redo+1"],"picked":"SKIP","floor":46.0}],"player_experience":762936,"relics_obtained":[{"floor":7.0,"key":"Mummified Hand"},{"floor":9.0,"key":"Bottled Tornado"},{"floor":12.0,"key":"Gremlin Horn"},{"floor":23.0,"key":"Dodecahedron"},{"floor":25.0,"key":"Molten Egg 2"},{"floor":26.0,"key":"Cables"},{"floor":36.0,"key":"Nunchaku"},{"floor":43.0,"key":"Art of War"},{"floor":46.0,"key":"Orichalcum"}],"event_choices":[{"damage_healed":0.0,"max_hp_gain":0.0,"max_hp_loss":0.0,"gold_gain":0.0,"event_name":"FaceTrader","player_choice":"Trade","floor":3.0,"gold_loss":0.0,"damage_taken":0.0,"relics_obtained":["GremlinMask"]},{"damage_healed":0.0,"max_hp_gain":0.0,"max_hp_loss":0.0,"gold_gain":0.0,"event_name":"The Library","player_choice":"Read","floor":19.0,"gold_loss":0.0,"damage_taken":0.0,"cards_obtained":["Machine Learning"]},{"cards_removed":["Skim"],"damage_healed":0.0,"max_hp_gain":0.0,"max_hp_loss":0.0,"gold_gain":0.0,"event_name":"Purifier","player_choice":"Purged","floor":21.0,"gold_loss":0.0,"damage_taken":0.0},{"damage_healed":0.0,"max_hp_gain":0.0,"max_hp_loss":0.0,"gold_gain":0.0,"event_name":"MindBloom","player_choice":"Fight","floor":36.0,"gold_loss":0.0,"damage_taken":0.0},{"damage_healed":0.0,"max_hp_gain":0.0,"max_hp_loss":0.0,"gold_gain":0.0,"event_name":"Winding Halls","player_choice":"Embrace Madness","floor":37.0,"gold_loss":0.0,"damage_taken":9.0,"cards_obtained":["Madness","Madness"]},{"cards_removed":["Auto Shields"],"damage_healed":0.0,"max_hp_gain":0.0,"max_hp_loss":0.0,"gold_gain":0.0,"event_name":"Falling","player_choice":"Removed Skill","floor":39.0,"gold_loss":0.0,"damage_taken":0.0},{"damage_healed":0.0,"max_hp_gain":0.0,"max_hp_loss":0.0,"gold_gain":0.0,"event_name":"SensoryStone","player_choice":"Memory 1","floor":42.0,"gold_loss":0.0,"damage_taken":0.0},{"damage_healed":66.0,"max_hp_gain":0.0,"max_hp_loss":9.0,"gold_gain":0.0,"event_name":"The Moai Head","player_choice":"Heal","floor":48.0,"gold_loss":0.0,"damage_taken":0.0}],"is_beta":false,"boss_relics":[{"not_picked":["Lizard Tail","Empty Cage"],"picked":"Astrolabe"},{"not_picked":["Pandora\u0027s Box","Black Star"],"picked":"Fusion Hammer"}],"items_purged_floors":[14],"is_endless":false,"potions_floor_spawned":[2,7,11,13,18,28,29,35,36],"ascension_level":1}