{"gold_per_floor":[119,119,138,62,73,73,90,90,114,129,129,140,168,180,180,276,276,294,294,294,311,323,323,339,79,79,97,97,124,124,142,142,142],"floor_reached":33,"playtime":7615,"items_purged":[],"score":261,"play_id":"12619dee-8559-4096-98a7-9e0abb4642b2","local_time":"20190401225632","is_ascension_mode":false,"campfire_choices":[{"data":"Zap","floor":6.0,"key":"SMITH"},{"data":"Dualcast","floor":8.0,"key":"SMITH"},{"floor":15.0,"key":"REST"},{"data":"Redo","floor":23,"key":"SMITH"},{"floor":28,"key":"REST"},{"floor":30,"key":"REST"},{"data":"Fusion","floor":32,"key":"SMITH"}],"neow_cost":"NONE","seed_source_timestamp":0,"circlet_count":0,"master_deck":["Strike_B","Strike_B","Strike_B","Defend_B","Defend_B","Defend_B","Defend_B","Zap+1","Dualcast+1","Lockon","Sweeping Beam","Cold Snap","Conserve Battery","Cold Snap","Conserve Battery","Redo+1","Streamline","Steam","Blizzard","Creative AI+1","Glacier","RitualDagger","Self Repair+1","Leap","Streamline","Loop","Fusion+1","White Noise","Coolheaded","Go for the Eyes+1"],"special_seed":0,"relics":["Cracked Core","Centennial Puzzle","Bronze Scales","Odd Mushroom","Inserter","Happy Flower","Orichalcum","FossilizedHelix"],"potions_floor_usage":[],"damage_taken":[{"damage":2.0,"enemies":"2 Louse","floor":1.0,"turns":3.0},{"damage":1.0,"enemies":"Jaw Worm","floor":3.0,"turns":4.0},{"damage":4.0,"enemies":"Cultist","floor":5.0,"turns":3.0},{"damage":4.0,"enemies":"Exordium Wildlife","floor":7.0,"turns":6.0},{"damage":3.0,"enemies":"Looter","floor":10.0,"turns":3.0},{"damage":0.0,"enemies":"Large Slime","floor":12.0,"turns":4.0},{"damage":22.0,"enemies":"The Mushroom Lair","floor":13.0,"turns":3.0},{"damage":5.0,"enemies":"3 Louse","floor":14.0,"turns":2.0},{"damage":26.0,"enemies":"Hexaghost","floor":16.0,"turns":10.0},{"damage":15,"enemies":"3 Byrds","floor":18,"turns":3},{"damage":3,"enemies":"Shell Parasite","floor":21,"turns":9},{"damage":13,"enemies":"Sentry and Sphere","floor":22,"turns":7},{"damage":22,"enemies":"Snake Plant","floor":24,"turns":3},{"damage":15,"enemies":"3 Cultists","floor":27,"turns":6},{"damage":32,"enemies":"Book of Stabbing","floor":29,"turns":5},{"damage":14,"enemies":"Shelled Parasite and Fungi","floor":31,"turns":10},{"damage":79,"enemies":"Collector","floor":33,"turns":11}],"seed_played":"-4161186055009182182","potions_obtained":[{"floor":1.0,"key":"Energy Potion"},{"floor":10.0,"key":"Explosive Potion"},{"floor":16.0,"key":"PowerPotion"}],"is_trial":false,"path_per_floor":["M","?","M","$","M","R","M","R","T","M","?","M","?","M","R","B",null,"M","?","?","M","M","R","M","$","T","M","R","E","R","M","R","B"],"character_chosen":"DEFECT","items_purchased":["Cold Snap","Conserve Battery","Loop","Happy Flower","Fusion"],"campfire_rested":3,"item_purchase_floors":[4,4,25,25,25],"current_hp_per_floor":[80,73,72,72,68,68,64,64,64,61,54,54,32,27,51,25,82,67,61,61,58,55,55,43,43,43,38,62,40,64,60,60,0],"gold":142,"neow_bonus":"TEN_PERCENT_HP_BONUS","is_prod":false,"is_daily":false,"chose_seed":false,"campfire_upgraded":4,"win_rate":0.0,"timestamp":1554173792,"path_taken":["M","?","M","$","M","R","M","R","T","M","?","M","?","M","R","BOSS","M","?","?","M","M","R","?","$","T","M","R","E","R","M","R","BOSS"],"build_version":"2019-01-23","purchased_purges":0,"victory":false,"max_hp_per_floor":[82,82,82,82,82,82,82,82,82,82,82,82,82,82,82,82,82,82,82,82,82,82,82,82,82,82,82,82,82,82,82,82,82],"card_choices":[{"not_picked":["Rip and Tear","Aggregate"],"picked":"Lockon","floor":1.0},{"not_picked":["Go for the Eyes","Compile Driver"],"picked":"Sweeping Beam","floor":3.0},{"not_picked":["Force Field","Tempest"],"picked":"Cold Snap","floor":5.0},{"not_picked":["Gash","Leap"],"picked":"Conserve Battery","floor":7.0},{"not_picked":["Stack","Coolheaded"],"picked":"Redo","floor":10.0},{"not_picked":["Coolheaded","Buffer"],"picked":"Streamline","floor":12.0},{"not_picked":["Glacier","Hologram"],"picked":"Steam","floor":13.0},{"not_picked":["Leap","Go for the Eyes"],"picked":"Blizzard","floor":14.0},{"not_picked":["All For One","Thunder Strike"],"picked":"Creative AI","floor":16.0},{"not_picked":["Sweeping Beam","Tempest"],"picked":"Glacier","floor":18},{"not_picked":["Redo+1","Cold Snap"],"picked":"Self Repair+1","floor":21},{"not_picked":["Gash","Genetic Algorithm+1"],"picked":"Leap","floor":22},{"not_picked":["Reboot","Aggregate+1"],"picked":"Streamline","floor":24},{"not_picked":["Double Energy","Auto Shields"],"picked":"White Noise","floor":27},{"not_picked":["Stack","Leap"],"picked":"Coolheaded","floor":29},{"not_picked":["Genetic Algorithm","FTL"],"picked":"Go for the Eyes+1","floor":31}],"player_experience":17321,"relics_obtained":[{"floor":9.0,"key":"Bronze Scales"},{"floor":13.0,"key":"Odd Mushroom"},{"floor":26,"key":"Orichalcum"},{"floor":29,"key":"FossilizedHelix"}],"event_choices":[{"damage_healed":0.0,"max_hp_gain":0.0,"max_hp_loss":0.0,"gold_gain":0.0,"event_name":"Scrap Ooze","player_choice":"Success","floor":2.0,"gold_loss":0.0,"damage_taken":7.0,"relics_obtained":["Centennial Puzzle"]},{"cards_removed":["Strike_B"],"damage_healed":0.0,"max_hp_gain":0.0,"max_hp_loss":0.0,"gold_gain":0.0,"event_name":"Golden Wing","player_choice":"Card Removal","floor":11.0,"gold_loss":0.0,"damage_taken":7.0},{"damage_healed":0.0,"max_hp_gain":0.0,"max_hp_loss":0.0,"gold_gain":0.0,"event_name":"Mushrooms","player_choice":"Fought Mushrooms","floor":13.0,"gold_loss":0.0,"damage_taken":0.0},{"damage_healed":0,"gold_gain":0,"player_choice":"Joined the Cult","damage_taken":6,"max_hp_gain":0,"max_hp_loss":0,"event_name":"Nest","floor":19,"gold_loss":0,"cards_obtained":["RitualDagger"]},{"damage_healed":0,"gold_gain":0,"player_choice":"Forge","damage_taken":0,"max_hp_gain":0,"max_hp_loss":0,"event_name":"Accursed Blacksmith","floor":20,"gold_loss":0,"cards_upgraded":["Creative AI"]}],"is_beta":false,"boss_relics":[{"not_picked":["Cursed Key","Snecko Eye"],"picked":"Inserter"}],"items_purged_floors":[],"is_endless":false,"potions_floor_spawned":[1,10,16,21,24],"killed_by":"Collector","ascension_level":0}