{"gold_per_floor":[409,422,434,445,464,525,555,555,579,30,30,30,50,81,81,183,183,202,222,222,222,239,239],"floor_reached":23,"playtime":1742,"items_purged":[],"score":203,"play_id":"18f81eed-17db-41f8-90c0-dcb225d04cbc","local_time":"20190330144826","is_ascension_mode":false,"campfire_choices":[{"data":"Neutralize","floor":8,"key":"SMITH"},{"floor":11,"key":"REST"},{"floor":15,"key":"REST"}],"neow_cost":"PERCENT_DAMAGE","seed_source_timestamp":4327009674556,"circlet_count":0,"master_deck":["Defend_G","Defend_G","Defend_G","Defend_G","Defend_G","Strike_G","Strike_G","Strike_G","Strike_G","Strike_G","Survivor","Neutralize+1","Cloak And Dagger","Caltrops","Venomology","Tools of the Trade","PiercingWail","Blur","Night Terror","Cloak And Dagger+1","Noxious Fumes","Iron Wave"],"relics":["Ring of the Snake","Old Coin","Tiny Chest","Ornamental Fan","Blood Vial","Snake Skull","Runic Pyramid"],"potions_floor_usage":[5,6,6,6,14,14,19,22,22,23,23,23],"damage_taken":[{"damage":0,"enemies":"Small Slimes","floor":1,"turns":4},{"damage":0,"enemies":"2 Louse","floor":2,"turns":3},{"damage":0,"enemies":"Cultist","floor":3,"turns":4},{"damage":7,"enemies":"Blue Slaver","floor":4,"turns":5},{"damage":2,"enemies":"Large Slime","floor":5,"turns":6},{"damage":23,"enemies":"3 Sentries","floor":6,"turns":10},{"damage":32,"enemies":"Exordium Thugs","floor":13,"turns":8},{"damage":3,"enemies":"Lagavulin","floor":14,"turns":11},{"damage":15,"enemies":"The Guardian","floor":16,"turns":18},{"damage":12,"enemies":"Spheric Guardian","floor":18,"turns":10},{"damage":9,"enemies":"Chosen","floor":19,"turns":8},{"damage":17,"enemies":"Snake Plant","floor":22,"turns":7},{"damage":45,"enemies":"Slavers","floor":23,"turns":5}],"seed_played":"7219530163373637910","potions_obtained":[{"floor":2,"key":"GhostInAJar"},{"floor":4,"key":"Strength Potion"},{"floor":6,"key":"Swift Potion"},{"floor":13,"key":"EssenceOfSteel"},{"floor":16,"key":"Explosive Potion"},{"floor":19,"key":"Ancient Potion"}],"is_trial":false,"path_per_floor":["M","M","M","M","M","E","?","R","T","$","R","?","M","E","R","B",null,"M","M","?","?","M","E"],"character_chosen":"THE_SILENT","items_purchased":["Ornamental Fan","Blood Vial","Tools of the Trade"],"campfire_rested":2,"item_purchase_floors":[10,10,10],"current_hp_per_floor":[49,49,49,42,40,17,17,17,17,17,38,43,13,12,34,21,75,63,56,56,56,41,0],"gold":239,"neow_bonus":"ONE_RARE_RELIC","is_prod":false,"is_daily":false,"chose_seed":false,"campfire_upgraded":1,"win_rate":0,"timestamp":1553982506,"path_taken":["M","M","M","M","M","E","?","R","T","$","R","?","M","E","R","BOSS","M","M","?","?","M","E"],"build_version":"2019-01-23","purchased_purges":0,"victory":false,"max_hp_per_floor":[70,70,70,70,70,70,70,70,70,70,70,75,75,75,75,75,75,75,75,75,75,75,75],"card_choices":[{"not_picked":["Dodge and Roll","Deflect"],"picked":"Cloak And Dagger","floor":1},{"not_picked":["Dagger Throw","PiercingWail"],"picked":"Caltrops","floor":2},{"not_picked":["Dagger Throw","Blade Dance"],"picked":"Venomology","floor":3},{"not_picked":["Cloak And Dagger","PiercingWail"],"picked":"Predator","floor":4},{"not_picked":["Deadly Poison","Underhanded Strike","Acrobatics"],"picked":"SKIP","floor":5},{"not_picked":["Blade Dance","Flying Knee","Catalyst"],"picked":"SKIP","floor":6},{"not_picked":["Dodge and Roll","Cloak And Dagger"],"picked":"PiercingWail","floor":13},{"not_picked":["Expertise","Catalyst"],"picked":"Blur","floor":14},{"not_picked":["Doppelganger","Malaise"],"picked":"Night Terror","floor":16},{"not_picked":["Dagger Spray+1","Reflex+1"],"picked":"Cloak And Dagger+1","floor":18},{"not_picked":["Bane+1","Well Laid Plans"],"picked":"Noxious Fumes","floor":19},{"not_picked":["Backflip","Bane","Dodge and Roll+1"],"picked":"SKIP","floor":22}],"player_experience":231406,"relics_obtained":[{"floor":6,"key":"Tiny Chest"},{"floor":14,"key":"Snake Skull"}],"event_choices":[{"damage_healed":0,"gold_gain":30,"player_choice":"Searched \u00271\u0027 times","damage_taken":0,"max_hp_gain":0,"max_hp_loss":0,"event_name":"Dead Adventurer","floor":7,"gold_loss":0},{"damage_healed":0,"gold_gain":0,"player_choice":"Donut","damage_taken":0,"max_hp_gain":5,"max_hp_loss":0,"event_name":"Big Fish","floor":12,"gold_loss":0},{"damage_healed":0,"gold_gain":0,"player_choice":"Ignored","damage_taken":0,"max_hp_gain":0,"max_hp_loss":0,"event_name":"The Mausoleum","floor":20,"gold_loss":0},{"cards_removed":["Predator"],"damage_healed":0,"gold_gain":0,"player_choice":"Took Card","damage_taken":0,"max_hp_gain":0,"max_hp_loss":0,"event_name":"NoteForYourself","floor":21,"gold_loss":0,"cards_obtained":["Iron Wave"]}],"is_beta":false,"boss_relics":[{"not_picked":["Sozu","HoveringKite"],"picked":"Runic Pyramid"}],"items_purged_floors":[],"is_endless":false,"potions_floor_spawned":[2,4,6,13,16,19],"killed_by":"Slavers","ascension_level":0}