{"gold_per_floor":[110,120,139,214,231,259,259,259,327,345,379,391,391,402,402,502,502,518,518,534,548,548],"floor_reached":22,"playtime":1174,"items_purged":[],"score":200,"play_id":"7d16531d-2b74-4978-8189-8b88d6aa8bb6","local_time":"20181123232830","is_ascension_mode":false,"campfire_choices":[{"floor":7,"key":"REST"},{"floor":15,"key":"REST"}],"neow_cost":"NONE","seed_source_timestamp":601575591684199,"circlet_count":0,"master_deck":["Strike_R","Strike_R","Strike_R","Strike_R","Strike_R","Defend_R","Defend_R","Bash+1","Perfected Strike","Flex","Flex","Iron Wave","Armaments","Anger","Armaments","Clothesline","Battle Trance","Juggernaut","Thunderclap","Pommel Strike"],"relics":["Burning Blood","Ice Cream","Self Forming Clay","Oddly Smooth Stone","Runic Pyramid"],"potions_floor_usage":[14,22],"damage_taken":[{"damage":2,"enemies":"Small Slimes","floor":1,"turns":5},{"damage":5,"enemies":"2 Louse","floor":2,"turns":2},{"damage":0,"enemies":"Cultist","floor":3,"turns":2},{"damage":11,"enemies":"Red Slaver","floor":5,"turns":3},{"damage":25,"enemies":"3 Sentries","floor":6,"turns":7},{"damage":11,"enemies":"3 Louse","floor":10,"turns":3},{"damage":27,"enemies":"Gremlin Nob","floor":11,"turns":4},{"damage":11,"enemies":"Exordium Thugs","floor":12,"turns":4},{"damage":13,"enemies":"Gremlin Gang","floor":14,"turns":5},{"damage":26,"enemies":"Hexaghost","floor":16,"turns":14},{"damage":22,"enemies":"Shell Parasite","floor":18,"turns":7},{"damage":32,"enemies":"3 Byrds","floor":20,"turns":7},{"damage":26,"enemies":"Shelled Parasite and Fungi","floor":21,"turns":7},{"damage":18,"enemies":"Centurion and Healer","floor":22,"turns":4}],"seed_played":"-7925289368333418767","potions_obtained":[{"floor":3,"key":"Weak Potion"},{"floor":6,"key":"Weak Potion"},{"floor":10,"key":"Poison Potion"},{"floor":13,"key":"Fire Potion"},{"floor":13,"key":"SteroidPotion"},{"floor":13,"key":"Ancient Potion"},{"floor":14,"key":"SpeedPotion"}],"is_trial":false,"path_per_floor":["M","M","M","?","M","E","R","?","T","M","E","M","?","M","R","B",null,"M","?","M","M","M"],"character_chosen":"IRONCLAD","items_purchased":[],"campfire_rested":2,"item_purchase_floors":[],"current_hp_per_floor":[80,80,80,69,64,45,69,69,69,64,43,38,38,31,55,35,80,64,64,38,18,0],"gold":548,"neow_bonus":"UPGRADE_CARD","is_prod":false,"is_daily":false,"chose_seed":false,"campfire_upgraded":0,"win_rate":0.0,"timestamp":1543037310,"path_taken":["M","M","M","?","M","E","R","?","T","M","E","M","?","M","R","BOSS","M","?","M","M","?"],"build_version":"2018-11-15","purchased_purges":0,"victory":false,"max_hp_per_floor":[80,80,80,80,80,80,80,80,80,80,80,80,80,80,80,80,80,80,80,80,80,80],"card_choices":[{"not_picked":["Warcry","Headbutt"],"picked":"Perfected Strike","floor":1},{"not_picked":["Second Wind","Clash"],"picked":"Flex","floor":2},{"not_picked":["Shockwave","Dropkick"],"picked":"Flex","floor":3},{"not_picked":["Disarm","Ghostly Armor"],"picked":"Iron Wave","floor":5},{"not_picked":["Clash","Headbutt"],"picked":"Armaments","floor":6},{"not_picked":["Headbutt","Perfected Strike"],"picked":"Anger","floor":10},{"not_picked":["Twin Strike","Dual Wield"],"picked":"Armaments","floor":11},{"not_picked":["Dark Embrace","Intimidate"],"picked":"Clothesline","floor":12},{"not_picked":["Clash","Headbutt"],"picked":"Battle Trance","floor":14},{"not_picked":["Feed","Dark Embrace"],"picked":"Juggernaut","floor":16},{"not_picked":["Flex","Warcry","True Grit"],"picked":"SKIP","floor":18},{"not_picked":["Sword Boomerang","Rupture"],"picked":"Thunderclap","floor":20},{"not_picked":["Warcry+1","Heavy Blade"],"picked":"Pommel Strike","floor":21}],"player_experience":13891,"relics_obtained":[{"floor":6,"key":"Ice Cream"},{"floor":9,"key":"Self Forming Clay"},{"floor":11,"key":"Oddly Smooth Stone"}],"event_choices":[{"damage_healed":0,"gold_gain":75,"player_choice":"Gather Gold","damage_taken":11,"max_hp_gain":0,"max_hp_loss":0,"event_name":"World of Goop","floor":4,"gold_loss":0},{"cards_removed":["Defend_R"],"damage_healed":0,"gold_gain":0,"player_choice":"Forget","damage_taken":0,"max_hp_gain":0,"max_hp_loss":0,"event_name":"Living Wall","floor":8,"gold_loss":0},{"damage_healed":0,"gold_gain":0,"player_choice":"Got Potions","damage_taken":0,"max_hp_gain":0,"max_hp_loss":0,"event_name":"Lab","floor":13,"gold_loss":0},{"cards_removed":["Defend_R"],"damage_healed":0,"gold_gain":0,"player_choice":"Purged","damage_taken":0,"max_hp_gain":0,"max_hp_loss":0,"event_name":"Purifier","floor":19,"gold_loss":0}],"is_beta":false,"boss_relics":[{"not_picked":["Empty Cage","Ectoplasm"],"picked":"Runic Pyramid"}],"items_purged_floors":[],"is_endless":false,"potions_floor_spawned":[3,6,10,14,16,18],"killed_by":"Centurion and Healer","ascension_level":0}