{"gold_per_floor":[119,135,7,20,95,95,111,111,111,130,130,130,150,150,150,247,247,266,15,29,49,66,97,97,97,145,0,0,18,18,31,31,130,130,144,155,0,11,28,28,45,61,116,41,41,57,57,23,23,23],"floor_reached":51,"playtime":1853,"items_purged":["Decay"],"score":688,"play_id":"7c413b19-bddf-40f5-b6f6-da4d0515fa1a","local_time":"20181205175641","is_ascension_mode":false,"campfire_choices":[{"data":"Zap","floor":6,"key":"SMITH"},{"data":"Defragment","floor":8,"key":"SMITH"},{"floor":11,"key":"REST"},{"data":"Sunder","floor":15,"key":"SMITH"},{"data":"Auto Shields","floor":24,"key":"SMITH"},{"floor":30,"key":"REST"},{"floor":32,"key":"REST"},{"floor":40,"key":"REST"},{"floor":45,"key":"REST"},{"data":"Meteor Strike","floor":47,"key":"SMITH"},{"data":"Machine Learning","floor":49,"key":"SMITH"}],"neow_cost":"CURSE","seed_source_timestamp":90021447482228,"circlet_count":0,"master_deck":["Zap+1","Dualcast","Injury","Sunder+1","Fusion","Conserve Battery","Defragment+1","Self Repair","Steam","Steam","Doom and Gloom","BootSequence","Coolheaded","Meteor Strike+1","Hello World","Ball Lightning","Ball Lightning","Streamline","Hologram","Turbo","Coolheaded","Skim+1","Auto Shields+1","Beam Cell","Fusion+1","Conserve Battery","Double Energy","Biased Cognition","Stack+1","Leap","Machine Learning+1","Undo+1","Hologram+1","Melter+1","Heatsinks"],"relics":["Cracked Core","Letter Opener","Blue Candle","Pandora\u0027s Box","Kunai","Dodecahedron","Dream Catcher","Happy Flower","Snecko Eye","Red Mask","Anchor"],"potions_floor_usage":[16,23,23,33,39,50,50,50],"damage_taken":[{"damage":1,"enemies":"Cultist","floor":1,"turns":4},{"damage":8,"enemies":"Small Slimes","floor":2,"turns":4},{"damage":1,"enemies":"2 Louse","floor":4,"turns":3},{"damage":12,"enemies":"Blue Slaver","floor":7,"turns":4},{"damage":21,"enemies":"Large Slime","floor":10,"turns":3},{"damage":3,"enemies":"Exordium Thugs","floor":13,"turns":3},{"damage":43,"enemies":"Hexaghost","floor":16,"turns":11},{"damage":11,"enemies":"2 Thieves","floor":18,"turns":4},{"damage":4,"enemies":"Spheric Guardian","floor":20,"turns":4},{"damage":9,"enemies":"Chosen and Byrds","floor":21,"turns":5},{"damage":7,"enemies":"Centurion and Healer","floor":22,"turns":7},{"damage":29,"enemies":"Gremlin Leader","floor":23,"turns":5},{"damage":12,"enemies":"Snake Plant","floor":29,"turns":4},{"damage":34,"enemies":"Shelled Parasite and Fungi","floor":31,"turns":5},{"damage":54,"enemies":"Automaton","floor":33,"turns":10},{"damage":7,"enemies":"Orb Walker","floor":35,"turns":2},{"damage":26,"enemies":"3 Darklings","floor":36,"turns":4},{"damage":14,"enemies":"Writhing Mass","floor":38,"turns":6},{"damage":24,"enemies":"Jaw Worm Horde","floor":39,"turns":3},{"damage":18,"enemies":"Transient","floor":41,"turns":5},{"damage":1,"enemies":"Spire Growth","floor":42,"turns":4},{"damage":1,"enemies":"4 Shapes","floor":46,"turns":3},{"damage":54,"enemies":"Time Eater","floor":50,"turns":12}],"seed_played":"-5749443488578696970","potions_obtained":[{"floor":4,"key":"SkillPotion"},{"floor":7,"key":"FearPotion"},{"floor":13,"key":"Fire Potion"},{"floor":18,"key":"LiquidBronze"},{"floor":33,"key":"Explosive Potion"},{"floor":38,"key":"Strength Potion"},{"floor":39,"key":"Ancient Potion"},{"floor":42,"key":"EssenceOfSteel"}],"is_trial":false,"path_per_floor":["M","M","$","M","?","R","M","R","T","M","R","?","M","T","R","B",null,"M","$","M","M","M","E","R","?","T","$","?","M","R","M","R","B",null,"M","M","?","M","M","R","M","M","T","$","R","M","R","$","R","B",null],"character_chosen":"DEFECT","items_purchased":["Self Repair","Steam","Kunai","Happy Flower","Heatsinks"],"campfire_rested":5,"item_purchase_floors":[3,3,19,27,48],"current_hp_per_floor":[74,66,66,72,61,61,56,56,56,35,57,75,75,75,75,39,75,71,71,74,72,72,50,50,50,50,50,50,45,67,40,62,15,75,68,49,49,42,25,47,36,42,42,42,64,70,70,70,70,23],"gold":23,"neow_bonus":"TRANSFORM_TWO_CARDS","is_prod":false,"is_daily":false,"chose_seed":false,"campfire_upgraded":6,"win_rate":0.0,"timestamp":1544054201,"path_taken":["M","M","$","?","?","R","M","R","T","M","R","?","M","?","R","BOSS","M","$","M","M","M","E","R","?","T","?","?","?","R","M","R","BOSS","M","M","?","M","M","R","M","M","T","$","R","M","R","$","R","BOSS"],"build_version":"2018-11-15","purchased_purges":1,"victory":true,"max_hp_per_floor":[75,75,75,75,75,75,75,75,75,75,75,75,75,75,75,75,75,75,75,75,75,75,75,75,75,75,75,75,75,75,75,75,75,75,75,75,75,75,75,75,75,75,75,75,75,75,75,75,75,75],"card_choices":[{"not_picked":["Turbo","Sweeping Beam"],"picked":"Conserve Battery","floor":1},{"not_picked":["Leap","Melter"],"picked":"Defragment","floor":2},{"not_picked":["Storm","Redo"],"picked":"Steam","floor":4},{"not_picked":["Undo","Hello World"],"picked":"Doom and Gloom","floor":7},{"not_picked":["Hologram","Streamline"],"picked":"BootSequence","floor":10},{"not_picked":["Hello World","Stack"],"picked":"Coolheaded","floor":13},{"not_picked":["Core Surge","Electrodynamics"],"picked":"Meteor Strike","floor":16},{"not_picked":["Recycle+1","Blizzard"],"picked":"Coolheaded","floor":18},{"not_picked":["Go for the Eyes","Stack+1"],"picked":"Skim+1","floor":20},{"not_picked":["Compile Driver","Steam"],"picked":"Auto Shields","floor":21},{"not_picked":["Streamline","Sweeping Beam"],"picked":"Beam Cell","floor":22},{"not_picked":["Streamline","Rebound"],"picked":"Fusion","floor":23},{"not_picked":["Coolheaded+1","Redo","Hologram"],"picked":"SKIP","floor":29},{"not_picked":["Reinforced Body","Amplify"],"picked":"Conserve Battery","floor":30},{"not_picked":["Chaos","Rebound"],"picked":"Double Energy","floor":31},{"not_picked":["Multi-Cast","Reboot"],"picked":"Biased Cognition","floor":33},{"not_picked":["Undo","Barrage"],"picked":"Stack+1","floor":35},{"not_picked":["Force Field+1","Doom and Gloom"],"picked":"Leap","floor":36},{"not_picked":["Barrage","Chill","Hello World+1"],"picked":"SKIP","floor":38},{"not_picked":["Steam+1","Darkness"],"picked":"Machine Learning","floor":39},{"not_picked":["Aggregate+1","Rip and Tear+1"],"picked":"Undo+1","floor":40},{"not_picked":["Steam+1","Compile Driver+1"],"picked":"Hologram+1","floor":41},{"not_picked":["Barrage","Ball Lightning","Compile Driver"],"picked":"SKIP","floor":42},{"not_picked":["Amplify","Rip and Tear"],"picked":"Melter+1","floor":46}],"player_experience":106252,"relics_obtained":[{"floor":9,"key":"Letter Opener"},{"floor":14,"key":"Blue Candle"},{"floor":23,"key":"Dodecahedron"},{"floor":26,"key":"Dream Catcher"},{"floor":43,"key":"Anchor"}],"event_choices":[{"damage_healed":0,"gold_gain":75,"player_choice":"Gather Gold","damage_taken":11,"max_hp_gain":0,"max_hp_loss":0,"event_name":"World of Goop","floor":5,"gold_loss":0},{"damage_healed":25,"gold_gain":0,"player_choice":"Banana","damage_taken":0,"max_hp_gain":0,"max_hp_loss":0,"event_name":"Big Fish","floor":12,"gold_loss":0},{"damage_healed":0,"gold_gain":0,"player_choice":"Upgraded","damage_taken":0,"max_hp_gain":0,"max_hp_loss":0,"event_name":"Upgrade Shrine","floor":25,"gold_loss":0,"cards_upgraded":["Fusion"]},{"damage_healed":0,"gold_gain":0,"player_choice":"Cursed","damage_taken":0,"max_hp_gain":0,"max_hp_loss":0,"event_name":"Wheel of Change","floor":28,"gold_loss":0,"cards_obtained":["Decay"]},{"damage_healed":0,"gold_gain":0,"player_choice":"Paid","damage_taken":0,"relics_obtained":["Red Mask"],"max_hp_gain":0,"max_hp_loss":0,"event_name":"Tomb of Lord Red Mask","floor":37,"gold_loss":155}],"is_beta":false,"boss_relics":[{"not_picked":["Velvet Choker","Lizard Tail"],"picked":"Pandora\u0027s Box"},{"not_picked":["Busted Crown","White Beast Statue"],"picked":"Snecko Eye"}],"items_purged_floors":[44],"is_endless":false,"potions_floor_spawned":[4,7,13,18,20,22,33,38,39,42],"ascension_level":0}