{"gold_per_floor":[117,71,71,71,83,110,167,167,167,193,193,203,223,253,253,358,358,377,56,56,67,18,18,18],"floor_reached":24,"playtime":843,"items_purged":[],"score":308,"play_id":"ded76af6-74f1-4f22-b9fb-0d4a8774656e","local_time":"20190211014922","is_ascension_mode":true,"campfire_choices":[{"floor":8,"key":"REST"},{"floor":15,"key":"REST"},{"floor":23,"key":"REST"}],"neow_cost":"NONE","seed_source_timestamp":474318228159826,"circlet_count":0,"master_deck":["Strike_B","Strike_B","Defend_B","Defend_B","Defend_B","Defend_B","Zap","Dualcast","Gash","Rebound","Ball Lightning","Zap","Rebound","Leap","Conserve Battery","Static Discharge","Ball Lightning","Reboot","Loop+1","Capacitor","Biased Cognition","Rebound","Gash"],"relics":["Cracked Core","NeowsBlessing","Gremlin Horn","Bag of Marbles","Question Card","Matryoshka","Blue Candle","Toy Ornithopter"],"potions_floor_usage":[10,13,13,21],"damage_taken":[{"damage":0,"enemies":"Small Slimes","floor":1,"turns":1},{"damage":0,"enemies":"Cultist","floor":5,"turns":1},{"damage":0,"enemies":"3 Sentries","floor":6,"turns":1},{"damage":31,"enemies":"Gremlin Nob","floor":7,"turns":4},{"damage":16,"enemies":"Gremlin Nob","floor":10,"turns":3},{"damage":12,"enemies":"Jaw Worm","floor":12,"turns":2},{"damage":0,"enemies":"3 Louse","floor":13,"turns":4},{"damage":7,"enemies":"Lagavulin","floor":14,"turns":6},{"damage":5,"enemies":"Slime Boss","floor":16,"turns":8},{"damage":20,"enemies":"3 Byrds","floor":18,"turns":2},{"damage":28,"enemies":"2 Thieves","floor":21,"turns":3},{"damage":42,"enemies":"Slavers","floor":24,"turns":3}],"seed_played":"1753820131477386058","potions_obtained":[{"floor":5,"key":"EssenceOfSteel"},{"floor":7,"key":"Dexterity Potion"},{"floor":12,"key":"GamblersBrew"},{"floor":14,"key":"GamblersBrew"},{"floor":18,"key":"LiquidBronze"}],"is_trial":false,"path_per_floor":["M","$","?","$","M","E","?","R","T","E","?","M","M","E","R","B",null,"M","$","?","M","$","R","E"],"character_chosen":"DEFECT","items_purchased":["Rebound","Toy Ornithopter","Capacitor","Fire Potion","Gash"],"campfire_rested":3,"item_purchase_floors":[2,19,19,19,22],"current_hp_per_floor":[68,68,68,68,68,68,37,59,59,43,36,24,24,17,39,34,65,45,45,45,22,22,44,2],"gold":18,"neow_bonus":"THREE_ENEMY_KILL","is_prod":false,"is_daily":false,"chose_seed":false,"campfire_upgraded":0,"win_rate":0,"timestamp":1549871362,"path_taken":["M","$","?","$","?","E","?","R","T","E","?","M","M","E","R","BOSS","M","$","?","?","$","R","E"],"build_version":"2019-01-23","purchased_purges":0,"victory":false,"max_hp_per_floor":[75,75,75,75,75,75,75,75,75,75,75,75,75,75,75,75,75,75,75,75,75,75,75,75],"card_choices":[{"not_picked":["Genetic Algorithm","Sweeping Beam"],"picked":"Gash","floor":1},{"not_picked":["Turbo","Barrage","Compile Driver"],"picked":"SKIP","floor":5},{"not_picked":["Heatsinks","Multi-Cast","Streamline"],"picked":"SKIP","floor":6},{"not_picked":["Loop","Consume"],"picked":"Rebound","floor":7},{"not_picked":["Scrape","Genetic Algorithm","Darkness"],"picked":"Leap","floor":10},{"not_picked":["Coolheaded","Stack","Turbo"],"picked":"Conserve Battery","floor":12},{"not_picked":["Steam","Cold Snap","Beam Cell"],"picked":"Static Discharge","floor":13},{"not_picked":["Streamline","Leap","Genetic Algorithm"],"picked":"Ball Lightning","floor":14},{"not_picked":["Machine Learning","Hyperbeam","Fission"],"picked":"Reboot","floor":16},{"not_picked":["Turbo+1","Compile Driver+1","Genetic Algorithm+1"],"picked":"Loop+1","floor":18},{"not_picked":["Sweeping Beam","Compile Driver","Beam Cell"],"picked":"Rebound","floor":21}],"player_experience":475427,"relics_obtained":[{"floor":6,"key":"Gremlin Horn"},{"floor":7,"key":"Bag of Marbles"},{"floor":9,"key":"Question Card"},{"floor":10,"key":"Matryoshka"},{"floor":14,"key":"Blue Candle"}],"event_choices":[{"damage_healed":0,"gold_gain":0,"player_choice":"2 cards matched","damage_taken":0,"max_hp_gain":0,"max_hp_loss":0,"event_name":"Match and Keep!","floor":3,"gold_loss":0,"cards_obtained":["Ball Lightning","Zap"]},{"damage_healed":0,"gold_gain":30,"player_choice":"Searched \u00273\u0027 times","damage_taken":0,"max_hp_gain":0,"max_hp_loss":0,"event_name":"Dead Adventurer","floor":7,"gold_loss":0},{"cards_removed":["Strike_B"],"damage_healed":0,"gold_gain":0,"player_choice":"Card Removal","damage_taken":7,"max_hp_gain":0,"max_hp_loss":0,"event_name":"Golden Wing","floor":11,"gold_loss":0},{"damage_healed":0,"gold_gain":0,"cards_transformed":["Strike_B"],"player_choice":"Transformed","damage_taken":0,"max_hp_gain":0,"max_hp_loss":0,"event_name":"Transmorgrifier","floor":20,"gold_loss":0,"cards_obtained":["Biased Cognition"]}],"is_beta":false,"boss_relics":[{"not_picked":["Cursed Key","Snecko Eye","FrozenCore"]}],"items_purged_floors":[],"is_endless":false,"potions_floor_spawned":[5,7,12,14,18],"killed_by":"Slavers","ascension_level":6}