{"gold_per_floor":[116,128,128,139,152,152,152,168,192,29,29,44,74,88,88,88],"floor_reached":16,"playtime":580,"items_purged":[],"score":203,"play_id":"608f1580-3021-46d4-a47e-28f80e8544bc","local_time":"20190329001934","is_ascension_mode":true,"campfire_choices":[{"floor":6,"key":"REST"},{"floor":15,"key":"REST"}],"neow_cost":"NONE","seed_source_timestamp":702471632519392,"circlet_count":0,"master_deck":["AscendersBane","Strike_B","Strike_B","Strike_B","Defend_B","Defend_B","Defend_B","Defend_B","Zap","Dualcast","Conserve Battery","Self Repair","Defragment","Defragment","Darkness","Biased Cognition","Leap"],"relics":["Cracked Core","NeowsBlessing","Dream Catcher","MerchantsRug","Oddly Smooth Stone"],"potions_floor_usage":[8],"damage_taken":[{"damage":0,"enemies":"Jaw Worm","floor":1,"turns":1},{"damage":0,"enemies":"2 Louse","floor":2,"turns":1},{"damage":0,"enemies":"Cultist","floor":4,"turns":1},{"damage":40,"enemies":"Gremlin Gang","floor":5,"turns":4},{"damage":14,"enemies":"Large Slime","floor":8,"turns":7},{"damage":13,"enemies":"3 Louse","floor":12,"turns":4},{"damage":18,"enemies":"Lagavulin","floor":13,"turns":7},{"damage":15,"enemies":"Blue Slaver","floor":14,"turns":4},{"damage":32,"enemies":"Slime Boss","floor":16,"turns":6}],"seed_played":"5537021973688688204","potions_obtained":[{"floor":2,"key":"Regen Potion"},{"floor":12,"key":"LiquidBronze"},{"floor":14,"key":"Poison Potion"}],"is_trial":false,"path_per_floor":["M","M","$","M","M","R","?","M","T","$","?","M","E","M","R","B"],"character_chosen":"DEFECT","items_purchased":["MerchantsRug"],"campfire_rested":2,"item_purchase_floors":[10],"current_hp_per_floor":[64,64,64,64,24,45,45,47,47,47,47,41,30,15,36,4],"gold":88,"neow_bonus":"THREE_ENEMY_KILL","is_prod":false,"is_daily":false,"chose_seed":false,"campfire_upgraded":0,"win_rate":0,"timestamp":1553836774,"path_taken":["M","M","$","M","M","R","?","M","T","$","?","?","E","M","R","BOSS"],"build_version":"2019-01-23","purchased_purges":0,"victory":false,"max_hp_per_floor":[71,71,71,71,71,71,71,71,71,71,71,71,71,71,71,71],"card_choices":[{"not_picked":["Go for the Eyes","BootSequence"],"picked":"Conserve Battery","floor":1},{"not_picked":["Barrage","Redo"],"picked":"Self Repair","floor":2},{"not_picked":["Sweeping Beam","Beam Cell","Double Energy"],"picked":"SKIP","floor":4},{"not_picked":["Redo","Fusion"],"picked":"Defragment","floor":5},{"not_picked":["BootSequence","Steam Power"],"picked":"Defragment","floor":8},{"not_picked":["Hologram","Barrage"],"picked":"Darkness","floor":12},{"not_picked":["Loop","Scrape"],"picked":"Biased Cognition","floor":13},{"not_picked":["Barrage","Turbo","Sweeping Beam"],"picked":"SKIP","floor":14},{"not_picked":["Hologram","Sweeping Beam"],"picked":"Leap","floor":15}],"player_experience":863968,"relics_obtained":[{"floor":9,"key":"Dream Catcher"},{"floor":13,"key":"Oddly Smooth Stone"}],"event_choices":[{"damage_healed":0,"gold_gain":0,"player_choice":"Leave","damage_taken":0,"max_hp_gain":0,"max_hp_loss":0,"event_name":"The Cleric","floor":7,"gold_loss":0},{"cards_removed":["Strike_B"],"damage_healed":0,"gold_gain":0,"player_choice":"Purged","damage_taken":0,"max_hp_gain":0,"max_hp_loss":0,"event_name":"Purifier","floor":11,"gold_loss":0}],"is_beta":false,"boss_relics":[],"items_purged_floors":[],"is_endless":false,"potions_floor_spawned":[2,12,14],"killed_by":"Slime Boss","ascension_level":19}