{"gold_per_floor":[116,116,1,1,19,52,68,99,99,117,117,134,165,184,184,184],"floor_reached":16,"playtime":704,"items_purged":["Injury"],"score":147,"play_id":"16faf240-a2ae-4555-b4d8-85568e67c379","local_time":"20180830183015","is_ascension_mode":false,"campfire_choices":[{"floor":11,"key":"REST"},{"floor":15,"key":"REST"}],"neow_cost":"NONE","seed_source_timestamp":1343133983343064,"circlet_count":0,"master_deck":["Strike_B","Strike_B","Strike_B","Strike_B","Defend_B+1","Defend_B","Defend_B","Defend_B","Zap","Dualcast","Zap+1","Capacitor","Double Energy","Loop","Redo"],"relics":["Cracked Core","NeowsBlessing","Dodecahedron","Blood Vial","Mercury Hourglass","Thread and Needle"],"potions_floor_usage":[7,12,12,13,13],"damage_taken":[{"damage":0,"enemies":"Jaw Worm","floor":1,"turns":1},{"damage":0,"enemies":"Cultist","floor":5,"turns":1},{"damage":0,"enemies":"Lagavulin","floor":6,"turns":1},{"damage":5,"enemies":"Small Slimes","floor":7,"turns":3},{"damage":39,"enemies":"Gremlin Nob","floor":8,"turns":5},{"damage":7,"enemies":"3 Louse","floor":10,"turns":3},{"damage":10,"enemies":"Looter","floor":12,"turns":2},{"damage":23,"enemies":"3 Sentries","floor":13,"turns":5},{"damage":4,"enemies":"Large Slime","floor":14,"turns":4},{"damage":40,"enemies":"The Guardian","floor":16,"turns":9}],"seed_played":"1053214941973114959","potions_obtained":[{"floor":1,"key":"Dexterity Potion"},{"floor":5,"key":"SkillPotion"},{"floor":8,"key":"Explosive Potion"},{"floor":10,"key":"AttackPotion"},{"floor":12,"key":"Regen Potion"}],"is_trial":false,"path_per_floor":["M","?","$","?","M","E","M","E","T","M","R","M","E","M","R"],"character_chosen":"DEFECT","items_purchased":["Capacitor"],"campfire_rested":2,"item_purchase_floors":[3],"current_hp_per_floor":[75,75,75,60,60,60,55,16,16,11,33,25,18,16,38,0],"gold":184,"neow_bonus":"THREE_ENEMY_KILL","is_prod":false,"is_daily":false,"chose_seed":false,"campfire_upgraded":0,"win_rate":0.0,"timestamp":1535679015,"path_taken":["M","?","$","?","M","E","M","E","T","M","R","M","E","M","R","BOSS"],"build_version":"2018-08-23v2","purchased_purges":1,"victory":false,"max_hp_per_floor":[75,75,75,75,75,75,75,75,75,75,75,75,75,75,75,75],"card_choices":[{"not_picked":["Auto Shields","Conserve Battery","Heatsinks"],"picked":"SKIP","floor":1},{"not_picked":["Stack","Hello World"],"picked":"Double Energy","floor":5},{"not_picked":["Chill","Leap","Cold Snap"],"picked":"SKIP","floor":6},{"not_picked":["Go for the Eyes","Cold Snap"],"picked":"Loop","floor":7},{"not_picked":["Hello World","Gash","Fission"],"picked":"SKIP","floor":8},{"not_picked":["Lockon","Beam Cell","Gash"],"picked":"SKIP","floor":10},{"not_picked":["Rebound","Leap"],"picked":"Redo","floor":12},{"not_picked":["Steam","Redo","Blizzard"],"picked":"SKIP","floor":13},{"not_picked":["White Noise","Glacier","Cold Snap"],"picked":"SKIP","floor":14}],"player_experience":87394,"relics_obtained":[{"floor":6,"key":"Dodecahedron"},{"floor":8,"key":"Blood Vial"},{"floor":9,"key":"Mercury Hourglass"},{"floor":13,"key":"Thread and Needle"}],"event_choices":[{"event_name":"Match and Keep!","player_choice":"2 cards matched","floor":2,"damage_taken":0},{"event_name":"Shining Light","player_choice":"Entered Light","floor":4,"damage_taken":0}],"is_beta":false,"boss_relics":[],"items_purged_floors":[3],"is_endless":false,"potions_floor_spawned":[1,5,8,10,12],"killed_by":"The Guardian","ascension_level":0}