{"gold_per_floor":[112,112,112,132,132,132,152,163,189,189,209,12,46,64,64,137,137,154,204,204,204,221,221,252,252],"floor_reached":25,"playtime":687,"items_purged":[],"score":528,"play_id":"47e2eb47-64b1-44ca-b35e-cbc554144e00","local_time":"20190325095804","is_ascension_mode":true,"campfire_choices":[{"data":"Defragment","floor":6,"key":"SMITH"},{"floor":10,"key":"REST"},{"data":"Rainbow","floor":15,"key":"SMITH"},{"floor":23,"key":"REST"}],"neow_cost":"NONE","seed_source_timestamp":391484453581964,"circlet_count":0,"master_deck":["AscendersBane","Strike_B+1","Strike_B+1","Defend_B+1","Defend_B+1","Defend_B+1","Defend_B+1","Zap+1","Dualcast","Cold Snap","Tempest","Defragment+1","Doom and Gloom","Hello World","Barrage","FTL","Conserve Battery","Rebound","Rainbow+1","Echo Form","Coolheaded","White Noise+1","Gash","Chaos+1","Hello World","Biased Cognition"],"relics":["Cracked Core","NeowsBlessing","Art of War","Blood Vial","DataDisk","Bottled Tornado","Orrery","War Paint"],"potions_floor_usage":[13,16,18,22],"damage_taken":[{"damage":0,"enemies":"Jaw Worm","floor":1,"turns":1},{"damage":0,"enemies":"Small Slimes","floor":4,"turns":1},{"damage":0,"enemies":"2 Louse","floor":7,"turns":1},{"damage":21,"enemies":"Lots of Slimes","floor":8,"turns":3},{"damage":6,"enemies":"2 Fungi Beasts","floor":11,"turns":3},{"damage":14,"enemies":"Gremlin Nob","floor":13,"turns":4},{"damage":0,"enemies":"Large Slime","floor":14,"turns":3},{"damage":0,"enemies":"Slime Boss","floor":16,"turns":6},{"damage":12,"enemies":"3 Byrds","floor":18,"turns":3},{"damage":22,"enemies":"2 Thieves","floor":22,"turns":2},{"damage":37,"enemies":"Book of Stabbing","floor":24,"turns":5},{"damage":22,"enemies":"Shelled Parasite and Fungi","floor":25,"turns":1}],"seed_played":"-5630721510730154552","potions_obtained":[{"floor":11,"key":"Weak Potion"},{"floor":13,"key":"Weak Potion"},{"floor":14,"key":"SkillPotion"},{"floor":18,"key":"PowerPotion"}],"is_trial":false,"path_per_floor":["M","?","?","M","?","R","M","M","T","R","M","$","E","M","R","B",null,"M","?","?","?","M","R","E","M"],"character_chosen":"DEFECT","items_purchased":["DataDisk","Conserve Battery"],"campfire_rested":2,"item_purchase_floors":[12,12],"current_hp_per_floor":[64,53,53,53,53,53,53,32,32,53,49,49,37,39,39,41,64,54,54,54,50,30,51,16,0],"gold":252,"neow_bonus":"THREE_ENEMY_KILL","is_prod":false,"is_daily":false,"chose_seed":false,"campfire_upgraded":2,"win_rate":0,"timestamp":1553525884,"path_taken":["M","?","?","M","?","R","?","M","T","R","M","$","E","M","R","BOSS","M","?","?","?","M","R","E","?"],"build_version":"2019-01-23","purchased_purges":0,"victory":false,"max_hp_per_floor":[71,71,71,71,71,71,71,71,71,71,71,71,71,71,71,71,71,71,71,71,71,71,71,71,71],"card_choices":[{"not_picked":["Steam","Rebound"],"picked":"Cold Snap","floor":1},{"not_picked":["Leap","Sunder"],"picked":"Defragment","floor":4},{"not_picked":["Sweeping Beam","White Noise"],"picked":"Hello World","floor":7},{"not_picked":["Beam Cell","Static Discharge"],"picked":"Barrage","floor":8},{"not_picked":["Turbo","Gash"],"picked":"FTL","floor":11},{"not_picked":["Hologram","Barrage"],"picked":"Rebound","floor":13},{"not_picked":["Sunder","Skim"],"picked":"Rainbow","floor":14},{"not_picked":["Core Surge","Creative AI"],"picked":"Echo Form","floor":16},{"not_picked":["Streamline","Redo"],"picked":"Coolheaded","floor":17},{"not_picked":["Barrage","Beam Cell"],"picked":"White Noise","floor":17},{"not_picked":["Consume","Hello World"],"picked":"Gash","floor":17},{"not_picked":["Sweeping Beam","Loop"],"picked":"Chaos+1","floor":18},{"not_picked":["Go for the Eyes","Lockon"],"picked":"Hello World","floor":22},{"not_picked":["Aggregate","Redo"],"picked":"Biased Cognition","floor":24}],"player_experience":836689,"relics_obtained":[{"floor":9,"key":"Blood Vial"},{"floor":13,"key":"Bottled Tornado"},{"floor":24,"key":"War Paint"}],"event_choices":[{"damage_healed":0,"gold_gain":0,"player_choice":"Success","damage_taken":11,"relics_obtained":["Art of War"],"max_hp_gain":0,"max_hp_loss":0,"event_name":"Scrap Ooze","floor":2,"gold_loss":0},{"damage_healed":0,"gold_gain":0,"cards_transformed":["Strike_B"],"player_choice":"Change","damage_taken":0,"max_hp_gain":0,"max_hp_loss":0,"event_name":"Living Wall","floor":3,"gold_loss":0,"cards_obtained":["Tempest"]},{"damage_healed":0,"gold_gain":0,"cards_transformed":["Strike_B"],"player_choice":"Transformed","damage_taken":0,"max_hp_gain":0,"max_hp_loss":0,"event_name":"Transmorgrifier","floor":5,"gold_loss":0,"cards_obtained":["Doom and Gloom"]},{"damage_healed":0,"gold_gain":50,"player_choice":"Stole From Cult","damage_taken":0,"max_hp_gain":0,"max_hp_loss":0,"event_name":"Nest","floor":19,"gold_loss":0},{"damage_healed":0,"gold_gain":0,"player_choice":"Simplicity","damage_taken":0,"max_hp_gain":0,"max_hp_loss":0,"event_name":"Back to Basics","floor":20,"gold_loss":0,"cards_upgraded":["Strike_B","Strike_B","Defend_B","Defend_B","Defend_B","Defend_B"]},{"damage_healed":0,"gold_gain":0,"player_choice":"Bought 0 Potions","damage_taken":0,"max_hp_gain":0,"max_hp_loss":0,"event_name":"The Woman in Blue","floor":21,"gold_loss":0}],"is_beta":false,"boss_relics":[{"not_picked":["Empty Cage","Cursed Key"],"picked":"Orrery"}],"items_purged_floors":[],"is_endless":false,"potions_floor_spawned":[11,13,14,18],"killed_by":"Shelled Parasite and Fungi","ascension_level":19}