{"gold_per_floor":[111,36,56,56,56,89,89,89,140,175,175,23,47,47,47,171,171,184,205,205,223,237,44,79,79,130,151,172,172,172,172,172,293,293,309,332,347,365,143,143,156,174,199,299,299,312,335,351,351,351],"floor_reached":51,"playtime":3174,"items_purged":["Strike_R","Defend_R","Wild Strike+1"],"score":899,"play_id":"c322efe8-a605-4c19-956a-c75aef086c85","local_time":"20190413215042","is_ascension_mode":true,"campfire_choices":[{"data":"Shrug It Off","floor":15.0,"key":"SMITH"},{"data":"Searing Blow","floor":25.0,"key":"SMITH"},{"data":"Searing Blow+1","floor":29.0,"key":"SMITH"},{"data":"Searing Blow+2","floor":32.0,"key":"SMITH"},{"data":"Flex","floor":40.0,"key":"SMITH"},{"data":"Searing Blow+3","floor":45.0,"key":"SMITH"},{"data":"Searing Blow+4","floor":49,"key":"SMITH"}],"neow_cost":"NONE","seed_source_timestamp":14040186179795,"circlet_count":0,"master_deck":["Bash","Shrug It Off+1","Flex+1","Juggernaut","Searing Blow+5","Dropkick+1","Metallicize","Seeing Red+1"],"special_seed":0,"relics":["Burning Blood","NeowsBlessing","Anchor","Lantern","Golden Idol","Oddly Smooth Stone","Pantograph","Pandora\u0027s Box","Vajra","Bag of Preparation","Philosopher\u0027s Stone","Ancient Tea Set","Art of War"],"potions_floor_usage":[48,50,50],"damage_taken":[{"damage":0.0,"enemies":"Small Slimes","floor":1.0,"turns":1.0},{"damage":0.0,"enemies":"2 Louse","floor":3.0,"turns":1.0},{"damage":0.0,"enemies":"Lagavulin","floor":6.0,"turns":1.0},{"damage":15.0,"enemies":"3 Sentries","floor":10.0,"turns":13.0},{"damage":0.0,"enemies":"Cultist","floor":13.0,"turns":2.0},{"damage":83.0,"enemies":"The Guardian","floor":16.0,"turns":18.0},{"damage":22.0,"enemies":"Shell Parasite","floor":18.0,"turns":6.0},{"damage":15.0,"enemies":"Spheric Guardian","floor":19.0,"turns":5.0},{"damage":14.0,"enemies":"Snake Plant","floor":21.0,"turns":3.0},{"damage":24.0,"enemies":"Sentry and Sphere","floor":22.0,"turns":5.0},{"damage":16.0,"enemies":"Book of Stabbing","floor":24.0,"turns":6.0},{"damage":8.0,"enemies":"Shelled Parasite and Fungi","floor":27.0,"turns":6.0},{"damage":3.0,"enemies":"Snecko","floor":28.0,"turns":4.0},{"damage":60.0,"enemies":"Champ","floor":33.0,"turns":10.0},{"damage":9.0,"enemies":"3 Shapes","floor":35.0,"turns":3.0},{"damage":11.0,"enemies":"3 Darklings","floor":36.0,"turns":4.0},{"damage":26.0,"enemies":"Maw","floor":37.0,"turns":6.0},{"damage":2.0,"enemies":"Spire Growth","floor":38.0,"turns":4.0},{"damage":28.0,"enemies":"Writhing Mass","floor":41.0,"turns":3.0},{"damage":0.0,"enemies":"Sphere and 2 Shapes","floor":42.0,"turns":3.0},{"damage":6.0,"enemies":"Jaw Worm Horde","floor":46.0,"turns":3.0},{"damage":6,"enemies":"Writhing Mass","floor":47,"turns":4},{"damage":6,"enemies":"Maw","floor":48,"turns":5},{"damage":58,"enemies":"Awakened One","floor":50,"turns":10}],"seed_played":"-449143933811552306","potions_obtained":[{"floor":6.0,"key":"SkillPotion"},{"floor":10.0,"key":"BloodPotion"},{"floor":16.0,"key":"EssenceOfSteel"},{"floor":19.0,"key":"GamblersBrew"},{"floor":21.0,"key":"SkillPotion"},{"floor":22.0,"key":"Dexterity Potion"},{"floor":24.0,"key":"Weak Potion"},{"floor":37.0,"key":"Energy Potion"},{"floor":42.0,"key":"FairyPotion"},{"floor":46.0,"key":"BloodPotion"},{"floor":47,"key":"Weak Potion"},{"floor":48,"key":"SkillPotion"}],"is_trial":false,"path_per_floor":["M","$","M","?","?","E","?","?","T","E","?","$","M","?","R","B",null,"M","M","?","M","M","$","E","R","T","M","M","R","?","?","R","B",null,"M","M","M","M","$","R","M","M","T","?","R","M","M","M","R","B",null],"character_chosen":"IRONCLAD","items_purchased":["Flex","Metallicize","Ancient Tea Set","EssenceOfSteel"],"campfire_rested":0,"item_purchase_floors":[12,23,39,39],"current_hp_per_floor":[80,80,80,73,66,72,52,52,52,43,48,48,54,54,54,10,85,69,60,60,52,34,34,24,24,24,22,25,25,53,53,53,24,85,82,77,57,61,61,61,39,45,45,45,45,45,45,45,45,26],"gold":351,"neow_bonus":"THREE_ENEMY_KILL","is_prod":false,"is_daily":false,"chose_seed":false,"campfire_upgraded":7,"win_rate":0,"timestamp":1555163442,"path_taken":["M","$","M","?","?","E","?","?","T","E","?","?","?","?","R","BOSS","M","M","?","M","?","$","E","R","T","M","M","R","?","?","R","BOSS","M","M","?","M","$","R","M","M","T","?","R","M","?","M","R","BOSS"],"build_version":"2019-01-23","purchased_purges":3,"victory":true,"max_hp_per_floor":[80,80,80,80,80,80,80,80,80,80,85,85,85,85,85,85,85,85,85,85,85,85,85,85,85,85,85,85,85,85,85,85,85,85,85,85,85,85,85,85,85,85,85,85,85,85,85,85,85,85],"card_choices":[{"not_picked":["Perfected Strike","True Grit"],"picked":"Wild Strike","floor":1.0},{"not_picked":["Intimidate","Evolve","Clothesline"],"picked":"SKIP","floor":3.0},{"not_picked":["Uppercut","Rage"],"picked":"Shrug It Off","floor":6.0},{"not_picked":["Warcry","Twin Strike","Berserk"],"picked":"SKIP","floor":10.0},{"not_picked":["Corruption","Bloodletting","Sword Boomerang"],"picked":"SKIP","floor":13.0},{"not_picked":["Bludgeon","Reaper"],"picked":"Juggernaut","floor":16.0},{"not_picked":["Headbutt","Flex"],"picked":"Searing Blow","floor":18.0},{"not_picked":["Pummel","Clothesline"],"picked":"Dropkick+1","floor":19.0},{"not_picked":["Anger","Twin Strike","Bloodletting"],"picked":"SKIP","floor":21.0},{"not_picked":["Perfected Strike","Dual Wield","Heavy Blade+1"],"picked":"SKIP","floor":22.0},{"not_picked":["Combust","Perfected Strike+1","Clothesline"],"picked":"SKIP","floor":24.0},{"not_picked":["Limit Break","Warcry","Twin Strike"],"picked":"SKIP","floor":27.0},{"not_picked":["Headbutt","Disarm","Clash+1"],"picked":"SKIP","floor":28.0},{"not_picked":["Inflame+1","Hemokinesis","Evolve+1"],"picked":"SKIP","floor":35.0},{"not_picked":["Whirlwind","Flex+1","Battle Trance"],"picked":"SKIP","floor":36.0},{"not_picked":["Body Slam+1","Clash+1","Armaments"],"picked":"SKIP","floor":37.0},{"not_picked":["Headbutt+1","Double Tap","Blood for Blood"],"picked":"SKIP","floor":38.0},{"not_picked":["Dropkick","Ghostly Armor","Clash+1"],"picked":"SKIP","floor":41.0},{"not_picked":["Corruption","Body Slam","Heavy Blade"],"picked":"SKIP","floor":42.0},{"not_picked":["Flex+1","Headbutt","Pommel Strike+1"],"picked":"SKIP","floor":46.0},{"not_picked":["Anger+1","Blood for Blood+1","Sever Soul+1"],"picked":"SKIP","floor":47},{"not_picked":["Clash+1","Twin Strike"],"picked":"Seeing Red+1","floor":48}],"player_experience":117280,"relics_obtained":[{"floor":6.0,"key":"Lantern"},{"floor":9.0,"key":"Oddly Smooth Stone"},{"floor":10.0,"key":"Pantograph"},{"floor":24.0,"key":"Vajra"},{"floor":26.0,"key":"Bag of Preparation"},{"floor":43.0,"key":"Art of War"}],"event_choices":[{"cards_removed":["Strike_R"],"damage_healed":0.0,"max_hp_gain":0.0,"max_hp_loss":0.0,"gold_gain":0.0,"event_name":"Golden Wing","player_choice":"Card Removal","floor":4.0,"gold_loss":0.0,"damage_taken":7.0},{"damage_healed":0.0,"max_hp_gain":0.0,"max_hp_loss":0.0,"gold_gain":0.0,"event_name":"Scrap Ooze","player_choice":"Success","floor":5.0,"gold_loss":0.0,"damage_taken":7.0,"relics_obtained":["Anchor"]},{"damage_healed":0.0,"max_hp_gain":0.0,"max_hp_loss":0.0,"gold_gain":0.0,"event_name":"Golden Idol","player_choice":"Take Damage","floor":7.0,"gold_loss":0.0,"damage_taken":20.0,"relics_obtained":["Golden Idol"]},{"damage_healed":0.0,"max_hp_gain":0.0,"max_hp_loss":0.0,"gold_gain":0.0,"event_name":"Living Wall","player_choice":"Grow","floor":8.0,"gold_loss":0.0,"damage_taken":0.0,"cards_upgraded":["Wild Strike"]},{"damage_healed":0.0,"max_hp_gain":5.0,"max_hp_loss":0.0,"gold_gain":0.0,"event_name":"Big Fish","player_choice":"Donut","floor":11.0,"gold_loss":0.0,"damage_taken":0.0},{"damage_healed":0.0,"max_hp_gain":0.0,"max_hp_loss":0.0,"gold_gain":0.0,"event_name":"Shining Light","player_choice":"Ignored","floor":14.0,"gold_loss":0.0,"damage_taken":0.0},{"damage_healed":0.0,"max_hp_gain":0.0,"max_hp_loss":0.0,"gold_gain":0.0,"event_name":"Match and Keep!","player_choice":"0 cards matched","floor":20.0,"gold_loss":0.0,"damage_taken":0.0,"cards_obtained":[]},{"damage_healed":28.0,"max_hp_gain":0.0,"max_hp_loss":0.0,"gold_gain":0.0,"event_name":"The Library","player_choice":"Heal","floor":30.0,"gold_loss":0.0,"damage_taken":0.0},{"damage_healed":0.0,"max_hp_gain":0.0,"max_hp_loss":0.0,"gold_gain":0.0,"event_name":"Duplicator","player_choice":"Ignored","floor":31.0,"gold_loss":0.0,"damage_taken":0.0},{"damage_healed":0.0,"max_hp_gain":0.0,"max_hp_loss":0.0,"gold_gain":100.0,"event_name":"Golden Shrine","player_choice":"Pray","floor":44.0,"gold_loss":0.0,"damage_taken":0.0}],"is_beta":false,"boss_relics":[{"not_picked":["Lizard Tail","Astrolabe"],"picked":"Pandora\u0027s Box"},{"not_picked":["Fusion Hammer","Orrery"],"picked":"Philosopher\u0027s Stone"}],"items_purged_floors":[2,12,23],"is_endless":false,"potions_floor_spawned":[6,10,16,19,21,22,24,37,42,46,47,48],"ascension_level":2}