{"gold_per_floor":[116,49,68,80,94,121,131,131,131,147,176,27,56,56],"floor_reached":14,"playtime":699,"items_purged":["Strike_B"],"score":219,"play_id":"235bfd57-8a6a-4e4c-95f7-63cb59eefdea","local_time":"20190410124808","is_ascension_mode":true,"campfire_choices":[{"floor":8,"key":"REST"}],"neow_cost":"NONE","seed_source_timestamp":0,"circlet_count":0,"master_deck":["AscendersBane","Strike_B+1","Strike_B","Strike_B","Defend_B","Defend_B","Defend_B","Defend_B","Zap","Dualcast","BootSequence","Loop","Hologram","Loop","Conserve Battery","Cold Snap+1","FTL","Leap","Self Repair","Storm"],"special_seed":0,"relics":["Cracked Core","PreservedInsect","Mummified Hand","Whetstone","Torii"],"potions_floor_usage":[6,6,11,13],"damage_taken":[{"damage":1.0,"enemies":"Cultist","floor":1.0,"turns":3.0},{"damage":7,"enemies":"Small Slimes","floor":3,"turns":3},{"damage":0,"enemies":"Jaw Worm","floor":4,"turns":4},{"damage":11,"enemies":"Blue Slaver","floor":5,"turns":5},{"damage":18,"enemies":"Lagavulin","floor":6,"turns":7},{"damage":33,"enemies":"Gremlin Gang","floor":7,"turns":7},{"damage":17,"enemies":"Lots of Slimes","floor":10,"turns":7},{"damage":11,"enemies":"3 Sentries","floor":11,"turns":7},{"damage":0,"enemies":"Lagavulin","floor":13,"turns":5},{"damage":11,"enemies":"Blue Slaver","floor":14,"turns":3}],"seed_played":"-8253081111006458334","potions_obtained":[{"floor":1,"key":"PowerPotion"},{"floor":3,"key":"Poison Potion"},{"floor":6,"key":"SpeedPotion"},{"floor":7,"key":"FearPotion"}],"is_trial":false,"path_per_floor":["M","$","M","M","M","E","M","R","T","M","E","$","E","M"],"character_chosen":"DEFECT","items_purchased":["Loop","Self Repair"],"campfire_rested":1,"item_purchase_floors":[2,12],"current_hp_per_floor":[74,74,67,67,56,38,5,29,29,12,1,1,8,0],"gold":56,"neow_bonus":"TEN_PERCENT_HP_BONUS","is_prod":false,"is_daily":false,"chose_seed":false,"campfire_upgraded":0,"win_rate":0,"timestamp":1554925688,"path_taken":["M","$","?","M","M","E","M","R","T","M","E","$","E","M"],"build_version":"2019-01-23","purchased_purges":1,"victory":false,"max_hp_per_floor":[82,82,82,82,82,82,82,82,82,82,82,82,82,82],"card_choices":[{"not_picked":["Ball Lightning","Turbo"],"picked":"BootSequence","floor":1},{"not_picked":["Recycle","Turbo"],"picked":"Hologram","floor":3},{"not_picked":["Steam Power","Hologram"],"picked":"Loop","floor":4},{"not_picked":["Doom and Gloom","Hologram"],"picked":"Conserve Battery","floor":5},{"not_picked":["Lockon","Skim"],"picked":"Cold Snap","floor":6},{"not_picked":["Redo","Lockon","Storm"],"picked":"SKIP","floor":7},{"not_picked":["Redo","Genetic Algorithm"],"picked":"FTL","floor":10},{"not_picked":["Fusion","Cold Snap"],"picked":"Leap","floor":11},{"not_picked":["Doom and Gloom","Rebound"],"picked":"Storm","floor":13}],"player_experience":347623,"relics_obtained":[{"floor":6,"key":"PreservedInsect"},{"floor":9,"key":"Mummified Hand"},{"floor":11,"key":"Whetstone"},{"floor":13,"key":"Torii"}],"event_choices":[],"is_beta":false,"boss_relics":[],"items_purged_floors":[12],"is_endless":false,"potions_floor_spawned":[1,3,6,7],"killed_by":"Blue Slaver","ascension_level":12}