{"gold_per_floor":[118,118,118,43,63,63,97,97,97,397,437,453,468,9,9,102,102,126,126,126,46,67,101,101,101,101,101,147,147],"floor_reached":29,"playtime":931,"items_purged":["Regret","Injury"],"score":579,"play_id":"f2d10812-b360-48c8-807b-e0eac6808834","local_time":"20190330074758","is_ascension_mode":true,"campfire_choices":[{"data":"Crystallizer","floor":6.0,"key":"SMITH"},{"data":"Genetic Algorithm","floor":8.0,"key":"SMITH"},{"floor":15.0,"key":"REST"},{"data":"Creative AI","floor":25.0,"key":"SMITH"},{"data":"BasicCrystalCard","floor":27.0,"key":"SMITH"}],"neow_cost":"NONE","seed_source_timestamp":815308338415995,"circlet_count":0,"master_deck":["AscendersBane","Strike_B","Strike_B","Strike_B","Strike_B","Defend_B","Defend_B","Defend_B","Defend_B","Zap","Dualcast","Crystallizer+1","Ball Lightning","Genetic Algorithm+1","BasicCrystalCard+1","Conserve Battery","Cold Snap","Coolheaded","Self Repair","Creative AI+1","Chill","Chill","Core Surge","Cold Snap","ReplayTheSpireMod:Calculation Training","Redo+1","Genetic Algorithm+1"],"special_seed":0,"relics":["Cracked Core","NeowsBlessing","Bloody Idol","Solar Panel","ReplayFunnel","Letter Opener","Old Coin","ReplayTheSpireMod:Shallot","Runic Capacitor","Orrery","Pet Ghost","Mercury Hourglass","Potion Belt"],"potions_floor_usage":[],"damage_taken":[{"damage":0.0,"enemies":"Small Slimes","floor":1.0,"turns":1.0},{"damage":0.0,"enemies":"Cultist","floor":5.0,"turns":1.0},{"damage":0.0,"enemies":"Lagavulin","floor":7.0,"turns":1.0},{"damage":35.0,"enemies":"Gremlin Nob","floor":11.0,"turns":4.0},{"damage":0.0,"enemies":"2 Louse","floor":12.0,"turns":3.0},{"damage":0.0,"enemies":"2 Fungi Beasts","floor":13.0,"turns":2.0},{"damage":5.0,"enemies":"The Guardian","floor":16.0,"turns":11.0},{"damage":12.0,"enemies":"Shell Parasite","floor":18.0,"turns":10.0},{"damage":0.0,"enemies":"Chosen","floor":22.0,"turns":6.0},{"damage":0.0,"enemies":"Slavers","floor":23.0,"turns":5.0},{"damage":72,"enemies":"Book of Stabbing","floor":29,"turns":7}],"seed_played":"-9190530070339866650","potions_obtained":[{"floor":1.0,"key":"Dexterity Potion"},{"floor":11.0,"key":"Weak Potion"},{"floor":12.0,"key":"Swift Potion"},{"floor":18.0,"key":"Explosive Potion"}],"is_trial":false,"path_per_floor":["M","?","?","$","M","R","E","R","T","?","E","M","M","$","R","B",null,"M","?","?","?","M","E","?","R","T","R","T","E"],"character_chosen":"DEFECT","items_purchased":["Runic Capacitor","Coolheaded","Self Repair"],"campfire_rested":1,"item_purchase_floors":[14,14,14],"current_hp_per_floor":[64,64,64,64,66,66,68,68,68,68,39,39,43,43,64,71,71,71,71,71,71,71,71,71,71,71,71,71,0],"gold":147,"neow_bonus":"THREE_ENEMY_KILL","is_prod":false,"is_daily":false,"chose_seed":false,"campfire_upgraded":4,"win_rate":0,"timestamp":1553950078,"path_taken":["M","?","?","$","M","R","E","R","T","?","E","?","?","?","R","BOSS","M","?","?","?","?","E","?","R","T","R","?","E"],"build_version":"2019-01-23","purchased_purges":2,"victory":false,"max_hp_per_floor":[71,71,71,71,71,71,71,71,71,71,71,71,71,71,71,71,71,71,71,71,71,71,71,71,71,71,71,71,71],"card_choices":[{"not_picked":["Go for the Eyes","Gash"],"picked":"Crystallizer","floor":1.0},{"not_picked":["Reprogram","Stack"],"picked":"Ball Lightning","floor":5.0},{"not_picked":["Reprogram","ReplaySolidLightProjector"],"picked":"Genetic Algorithm","floor":7.0},{"not_picked":["Ball Lightning","Sweeping Beam"],"picked":"BasicCrystalCard","floor":11.0},{"not_picked":["BasicCrystalCard","Ball Lightning"],"picked":"Conserve Battery","floor":12.0},{"not_picked":["Crystallizer","Self Repair"],"picked":"Cold Snap","floor":13.0},{"not_picked":["Core Surge","Biased Cognition"],"picked":"Creative AI","floor":16.0},{"not_picked":["Compile Driver","ReplayGash"],"picked":"Chill","floor":17.0},{"not_picked":["Ball Lightning","Steam"],"picked":"Chill","floor":17.0},{"not_picked":["Gash","Lockon"],"picked":"Core Surge","floor":17.0},{"not_picked":["Turbo","Barrage"],"picked":"Cold Snap","floor":18.0},{"not_picked":["Panic Button","Hologram"],"picked":"Redo+1","floor":22.0},{"not_picked":["Conserve Battery","Coolheaded"],"picked":"Genetic Algorithm+1","floor":23.0}],"player_experience":870389,"relics_obtained":[{"floor":7.0,"key":"ReplayFunnel"},{"floor":9.0,"key":"Letter Opener"},{"floor":11.0,"key":"ReplayTheSpireMod:Shallot"},{"floor":23.0,"key":"Pet Ghost"},{"floor":26.0,"key":"Mercury Hourglass"},{"floor":28.0,"key":"Potion Belt"}],"event_choices":[{"damage_healed":0.0,"max_hp_gain":0.0,"max_hp_loss":0.0,"gold_gain":0.0,"event_name":"Golden Idol","player_choice":"Take Wound","floor":2.0,"gold_loss":0.0,"damage_taken":0.0,"relics_obtained":["Golden Idol"],"cards_obtained":["Injury"]},{"damage_healed":0.0,"max_hp_gain":0.0,"max_hp_loss":0.0,"gold_gain":0.0,"event_name":"Big Fish","player_choice":"Box","floor":3.0,"gold_loss":0.0,"damage_taken":0.0,"relics_obtained":["Solar Panel"],"cards_obtained":["Regret"]},{"damage_healed":0.0,"max_hp_gain":0.0,"max_hp_loss":0.0,"gold_gain":0.0,"event_name":"WeMeetAgain","player_choice":"Gave Potion","floor":10.0,"gold_loss":0.0,"damage_taken":0.0,"relics_obtained":["Old Coin"]},{"damage_healed":0.0,"max_hp_gain":0.0,"max_hp_loss":0.0,"gold_gain":0.0,"event_name":"Ghosts","player_choice":"Ignored","floor":19.0,"gold_loss":0.0,"damage_taken":0.0},{"damage_healed":0.0,"max_hp_gain":0.0,"max_hp_loss":0.0,"gold_gain":0.0,"event_name":"The Library","player_choice":"Read","floor":20.0,"gold_loss":0.0,"damage_taken":0.0,"cards_obtained":["ReplayTheSpireMod:Calculation Training"]},{"damage_healed":0.0,"max_hp_gain":0.0,"max_hp_loss":0.0,"gold_gain":0.0,"event_name":"Forgotten Altar","player_choice":"Gave Idol","floor":24.0,"relics_lost":["Golden Idol"],"gold_loss":0.0,"damage_taken":0.0,"relics_obtained":["Bloody Idol"]}],"is_beta":false,"boss_relics":[{"not_picked":["Busted Crown","Pandora\u0027s Box"],"picked":"Orrery"}],"items_purged_floors":[4,14],"is_endless":false,"potions_floor_spawned":[1,11,12,13,18],"killed_by":"Book of Stabbing","ascension_level":19}