{"gold_per_floor":[110,129,129,142,161,196,196,196,196,196,216,230,253,223,223,223],"floor_reached":16,"playtime":828,"items_purged":[],"score":102,"play_id":"8f964a79-3232-478c-850b-8139d5996685","local_time":"20181124175530","is_ascension_mode":false,"campfire_choices":[{"floor":7,"key":"REST"},{"floor":10,"key":"REST"},{"data":"Metallicize","floor":15,"key":"SMITH"}],"neow_cost":"CURSE","seed_source_timestamp":668340297841296,"circlet_count":0,"master_deck":["Strike_R","Strike_R","Strike_R","Strike_R","Strike_R","Defend_R","Defend_R","Defend_R","Defend_R","Bash","Decay","Combust","Metallicize+1","Body Slam","Shrug It Off","Thunderclap","True Grit","Iron Wave","Flex","Inflame"],"relics":["Burning Blood","Calipers","Mummified Hand","Question Card","Matryoshka","Odd Mushroom"],"potions_floor_usage":[12,16,16,16],"damage_taken":[{"damage":8,"enemies":"Jaw Worm","floor":1,"turns":5},{"damage":17,"enemies":"Cultist","floor":2,"turns":6},{"damage":9,"enemies":"2 Louse","floor":4,"turns":4},{"damage":27,"enemies":"Large Slime","floor":5,"turns":10},{"damage":32,"enemies":"3 Sentries","floor":6,"turns":10},{"damage":2,"enemies":"3 Louse","floor":11,"turns":3},{"damage":13,"enemies":"Exordium Wildlife","floor":12,"turns":7},{"damage":15,"enemies":"The Mushroom Lair","floor":13,"turns":4},{"damage":9,"enemies":"Looter","floor":14,"turns":4},{"damage":64,"enemies":"Hexaghost","floor":16,"turns":14}],"seed_played":"-5198001435395909781","potions_obtained":[{"floor":2,"key":"BloodPotion"},{"floor":3,"key":"Energy Potion"},{"floor":3,"key":"SpeedPotion"},{"floor":12,"key":"Fruit Juice"}],"is_trial":false,"path_per_floor":["M","M","?","M","M","E","R","T","T","R","M","M","?","M","R","B"],"character_chosen":"IRONCLAD","items_purchased":[],"campfire_rested":2,"item_purchase_floors":[],"current_hp_per_floor":[78,67,67,64,43,17,41,41,41,65,69,62,53,50,50,0],"gold":223,"neow_bonus":"ONE_RARE_RELIC","is_prod":false,"is_daily":false,"chose_seed":false,"campfire_upgraded":1,"win_rate":0.0,"timestamp":1543103730,"path_taken":["M","M","?","M","?","E","R","?","T","R","M","?","?","M","R","BOSS"],"build_version":"2018-11-15","purchased_purges":0,"victory":false,"max_hp_per_floor":[80,80,80,80,80,80,80,80,80,80,80,80,80,80,80,85],"card_choices":[{"not_picked":["Clothesline","Warcry"],"picked":"Combust","floor":1},{"not_picked":["Anger","True Grit"],"picked":"Metallicize","floor":2},{"not_picked":["Dual Wield","Combust"],"picked":"Body Slam","floor":4},{"not_picked":["Perfected Strike","Thunderclap"],"picked":"Shrug It Off","floor":5},{"not_picked":["Clothesline","Twin Strike"],"picked":"Thunderclap","floor":6},{"not_picked":["Clothesline","Power Through","Twin Strike"],"picked":"True Grit","floor":11},{"not_picked":["Fiend Fire","Bloodletting","Sword Boomerang"],"picked":"Iron Wave","floor":12},{"not_picked":["Sword Boomerang","Warcry","Shockwave"],"picked":"Flex","floor":13},{"not_picked":["Spot Weakness","Body Slam","Twin Strike"],"picked":"Inflame","floor":14}],"player_experience":26138,"relics_obtained":[{"floor":6,"key":"Mummified Hand"},{"floor":8,"key":"Question Card"},{"floor":9,"key":"Matryoshka"},{"floor":13,"key":"Odd Mushroom"}],"event_choices":[{"damage_healed":0,"gold_gain":0,"player_choice":"Got Potions","damage_taken":0,"max_hp_gain":0,"max_hp_loss":0,"event_name":"Lab","floor":3,"gold_loss":0},{"damage_healed":0,"gold_gain":0,"player_choice":"Fought Mushrooms","damage_taken":0,"max_hp_gain":0,"max_hp_loss":0,"event_name":"Mushrooms","floor":13,"gold_loss":0}],"is_beta":false,"boss_relics":[],"items_purged_floors":[],"is_endless":false,"potions_floor_spawned":[2,5,11,12],"killed_by":"Hexaghost","ascension_level":0}