{"gold_per_floor":[115,135,135,135,15,33,33,59,359,393,47,59,59,84,84,183,183,201,215,24,24,44,44,77,94,120,149,160,160],"floor_reached":29,"playtime":2765,"items_purged":["Strike_B","Strike_B"],"score":478,"play_id":"adbc5e1e-521b-4b9f-a78c-31a9d5b8c22d","local_time":"20190412181534","is_ascension_mode":true,"campfire_choices":[{"data":"Zap","floor":7,"key":"SMITH"},{"data":"Go for the Eyes","floor":13,"key":"SMITH"},{"data":"Loop","floor":15,"key":"SMITH"},{"data":"Dualcast","floor":23,"key":"SMITH"}],"neow_cost":"NONE","seed_source_timestamp":538962658891,"circlet_count":0,"master_deck":["AscendersBane","Strike_B","Defend_B","Defend_B","Defend_B","Defend_B","Zap+1","Dualcast+1","Rebound","Go for the Eyes+1","Conserve Battery","Rebound","Loop+1","Core Surge","Magnetism+1","Self Repair+1","Undo","Conserve Battery","Electrodynamics+1","Conserve Battery","Static Discharge+1","Capacitor+1","Core Surge","Conserve Battery","Seek","Conserve Battery"],"relics":["Cracked Core","Gambling Chip","Old Coin","Frozen Egg 2","PreservedInsect","Sozu","Lantern","Bottled Flame","Juzu Bracelet"],"potions_floor_usage":[8,10,12,14],"damage_taken":[{"damage":0,"enemies":"Small Slimes","floor":1,"turns":3},{"damage":1,"enemies":"2 Louse","floor":2,"turns":2},{"damage":0,"enemies":"Cultist","floor":6,"turns":4},{"damage":20,"enemies":"3 Sentries","floor":8,"turns":6},{"damage":23,"enemies":"Lagavulin","floor":10,"turns":6},{"damage":5,"enemies":"Gremlin Gang","floor":12,"turns":5},{"damage":28,"enemies":"3 Sentries","floor":14,"turns":8},{"damage":5,"enemies":"Hexaghost","floor":16,"turns":10},{"damage":1,"enemies":"3 Byrds","floor":18,"turns":3},{"damage":7,"enemies":"Chosen","floor":19,"turns":5},{"damage":22,"enemies":"Centurion and Healer","floor":22,"turns":4},{"damage":23,"enemies":"Slavers","floor":24,"turns":6},{"damage":14,"enemies":"Shelled Parasite and Fungi","floor":25,"turns":5},{"damage":8,"enemies":"Gremlin Leader","floor":27,"turns":5},{"damage":11,"enemies":"3 Cultists","floor":28,"turns":3},{"damage":31,"enemies":"Book of Stabbing","floor":29,"turns":6}],"seed_played":"7329038501941863152","potions_obtained":[{"floor":1,"key":"Energy Potion"},{"floor":6,"key":"AttackPotion"},{"floor":8,"key":"AttackPotion"},{"floor":10,"key":"FearPotion"}],"is_trial":false,"path_per_floor":["M","M","?","?","$","M","R","E","T","E","$","M","R","E","R","B",null,"M","M","$","?","M","R","E","M","T","E","M","E"],"character_chosen":"DEFECT","items_purchased":["Conserve Battery","Magnetism+1","Self Repair+1","Lantern","Static Discharge+1"],"campfire_rested":0,"item_purchase_floors":[5,11,11,20,20],"current_hp_per_floor":[75,74,67,67,67,67,67,47,47,24,24,29,29,11,11,16,66,75,78,78,78,66,66,43,39,39,41,30,0],"gold":160,"neow_bonus":"TEN_PERCENT_HP_BONUS","is_prod":false,"is_daily":false,"chose_seed":false,"campfire_upgraded":4,"win_rate":0,"timestamp":1555118134,"path_taken":["M","M","?","?","$","M","R","E","T","E","$","?","R","E","R","BOSS","M","?","$","?","M","R","E","M","T","E","M","E"],"build_version":"2019-01-23","purchased_purges":2,"victory":false,"max_hp_per_floor":[82,82,82,82,82,82,82,82,82,82,82,82,82,82,82,82,82,82,82,82,82,82,82,82,82,82,82,82,82],"card_choices":[{"not_picked":["Hello World","Barrage"],"picked":"Rebound","floor":1},{"not_picked":["Hello World","Reinforced Body"],"picked":"Go for the Eyes","floor":2},{"not_picked":["Tempest","Stack"],"picked":"Rebound","floor":6},{"not_picked":["Double Energy","Tempest"],"picked":"Loop","floor":8},{"not_picked":["Heatsinks","Hologram"],"picked":"Core Surge","floor":10},{"not_picked":["Sunder","Go for the Eyes"],"picked":"Undo","floor":12},{"not_picked":["Stack","Compile Driver"],"picked":"Conserve Battery","floor":14},{"not_picked":["Machine Learning+1","All For One"],"picked":"Electrodynamics+1","floor":16},{"not_picked":["Compile Driver","Leap"],"picked":"Conserve Battery","floor":18},{"not_picked":["Rebound","Double Energy","Sunder"],"picked":"SKIP","floor":19},{"not_picked":["Chill","Ball Lightning+1"],"picked":"Capacitor+1","floor":22},{"not_picked":["Streamline","Steam"],"picked":"Core Surge","floor":24},{"not_picked":["Blizzard","Leap"],"picked":"Conserve Battery","floor":25},{"not_picked":["Coolheaded","Leap"],"picked":"Seek","floor":27},{"not_picked":["Reprogram","Beam Cell"],"picked":"Conserve Battery","floor":28}],"player_experience":365610,"relics_obtained":[{"floor":8,"key":"Gambling Chip"},{"floor":9,"key":"Old Coin"},{"floor":10,"key":"Frozen Egg 2"},{"floor":14,"key":"PreservedInsect"},{"floor":24,"key":"Bottled Flame"},{"floor":27,"key":"Juzu Bracelet"}],"event_choices":[{"cards_removed":["Strike_B"],"damage_healed":0,"gold_gain":0,"player_choice":"Card Removal","damage_taken":7,"max_hp_gain":0,"max_hp_loss":0,"event_name":"Golden Wing","floor":3,"gold_loss":0},{"damage_healed":0,"gold_gain":0,"player_choice":"Bought 0 Potions","damage_taken":0,"max_hp_gain":0,"max_hp_loss":0,"event_name":"The Woman in Blue","floor":4,"gold_loss":0},{"damage_healed":0,"gold_gain":0,"player_choice":"Got Potions","damage_taken":0,"max_hp_gain":0,"max_hp_loss":0,"event_name":"Lab","floor":21,"gold_loss":0}],"is_beta":false,"boss_relics":[{"not_picked":["Cursed Key","Snecko Eye"],"picked":"Sozu"}],"items_purged_floors":[5,11],"is_endless":false,"potions_floor_spawned":[1,6,8,10,18,24],"killed_by":"Book of Stabbing","ascension_level":12}