{"gold_per_floor":[117,117,117,133,208,235,235,268,348,380,380,380,380,396,396,496,496,506,526,3,15,15,15,31,56,125,125,125,157,157,168,168,264,264,278,293,309,309,328,353,353,381,381,416,52,52,70,86,86,86],"floor_reached":51,"playtime":2206,"items_purged":[],"score":1044,"play_id":"3386edfd-0f94-4517-9b61-6a3c2b849f4a","local_time":"20181029154212","is_ascension_mode":true,"campfire_choices":[{"floor":11,"key":"REST"},{"data":"Consume","floor":13,"key":"SMITH"},{"floor":15,"key":"REST"},{"data":"Darkness","floor":23,"key":"SMITH"},{"data":"Dualcast","floor":28,"key":"SMITH"},{"data":"Seek","floor":30,"key":"SMITH"},{"data":"Coolheaded","floor":32,"key":"SMITH"},{"floor":41,"key":"REST"},{"floor":49,"key":"REST"}],"neow_cost":"NONE","seed_source_timestamp":47285268853181,"circlet_count":0,"master_deck":["Strike_B+1","Strike_B+1","Strike_B+1","Defend_B+1","Defend_B+1","Defend_B+1","Defend_B+1","Zap","Dualcast+1","Capacitor+1","Conserve Battery","Glacier","Consume+1","Seek+1","Self Repair+1","Echo Form+1","White Noise+1","Darkness+1","Compile Driver","Storm+1","Coolheaded+1","Storm+1","Capacitor+1","Defragment+1","Rainbow","Ball Lightning+1","Defragment+1","Echo Form+1","Consume+1","Compile Driver","Metamorphosis","Defragment+1","Darkness+1","Rainbow"],"relics":["Cracked Core","NeowsBlessing","Ancient Tea Set","PreservedInsect","Frozen Egg 2","Bottled Flame","Mercury Hourglass","Nuclear Battery","Symbiotic Virus","Anchor","Ornamental Fan","Bottled Lightning","Mummified Hand","Fusion Hammer","Dream Catcher","Bottled Tornado","Singing Bowl","Pear","Runic Capacitor","Shuriken"],"potions_floor_usage":[8,8,16,29,31,33,37,40,40,47,50,50,50],"damage_taken":[{"damage":0,"enemies":"Cultist","floor":1,"turns":1},{"damage":0,"enemies":"Small Slimes","floor":4,"turns":1},{"damage":0,"enemies":"Lagavulin","floor":6,"turns":1},{"damage":31,"enemies":"Gremlin Nob","floor":8,"turns":5},{"damage":5,"enemies":"3 Sentries","floor":10,"turns":8},{"damage":0,"enemies":"Jaw Worm","floor":14,"turns":2},{"damage":0,"enemies":"The Guardian","floor":16,"turns":11},{"damage":9,"enemies":"Spheric Guardian","floor":18,"turns":6},{"damage":5,"enemies":"Chosen","floor":19,"turns":4},{"damage":27,"enemies":"Snake Plant","floor":21,"turns":3},{"damage":10,"enemies":"Centurion and Healer","floor":24,"turns":5},{"damage":8,"enemies":"Slavers","floor":25,"turns":3},{"damage":14,"enemies":"Book of Stabbing","floor":29,"turns":4},{"damage":2,"enemies":"3 Cultists","floor":31,"turns":4},{"damage":31,"enemies":"Automaton","floor":33,"turns":7},{"damage":12,"enemies":"3 Darklings","floor":35,"turns":2},{"damage":6,"enemies":"Orb Walker","floor":36,"turns":2},{"damage":0,"enemies":"Spire Growth","floor":37,"turns":3},{"damage":0,"enemies":"4 Shapes","floor":39,"turns":2},{"damage":26,"enemies":"Nemesis","floor":40,"turns":5},{"damage":0,"enemies":"Giant Head","floor":42,"turns":4},{"damage":29,"enemies":"Reptomancer","floor":44,"turns":3},{"damage":26,"enemies":"3 Darklings","floor":47,"turns":2},{"damage":11,"enemies":"Spire Growth","floor":48,"turns":4},{"damage":60,"enemies":"Time Eater","floor":50,"turns":4}],"seed_played":"-6596756792098686817","potions_obtained":[{"floor":1,"key":"Weak Potion"},{"floor":6,"key":"SteroidPotion"},{"floor":10,"key":"LiquidBronze"},{"floor":16,"key":"Strength Potion"},{"floor":18,"key":"Regen Potion"},{"floor":25,"key":"Poison Potion"},{"floor":29,"key":"Weak Potion"},{"floor":31,"key":"Explosive Potion"},{"floor":36,"key":"EssenceOfSteel"},{"floor":37,"key":"PowerPotion"},{"floor":40,"key":"EssenceOfSteel"},{"floor":44,"key":"Strength Potion"},{"floor":48,"key":"Swift Potion"}],"is_trial":false,"path_per_floor":["M","?","?","M","?","E","?","E","T","E","R","T","R","M","R","B",null,"M","M","$","M","?","R","M","E","T","?","R","E","R","M","R","B",null,"M","M","M","?","M","E","R","E","T","E","$","T","M","M","R","B"],"character_chosen":"DEFECT","items_purchased":["Compile Driver","Storm+1","Symbiotic Virus","Anchor","Runic Capacitor","Metamorphosis"],"campfire_rested":4,"item_purchase_floors":[20,20,20,20,45,45],"current_hp_per_floor":[75,60,53,53,42,42,42,11,11,6,28,28,28,28,50,60,75,75,75,75,58,58,58,58,60,60,46,46,42,42,62,62,41,80,78,80,80,80,80,74,80,80,80,73,73,73,47,56,83,23],"gold":86,"neow_bonus":"THREE_ENEMY_KILL","is_prod":false,"is_daily":false,"chose_seed":false,"campfire_upgraded":5,"win_rate":0,"timestamp":1540845732,"path_taken":["M","?","?","?","?","E","?","E","T","E","R","?","R","M","R","BOSS","M","M","$","M","?","R","?","E","T","?","R","E","R","M","R","BOSS","M","M","?","?","M","E","R","E","T","E","$","?","?","M","R","BOSS"],"build_version":"2018-10-25v2","purchased_purges":0,"victory":true,"max_hp_per_floor":[75,75,75,75,75,75,75,75,75,75,75,75,75,75,75,75,75,75,75,75,75,75,75,75,75,75,80,80,80,80,80,80,80,80,80,80,80,80,80,80,80,80,80,92,92,92,92,92,92,92],"card_choices":[{"not_picked":["Conserve Battery","Ball Lightning"],"picked":"Capacitor","floor":1},{"not_picked":["Rebound","Reprogram"],"picked":"Conserve Battery","floor":4},{"not_picked":["Turbo","Storm"],"picked":"Glacier","floor":6},{"not_picked":["Multi-Cast","Turbo"],"picked":"Consume","floor":8},{"not_picked":["Barrage","Stack"],"picked":"Seek","floor":10},{"not_picked":["Stack","Beam Cell"],"picked":"Self Repair+1","floor":14},{"not_picked":["Electrodynamics+1","Core Surge"],"picked":"Echo Form+1","floor":16},{"not_picked":["Scrape","Go for the Eyes+1"],"picked":"White Noise+1","floor":18},{"not_picked":["Streamline","Tempest+1"],"picked":"Darkness","floor":19},{"not_picked":["Sunder","Undo"],"picked":"Coolheaded","floor":21},{"not_picked":["Coolheaded","Force Field"],"picked":"Storm+1","floor":24},{"not_picked":["Steam","Ball Lightning"],"picked":"Capacitor+1","floor":25},{"not_picked":["Sweeping Beam","Core Surge"],"picked":"Defragment+1","floor":29},{"not_picked":["Turbo","Go for the Eyes","Rebound+1"],"picked":"SKIP","floor":31},{"not_picked":["Electrodynamics+1","Multi-Cast"],"picked":"Rainbow","floor":33},{"not_picked":["Recycle+1","Gash"],"picked":"Ball Lightning+1","floor":35},{"not_picked":["Stack+1","Beam Cell+1"],"picked":"Defragment+1","floor":36},{"not_picked":["Chaos","BootSequence+1"],"picked":"Echo Form+1","floor":37},{"not_picked":["Stack+1","Steam"],"picked":"Consume+1","floor":39},{"not_picked":["Undo+1","Steam","Rebound+1"],"picked":"SKIP","floor":40},{"not_picked":["Chill","Genetic Algorithm"],"picked":"Compile Driver","floor":41},{"not_picked":["Barrage","Sweeping Beam","Gash"],"picked":"SKIP","floor":42},{"not_picked":["Reprogram+1","Gash+1","Blizzard+1"],"picked":"Singing Bowl","floor":44},{"not_picked":["Redo+1","Leap+1"],"picked":"Defragment+1","floor":47},{"not_picked":["Chill+1","Reprogram+1"],"picked":"Darkness+1","floor":48},{"not_picked":["Stack+1","Compile Driver+1"],"picked":"Rainbow","floor":49}],"player_experience":225041,"relics_obtained":[{"floor":6,"key":"Ancient Tea Set"},{"floor":8,"key":"PreservedInsect"},{"floor":9,"key":"Frozen Egg 2"},{"floor":10,"key":"Bottled Flame"},{"floor":12,"key":"Mercury Hourglass"},{"floor":25,"key":"Ornamental Fan"},{"floor":26,"key":"Bottled Lightning"},{"floor":29,"key":"Mummified Hand"},{"floor":40,"key":"Dream Catcher"},{"floor":42,"key":"Bottled Tornado"},{"floor":43,"key":"Singing Bowl"},{"floor":44,"key":"Pear"},{"floor":46,"key":"Shuriken"}],"event_choices":[{"damage_healed":0,"gold_gain":0,"player_choice":"Entered Light","damage_taken":15,"max_hp_gain":0,"max_hp_loss":0,"event_name":"Shining Light","floor":2,"gold_loss":0,"cards_upgraded":["Strike_B","Strike_B"]},{"cards_removed":["Strike_B"],"damage_healed":0,"gold_gain":0,"player_choice":"Card Removal","damage_taken":7,"max_hp_gain":0,"max_hp_loss":0,"event_name":"Golden Wing","floor":3,"gold_loss":0},{"damage_healed":0,"gold_gain":75,"player_choice":"Gather Gold","damage_taken":11,"max_hp_gain":0,"max_hp_loss":0,"event_name":"World of Goop","floor":5,"gold_loss":0},{"damage_healed":0,"gold_gain":0,"player_choice":"Grow","damage_taken":0,"max_hp_gain":0,"max_hp_loss":0,"event_name":"Living Wall","floor":7,"gold_loss":0,"cards_upgraded":["Capacitor"]},{"damage_healed":0,"gold_gain":0,"player_choice":"Simplicity","damage_taken":0,"max_hp_gain":0,"max_hp_loss":0,"event_name":"Back to Basics","floor":22,"gold_loss":0,"cards_upgraded":["Strike_B","Defend_B","Defend_B","Defend_B","Defend_B"]},{"damage_healed":0,"gold_gain":0,"player_choice":"Shed Blood","damage_taken":19,"max_hp_gain":5,"max_hp_loss":0,"event_name":"Forgotten Altar","floor":27,"gold_loss":0},{"damage_healed":0,"gold_gain":0,"player_choice":"Ignored","damage_taken":0,"max_hp_gain":0,"max_hp_loss":0,"event_name":"Tomb of Lord Red Mask","floor":38,"gold_loss":0}],"is_beta":false,"boss_relics":[{"not_picked":["Sozu","Eternal Feather"],"picked":"Nuclear Battery"},{"not_picked":["Calling Bell","Empty Cage"],"picked":"Fusion Hammer"}],"items_purged_floors":[],"is_endless":false,"potions_floor_spawned":[1,6,10,16,18,25,29,31,36,37,40,44,48],"ascension_level":3}