{"gold_per_floor":[118,138,138,138,138,167,66,101,101,120,120,131,148,179,179,280,280,252,252,4,4,20,20,20,40,65,80,97,24,24,36,36,36],"floor_reached":33,"playtime":2479,"items_purged":["Defend_G","Defend_G"],"score":396,"play_id":"850d6c20-b93a-4343-a0ca-e0b03b25d6f5","local_time":"20190321170324","is_ascension_mode":true,"campfire_choices":[{"data":"Leg Sweep","floor":11.0,"key":"SMITH"},{"floor":15.0,"key":"REST"},{"data":"Footwork","floor":23.0,"key":"SMITH"},{"floor":30,"key":"REST"},{"data":"Finisher","floor":32,"key":"SMITH"}],"neow_cost":"NONE","seed_source_timestamp":0,"circlet_count":0,"master_deck":["Defend_G","Defend_G+1","Strike_G","Strike_G","Strike_G","Strike_G","Survivor","Neutralize","Backstab","Blur","Sucker Punch","Leg Sweep+1","Backflip","Dagger Spray","Quick Slash","Adrenaline","Prepared","Acrobatics","RitualDagger","Distraction","Footwork+1","Backstab+1","Endless Agony","Dagger Spray+1","Backflip+1","Finisher+1","After Image"],"special_seed":0,"relics":["Ring of the Snake","FossilizedHelix","Blue Candle","Ornamental Fan","Torii","Eternal Feather","Nloth\u0027s Gift","Ancient Tea Set"],"potions_floor_usage":[27,33],"damage_taken":[{"damage":0.0,"enemies":"Cultist","floor":1.0,"turns":1.0},{"damage":0.0,"enemies":"2 Louse","floor":2.0,"turns":1.0},{"damage":0.0,"enemies":"Gremlin Nob","floor":6.0,"turns":1.0},{"damage":30.0,"enemies":"Lagavulin","floor":8.0,"turns":11.0},{"damage":0.0,"enemies":"Small Slimes","floor":10.0,"turns":3.0},{"damage":0.0,"enemies":"Blue Slaver","floor":12.0,"turns":5.0},{"damage":0.0,"enemies":"2 Fungi Beasts","floor":13.0,"turns":3.0},{"damage":0.0,"enemies":"3 Sentries","floor":14.0,"turns":9.0},{"damage":37.0,"enemies":"Slime Boss","floor":16.0,"turns":23.0},{"damage":13.0,"enemies":"2 Thieves","floor":18.0,"turns":5.0},{"damage":7.0,"enemies":"3 Byrds","floor":22.0,"turns":6.0},{"damage":9,"enemies":"Centurion and Healer","floor":25,"turns":17},{"damage":10,"enemies":"Shelled Parasite and Fungi","floor":27,"turns":15},{"damage":1,"enemies":"Snake Plant","floor":28,"turns":7},{"damage":0,"enemies":"Chosen and Byrds","floor":31,"turns":4},{"damage":100,"enemies":"Champ","floor":33,"turns":21}],"seed_played":"-1150258707885599429","potions_obtained":[{"floor":1.0,"key":"FearPotion"},{"floor":6.0,"key":"Fruit Juice"},{"floor":13.0,"key":"GhostInAJar"},{"floor":14.0,"key":"Explosive Potion"},{"floor":25,"key":"SkillPotion"},{"floor":27,"key":"PowerPotion"}],"is_trial":false,"path_per_floor":["M","M","?","?","?","E","$","E","T","M","R","M","M","E","R","B",null,"M","?","$","?","M","R","?","M","T","M","M","$","R","M","R","B"],"character_chosen":"THE_SILENT","items_purchased":["Backflip","Distraction","Footwork","Finisher"],"campfire_rested":2,"item_purchase_floors":[7,20,20,29],"current_hp_per_floor":[70,70,56,56,70,70,70,40,40,45,45,45,45,45,67,30,64,51,45,45,45,38,50,50,41,41,31,30,30,67,67,75,0],"gold":36,"neow_bonus":"THREE_ENEMY_KILL","is_prod":false,"is_daily":false,"chose_seed":false,"campfire_upgraded":3,"win_rate":0,"timestamp":1553209404,"path_taken":["M","?","?","?","?","E","$","E","T","M","R","M","M","E","R","BOSS","M","?","$","?","M","R","?","M","T","M","?","$","R","M","R","BOSS"],"build_version":"2019-01-23","purchased_purges":2,"victory":false,"max_hp_per_floor":[70,70,70,70,70,70,70,70,70,75,75,75,75,75,75,75,75,75,75,75,75,75,75,75,75,75,75,75,75,75,75,75,75],"card_choices":[{"not_picked":["Eviscerate","Predator"],"picked":"Backstab","floor":1.0},{"not_picked":["Quick Slash","Underhanded Strike"],"picked":"Blur","floor":2.0},{"not_picked":["Masterful Stab","Cloak And Dagger"],"picked":"Leg Sweep","floor":6.0},{"not_picked":["Escape Plan","Dodge and Roll"],"picked":"Dagger Spray","floor":8.0},{"not_picked":["Noxious Fumes","Tactician","PiercingWail"],"picked":"SKIP","floor":10.0},{"not_picked":["Reflex","Flying Knee"],"picked":"Quick Slash","floor":12.0},{"not_picked":["Flying Knee","Blade Dance"],"picked":"Adrenaline","floor":13.0},{"not_picked":["Blur","Cloak And Dagger"],"picked":"Prepared","floor":14.0},{"not_picked":["Flying Knee","Predator"],"picked":"Acrobatics","floor":18.0},{"not_picked":["Dagger Throw","Blade Dance"],"picked":"Backstab+1","floor":22.0},{"not_picked":["Quick Slash","Caltrops"],"picked":"Endless Agony","floor":25},{"not_picked":["Escape Plan","Backflip"],"picked":"Dagger Spray+1","floor":27},{"not_picked":["Dash","Noxious Fumes"],"picked":"Backflip+1","floor":28},{"not_picked":["Distraction+1","Accuracy"],"picked":"After Image","floor":31}],"player_experience":125169,"relics_obtained":[{"floor":6.0,"key":"FossilizedHelix"},{"floor":8.0,"key":"Blue Candle"},{"floor":9.0,"key":"Ornamental Fan"},{"floor":14.0,"key":"Torii"},{"floor":26,"key":"Ancient Tea Set"}],"event_choices":[{"damage_healed":0.0,"max_hp_gain":0.0,"max_hp_loss":0.0,"gold_gain":0.0,"event_name":"Shining Light","player_choice":"Entered Light","floor":3.0,"gold_loss":0.0,"damage_taken":14.0,"cards_upgraded":["Strike_G","Defend_G"]},{"damage_healed":0.0,"max_hp_gain":0.0,"max_hp_loss":0.0,"gold_gain":0.0,"cards_transformed":["Strike_G"],"event_name":"Living Wall","player_choice":"Change","floor":4.0,"gold_loss":0.0,"damage_taken":0.0,"cards_obtained":["Sucker Punch"]},{"damage_healed":23.0,"max_hp_gain":0.0,"max_hp_loss":0.0,"gold_gain":0.0,"event_name":"Big Fish","player_choice":"Banana","floor":5.0,"gold_loss":0.0,"damage_taken":0.0},{"damage_healed":0.0,"max_hp_gain":0.0,"max_hp_loss":0.0,"gold_gain":0.0,"event_name":"Nest","player_choice":"Joined the Cult","floor":19.0,"gold_loss":0.0,"damage_taken":6.0,"cards_obtained":["RitualDagger"]},{"cards_removed":["Defend_G"],"damage_healed":0.0,"max_hp_gain":0.0,"max_hp_loss":0.0,"gold_gain":0.0,"event_name":"Back to Basics","player_choice":"Elegance","floor":21.0,"gold_loss":0.0,"damage_taken":0.0},{"damage_healed":0.0,"max_hp_gain":0.0,"max_hp_loss":0.0,"gold_gain":0.0,"event_name":"N\u0027loth","player_choice":"Traded Relic","floor":24.0,"relics_lost":["NeowsBlessing"],"gold_loss":0.0,"damage_taken":0.0,"relics_obtained":["Nloth\u0027s Gift"]}],"is_beta":false,"boss_relics":[{"not_picked":["Busted Crown","Ectoplasm"],"picked":"Eternal Feather"}],"items_purged_floors":[7,20],"is_endless":false,"potions_floor_spawned":[1,6,13,14,25,27],"killed_by":"Champ","ascension_level":5}