{"gold_per_floor":[112,124,141,141,159,159,187,187,187,213,213,228,239,251,251,355,355,366,41,55,55,130,130,142,142,167,195,214,25,25,35,35,132,132,144,18,36,36,53,53,72,90,90,115,115,148,148,164,164,164],"floor_reached":51,"playtime":6340,"items_purged":["Strike_R"],"score":898,"play_id":"8b77cfb0-1e57-4d36-895b-5df466893fb9","local_time":"20190409203934","is_ascension_mode":true,"campfire_choices":[{"data":"Heavy Blade","floor":6,"key":"SMITH"},{"floor":8,"key":"REST"},{"data":"True Grit","floor":15,"key":"SMITH"},{"data":"Limit Break","floor":23,"key":"SMITH"},{"data":"Whirlwind","floor":25,"key":"SMITH"},{"floor":30,"key":"REST"},{"data":"Infernal Blade","floor":32,"key":"SMITH"},{"floor":40,"key":"REST"},{"data":"Uppercut","floor":45,"key":"SMITH"},{"floor":47,"key":"REST"},{"floor":49,"key":"REST"}],"neow_cost":"NONE","seed_source_timestamp":1101265160151,"circlet_count":0,"master_deck":["Strike_R","Strike_R","Strike_R","Defend_R","Defend_R","Defend_R","Defend_R","Bash","Clothesline","Reckless Charge","Heavy Blade+1","Spot Weakness","Power Through","Feed","Flame Barrier","Flex","Feed","Reckless Charge","Shrug It Off","Limit Break+1","True Grit+1","Demon Form+1","Whirlwind+1","Metallicize+1","Dark Shackles","Carnage","Uppercut+1","Infernal Blade+1","Infernal Blade+1","Mayhem+1","Inflame+1","Bludgeon","Flex+1","Carnage+1","Flame Barrier+1","Parasite","Shrug It Off+1","Armaments+1","Shame","Rampage","Offering","Flame Barrier+1"],"relics":["Burning Blood","Strawberry","Omamori","Darkstone Periapt","Frozen Egg 2","Cursed Key","Medical Kit","Ice Cream","Vajra","Paper Frog","Runic Pyramid","Mercury Hourglass","Juzu Bracelet"],"potions_floor_usage":[5,7,10,16,18,33,33,37,39,39,44,44,50],"damage_taken":[{"damage":10,"enemies":"Cultist","floor":1,"turns":5},{"damage":9,"enemies":"2 Louse","floor":2,"turns":2},{"damage":0,"enemies":"Small Slimes","floor":3,"turns":2},{"damage":20,"enemies":"Gremlin Gang","floor":5,"turns":7},{"damage":35,"enemies":"3 Sentries","floor":7,"turns":8},{"damage":20,"enemies":"Lagavulin","floor":10,"turns":5},{"damage":2,"enemies":"3 Louse","floor":12,"turns":3},{"damage":0,"enemies":"Looter","floor":13,"turns":3},{"damage":4,"enemies":"Exordium Thugs","floor":14,"turns":5},{"damage":51,"enemies":"Hexaghost","floor":16,"turns":9},{"damage":13,"enemies":"Chosen","floor":18,"turns":5},{"damage":10,"enemies":"Spheric Guardian","floor":20,"turns":4},{"damage":5,"enemies":"Snake Plant","floor":24,"turns":5},{"damage":27,"enemies":"Book of Stabbing","floor":27,"turns":6},{"damage":0,"enemies":"3 Cultists","floor":28,"turns":3},{"damage":10,"enemies":"Centurion and Healer","floor":31,"turns":3},{"damage":10,"enemies":"Collector","floor":33,"turns":6},{"damage":14,"enemies":"Orb Walker","floor":35,"turns":3},{"damage":36,"enemies":"3 Shapes","floor":37,"turns":4},{"damage":6,"enemies":"Spire Growth","floor":39,"turns":3},{"damage":7,"enemies":"Writhing Mass","floor":41,"turns":5},{"damage":12,"enemies":"4 Shapes","floor":42,"turns":6},{"damage":32,"enemies":"Giant Head","floor":44,"turns":10},{"damage":27,"enemies":"Nemesis","floor":46,"turns":7},{"damage":3,"enemies":"Maw","floor":48,"turns":8},{"damage":54,"enemies":"Time Eater","floor":50,"turns":6}],"seed_played":"1831118732664043298","potions_obtained":[{"floor":1,"key":"Ancient Potion"},{"floor":2,"key":"BloodPotion"},{"floor":7,"key":"Dexterity Potion"},{"floor":14,"key":"Fruit Juice"},{"floor":16,"key":"Weak Potion"},{"floor":24,"key":"Ancient Potion"},{"floor":27,"key":"Fire Potion"},{"floor":28,"key":"Dexterity Potion"},{"floor":35,"key":"PowerPotion"},{"floor":41,"key":"PowerPotion"},{"floor":42,"key":"SteroidPotion"},{"floor":48,"key":"SpeedPotion"}],"is_trial":false,"path_per_floor":["M","?","?","M","?","?","M","?"],"character_chosen":"IRONCLAD","items_purchased":["Metallicize+1","Medical Kit","Dark Shackles","Mayhem+1","Energy Potion"],"campfire_rested":5,"item_purchase_floors":[19,19,19,29,36],"current_hp_per_floor":[83,80,86,86,80,80,51,77,77,63,63,73,82,87,87,47,104,97,97,93,93,83,83,84,84,84,66,75,75,108,107,107,103,113,105,105,78,78,78,112,117,111,117,91,91,70,108,114,131,83],"gold":164,"neow_bonus":"RANDOM_COMMON_RELIC","is_prod":false,"is_daily":false,"chose_seed":false,"campfire_upgraded":6,"win_rate":0,"timestamp":1554835174,"path_taken":["M","M","?","?","M","R","E","R","T","E","?","M","M","M","R","BOSS","M","$","?","?","?","R","?","R","T","E","M","$","R","M","R","BOSS","M","$","M","?","M","R","M","M","T","E","R","E","R","M","R","BOSS"],"build_version":"2019-01-23","purchased_purges":1,"victory":true,"max_hp_per_floor":[87,87,87,87,87,87,87,87,87,87,87,93,96,99,99,104,104,104,104,104,104,104,104,104,104,104,107,110,110,110,113,113,113,113,113,113,116,116,116,116,122,122,128,128,128,128,128,131,131,131],"card_choices":[{"not_picked":["Rampage","Wild Strike"],"picked":"Clothesline","floor":1},{"not_picked":["Perfected Strike","Clothesline"],"picked":"Reckless Charge","floor":2},{"not_picked":["Cleave","Fire Breathing"],"picked":"Heavy Blade","floor":3},{"not_picked":["Seeing Red","True Grit"],"picked":"Power Through","floor":5},{"not_picked":["Body Slam","Havoc"],"picked":"Feed","floor":7},{"not_picked":["Clash","Iron Wave"],"picked":"Flame Barrier","floor":10},{"not_picked":["Havoc","Reckless Charge"],"picked":"Shrug It Off","floor":12},{"not_picked":["Armaments","Twin Strike"],"picked":"Limit Break","floor":13},{"not_picked":["Rupture+1","Dual Wield"],"picked":"True Grit","floor":14},{"not_picked":["Berserk+1","Reaper"],"picked":"Demon Form+1","floor":16},{"not_picked":["Intimidate","Headbutt"],"picked":"Whirlwind","floor":18},{"not_picked":["Wild Strike","Body Slam"],"picked":"Carnage","floor":20},{"not_picked":["Pommel Strike","Anger"],"picked":"Uppercut","floor":24},{"not_picked":["Iron Wave","True Grit"],"picked":"Infernal Blade+1","floor":27},{"not_picked":["Clothesline","Headbutt"],"picked":"Infernal Blade","floor":28},{"not_picked":["Warcry","Dual Wield"],"picked":"Inflame+1","floor":31},{"not_picked":["Double Tap","Reaper"],"picked":"Bludgeon","floor":33},{"not_picked":["Evolve+1","Heavy Blade+1"],"picked":"Flex+1","floor":35},{"not_picked":["Iron Wave","Armaments"],"picked":"Carnage+1","floor":37},{"not_picked":["Pommel Strike","Headbutt+1"],"picked":"Flame Barrier+1","floor":39},{"not_picked":["Anger+1","Body Slam+1"],"picked":"Shrug It Off+1","floor":41},{"not_picked":["True Grit","Dropkick"],"picked":"Armaments+1","floor":42},{"not_picked":["Body Slam","Perfected Strike"],"picked":"Rampage","floor":44},{"not_picked":["Shrug It Off","Pummel+1"],"picked":"Offering","floor":46},{"not_picked":["Clothesline+1","Havoc"],"picked":"Flame Barrier+1","floor":48}],"player_experience":202610,"relics_obtained":[{"floor":7,"key":"Omamori"},{"floor":9,"key":"Darkstone Periapt"},{"floor":10,"key":"Frozen Egg 2"},{"floor":26,"key":"Vajra"},{"floor":27,"key":"Paper Frog"},{"floor":44,"key":"Mercury Hourglass"},{"floor":46,"key":"Juzu Bracelet"}],"event_choices":[{"damage_healed":0,"gold_gain":0,"cards_transformed":["Strike_R"],"player_choice":"Change","damage_taken":0,"max_hp_gain":0,"max_hp_loss":0,"event_name":"Living Wall","floor":4,"gold_loss":0,"cards_obtained":["Spot Weakness"]},{"damage_healed":0,"gold_gain":0,"player_choice":"3 cards matched","damage_taken":0,"max_hp_gain":0,"max_hp_loss":0,"event_name":"Match and Keep!","floor":11,"gold_loss":0,"cards_obtained":["Flex","Feed","Reckless Charge"]},{"damage_healed":0,"gold_gain":0,"player_choice":"Stole Relic","damage_taken":0,"relics_obtained":["Ice Cream"],"max_hp_gain":0,"max_hp_loss":0,"event_name":"Addict","floor":21,"gold_loss":0,"cards_obtained":["Shame"]},{"damage_healed":0,"gold_gain":75,"player_choice":"Touch","damage_taken":10,"max_hp_gain":0,"max_hp_loss":0,"event_name":"FaceTrader","floor":22,"gold_loss":0},{"damage_healed":0,"gold_gain":0,"player_choice":"Ignored","damage_taken":0,"max_hp_gain":0,"max_hp_loss":0,"event_name":"Mysterious Sphere","floor":38,"gold_loss":0}],"is_beta":false,"boss_relics":[{"not_picked":["Tiny House","Sozu"],"picked":"Cursed Key"},{"not_picked":["Empty Cage","Lizard Tail"],"picked":"Runic Pyramid"}],"items_purged_floors":[36],"is_endless":false,"potions_floor_spawned":[1,2,7,14,16,24,27,28,35,41,42,48],"ascension_level":3}