{"gold_per_floor":[111,111,186,205,9,9,37,37,37,66,78,78,134,146,146,250,300,281,281,293,82,99,99,132,57,57,67,80,80,97,97,97,97],"floor_reached":33,"playtime":2164,"items_purged":["Bash"],"score":322,"play_id":"91634fe7-b505-4f6f-9a0d-0f30db38efc0","local_time":"20190409221726","is_ascension_mode":true,"campfire_choices":[{"data":"Apotheosis","floor":6.0,"key":"SMITH"},{"floor":8.0,"key":"REST"},{"floor":12.0,"key":"REST"},{"floor":15.0,"key":"REST"},{"data":"Thunderclap","floor":23,"key":"SMITH"},{"floor":32,"key":"REST"}],"neow_cost":"NONE","seed_source_timestamp":0,"circlet_count":0,"master_deck":["Strike_R","Strike_R","Strike_R","Defend_R","Defend_R","Defend_R","Defend_R","Anger","Apotheosis+1","Anger","Thunderclap+1","Intimidate+1","Iron Wave","Rage+1","Flame Barrier+1","Pummel","Disarm","Iron Wave"],"special_seed":0,"relics":["Burning Blood","Juzu Bracelet","Paper Frog","Matryoshka","Tiny Chest","Tiny House","Strawberry","MawBank","Bronze Scales","Boot","Omamori","Centennial Puzzle"],"potions_floor_usage":[24,28,33],"damage_taken":[{"damage":6.0,"enemies":"Jaw Worm","floor":1.0,"turns":3.0},{"damage":0.0,"enemies":"2 Louse","floor":4.0,"turns":3.0},{"damage":40.0,"enemies":"Gremlin Nob","floor":7.0,"turns":5.0},{"damage":28.0,"enemies":"3 Sentries","floor":10.0,"turns":8.0},{"damage":0.0,"enemies":"Cultist","floor":11.0,"turns":3.0},{"damage":17.0,"enemies":"Lagavulin","floor":13.0,"turns":6.0},{"damage":17.0,"enemies":"Gremlin Gang","floor":14.0,"turns":4.0},{"damage":33.0,"enemies":"Hexaghost","floor":16.0,"turns":8.0},{"damage":12,"enemies":"2 Thieves","floor":18,"turns":4},{"damage":4,"enemies":"3 Byrds","floor":22,"turns":4},{"damage":26,"enemies":"Book of Stabbing","floor":24,"turns":6},{"damage":16,"enemies":"Snake Plant","floor":27,"turns":3},{"damage":14,"enemies":"Sentry and Sphere","floor":28,"turns":5},{"damage":9,"enemies":"Shelled Parasite and Fungi","floor":30,"turns":5},{"damage":118,"enemies":"Automaton","floor":33,"turns":12}],"seed_played":"343649541271592516","potions_obtained":[{"floor":4.0,"key":"GamblersBrew"},{"floor":7.0,"key":"SteroidPotion"},{"floor":14.0,"key":"Weak Potion"},{"floor":17,"key":"Strength Potion"},{"floor":18,"key":"SteroidPotion"},{"floor":27,"key":"Ancient Potion"}],"is_trial":false,"path_per_floor":["M","?","?","M","$","R","E","R","T","E","M","R","E","M","R","B",null,"M","T","?","$","M","R","E","?","T","M","M","?","M","?","R","B"],"character_chosen":"IRONCLAD","items_purchased":["Apotheosis","Bronze Scales"],"campfire_rested":4,"item_purchase_floors":[5,21],"current_hp_per_floor":[88,93,82,88,88,88,54,81,81,59,65,92,81,70,93,66,98,92,99,99,99,101,101,81,81,81,71,63,63,60,60,91,0],"gold":97,"neow_bonus":"TEN_PERCENT_HP_BONUS","is_prod":false,"is_daily":false,"chose_seed":false,"campfire_upgraded":2,"win_rate":0,"timestamp":1554862646,"path_taken":["M","?","?","M","?","R","E","R","T","E","M","R","E","M","R","BOSS","M","?","?","?","M","R","E","?","T","M","M","?","M","?","R","BOSS"],"build_version":"2019-01-23","purchased_purges":1,"victory":false,"max_hp_per_floor":[88,93,93,93,93,93,93,93,93,93,93,93,93,93,93,93,98,98,105,105,105,105,105,105,105,105,105,105,105,105,105,105,105],"card_choices":[{"not_picked":["True Grit","Shrug It Off"],"picked":"Anger","floor":1.0},{"not_picked":["Burning Pact","Perfected Strike","Dropkick"],"picked":"SKIP","floor":4.0},{"not_picked":["Reckless Charge","Evolve"],"picked":"Anger","floor":7.0},{"not_picked":["Clash","Twin Strike"],"picked":"Thunderclap","floor":10.0},{"not_picked":["Fire Breathing","Flex"],"picked":"Intimidate","floor":11.0},{"not_picked":["Bloodletting","Corruption","Second Wind"],"picked":"SKIP","floor":13.0},{"not_picked":["Thunderclap","Bloodletting"],"picked":"Iron Wave","floor":14.0},{"not_picked":["Flex","Rupture"],"picked":"Rage","floor":17},{"not_picked":["Twin Strike","Anger+1","Thunderclap"],"picked":"SKIP","floor":18},{"not_picked":["Seeing Red","Twin Strike"],"picked":"Flame Barrier+1","floor":22},{"not_picked":["Clash","Pommel Strike"],"picked":"Pummel","floor":24},{"not_picked":["Heavy Blade","Flex","Pommel Strike"],"picked":"SKIP","floor":27},{"not_picked":["Offering","Headbutt+1"],"picked":"Disarm","floor":28},{"not_picked":["Pommel Strike","Body Slam"],"picked":"Iron Wave","floor":30}],"player_experience":105685,"relics_obtained":[{"floor":7.0,"key":"Juzu Bracelet"},{"floor":9.0,"key":"Paper Frog"},{"floor":10.0,"key":"Matryoshka"},{"floor":13.0,"key":"Tiny Chest"},{"floor":19,"key":"Strawberry"},{"floor":19,"key":"MawBank"},{"floor":24,"key":"Boot"},{"floor":26,"key":"Omamori"},{"floor":26,"key":"Centennial Puzzle"}],"event_choices":[{"damage_healed":0.0,"max_hp_gain":5.0,"max_hp_loss":0.0,"gold_gain":0.0,"event_name":"Big Fish","player_choice":"Donut","floor":2.0,"gold_loss":0.0,"damage_taken":0.0},{"damage_healed":0.0,"max_hp_gain":0.0,"max_hp_loss":0.0,"gold_gain":75.0,"event_name":"World of Goop","player_choice":"Gather Gold","floor":3.0,"gold_loss":0.0,"damage_taken":11.0},{"damage_healed":0,"gold_gain":0,"player_choice":"Upgraded","damage_taken":0,"max_hp_gain":0,"max_hp_loss":0,"event_name":"Upgrade Shrine","floor":20,"gold_loss":0,"cards_upgraded":["Rage"]},{"cards_removed":["Strike_R"],"damage_healed":0,"gold_gain":0,"player_choice":"Gave Gold","damage_taken":0,"max_hp_gain":0,"max_hp_loss":0,"event_name":"Beggar","floor":25,"gold_loss":75},{"cards_removed":["Strike_R"],"damage_healed":0,"gold_gain":0,"player_choice":"Elegance","damage_taken":0,"max_hp_gain":0,"max_hp_loss":0,"event_name":"Back to Basics","floor":29,"gold_loss":0},{"damage_healed":0,"gold_gain":0,"player_choice":"Ignored","damage_taken":0,"max_hp_gain":0,"max_hp_loss":0,"event_name":"Ghosts","floor":31,"gold_loss":0}],"is_beta":false,"boss_relics":[{"not_picked":["Velvet Choker","Coffee Dripper"],"picked":"Tiny House"}],"items_purged_floors":[21],"is_endless":false,"potions_floor_spawned":[4,7,14,18,27],"killed_by":"Automaton","ascension_level":1}