{"gold_per_floor":[119,138,148,148,223,250,260,260,260,260,185,212,225,225,225,325,325,343,355,280,280,300,300,326,326,352,379,379,40,40,40,40,40],"floor_reached":33,"playtime":1435,"items_purged":["Strike_B","Defend_B+1"],"score":427,"play_id":"42b8c1f4-21a9-44ad-97e4-9cb02ceafcc9","local_time":"20190228005407","is_ascension_mode":true,"campfire_choices":[{"floor":8,"key":"REST"},{"floor":10,"key":"REST"},{"data":"Conserve Battery","floor":15,"key":"SMITH"},{"floor":23,"key":"REST"},{"data":"Zap","floor":25,"key":"SMITH"},{"floor":32,"key":"REST"}],"neow_cost":"NONE","seed_source_timestamp":708894843774368,"circlet_count":0,"master_deck":["Strike_B+1","Strike_B+1","Defend_B+1","Defend_B+1","Defend_B+1","Zap+1","Dualcast","Cold Snap","Melter+1","Cold Snap+1","Electrodynamics+1","Conserve Battery+1","Electrodynamics+1","Reinforced Body","Redo+1","RitualDagger+1"],"relics":["Cracked Core","Pen Nib","Molten Egg 2","Kunai","Frozen Egg 2","Centennial Puzzle","Philosopher\u0027s Stone","Ginger","Anchor","Cables","Symbiotic Virus","Mummified Hand"],"potions_floor_usage":[6,24,27,33,33],"damage_taken":[{"damage":1,"enemies":"Cultist","floor":1,"turns":3},{"damage":5,"enemies":"Jaw Worm","floor":2,"turns":3},{"damage":0,"enemies":"Small Slimes","floor":3,"turns":3},{"damage":16,"enemies":"Gremlin Nob","floor":6,"turns":3},{"damage":14,"enemies":"Red Slaver","floor":7,"turns":3},{"damage":11,"enemies":"3 Sentries","floor":12,"turns":7},{"damage":0,"enemies":"3 Louse","floor":13,"turns":1},{"damage":13,"enemies":"Slime Boss","floor":16,"turns":6},{"damage":11,"enemies":"Shell Parasite","floor":18,"turns":5},{"damage":14,"enemies":"2 Thieves","floor":19,"turns":2},{"damage":20,"enemies":"Shelled Parasite and Fungi","floor":22,"turns":4},{"damage":0,"enemies":"Gremlin Leader","floor":24,"turns":5},{"damage":2,"enemies":"Slavers","floor":27,"turns":2},{"damage":84,"enemies":"Champ","floor":33,"turns":11}],"seed_played":"-8726654102780657509","potions_obtained":[{"floor":2,"key":"FearPotion"},{"floor":7,"key":"LiquidBronze"},{"floor":13,"key":"Energy Potion"},{"floor":18,"key":"Poison Potion"},{"floor":27,"key":"Strength Potion"}],"is_trial":false,"path_per_floor":["M","M","M","?","?","E","M","R","T","R","$","E","M","?","R","B",null,"M","M","?","?","M","R","E","R","T","E","T","$","?","?","R","B"],"character_chosen":"DEFECT","items_purchased":["Mummified Hand"],"campfire_rested":4,"item_purchase_floors":[29],"current_hp_per_floor":[67,62,62,59,48,32,18,40,40,62,62,51,51,85,85,72,82,71,57,57,57,37,62,62,62,62,60,60,60,60,54,79,0],"gold":40,"neow_bonus":"RANDOM_COMMON_RELIC","is_prod":false,"is_daily":false,"chose_seed":false,"campfire_upgraded":2,"win_rate":0,"timestamp":1551311647,"path_taken":["M","M","?","?","?","E","?","R","T","R","$","E","M","?","R","BOSS","M","M","?","?","M","R","E","R","T","E","?","?","?","?","R","BOSS"],"build_version":"2019-01-23","purchased_purges":2,"victory":false,"max_hp_per_floor":[75,75,75,75,75,75,75,75,75,75,75,75,75,85,85,85,85,85,85,85,85,85,85,85,85,85,85,85,85,85,85,85,85],"card_choices":[{"not_picked":["Beam Cell","Sweeping Beam"],"picked":"Cold Snap","floor":1},{"not_picked":["Gash","Static Discharge"],"picked":"All For One","floor":2},{"not_picked":["Static Discharge","Force Field","Leap"],"picked":"SKIP","floor":3},{"not_picked":["Compile Driver+1","Sweeping Beam+1"],"picked":"Melter+1","floor":6},{"not_picked":["Compile Driver+1","Go for the Eyes+1"],"picked":"Cold Snap+1","floor":7},{"not_picked":["Turbo","Hello World+1"],"picked":"Electrodynamics+1","floor":12},{"not_picked":["Compile Driver+1","Turbo"],"picked":"Conserve Battery","floor":13},{"not_picked":["Rainbow","Fission"],"picked":"Electrodynamics+1","floor":16},{"not_picked":["Skim","Steam Power"],"picked":"Reinforced Body","floor":18},{"not_picked":["Compile Driver+1","Rebound+1"],"picked":"Redo+1","floor":19},{"not_picked":["Streamline+1","Coolheaded","Rebound+1"],"picked":"SKIP","floor":22},{"not_picked":["Hologram","Gash+1","Aggregate"],"picked":"SKIP","floor":24},{"not_picked":["Scrape+1","Darkness","Double Energy"],"picked":"SKIP","floor":27}],"player_experience":245756,"relics_obtained":[{"floor":6,"key":"Kunai"},{"floor":9,"key":"Frozen Egg 2"},{"floor":12,"key":"Centennial Puzzle"},{"floor":24,"key":"Ginger"},{"floor":26,"key":"Anchor"},{"floor":27,"key":"Cables"},{"floor":28,"key":"Symbiotic Virus"}],"event_choices":[{"damage_healed":0,"gold_gain":0,"player_choice":"Success","damage_taken":3,"relics_obtained":["Molten Egg 2"],"max_hp_gain":0,"max_hp_loss":0,"event_name":"Scrap Ooze","floor":4,"gold_loss":0},{"damage_healed":0,"gold_gain":75,"player_choice":"Gather Gold","damage_taken":11,"max_hp_gain":0,"max_hp_loss":0,"event_name":"World of Goop","floor":5,"gold_loss":0},{"cards_removed":["All For One"],"damage_healed":24,"gold_gain":0,"player_choice":"Offered Rare","damage_taken":0,"max_hp_gain":10,"max_hp_loss":0,"event_name":"Bonfire Elementals","floor":14,"gold_loss":0},{"cards_removed":["Strike_B"],"damage_healed":0,"gold_gain":0,"player_choice":"Gave Gold","damage_taken":0,"max_hp_gain":0,"max_hp_loss":0,"event_name":"Beggar","floor":20,"gold_loss":75},{"damage_healed":0,"gold_gain":0,"player_choice":"Simplicity","damage_taken":0,"max_hp_gain":0,"max_hp_loss":0,"event_name":"Back to Basics","floor":21,"gold_loss":0,"cards_upgraded":["Strike_B","Strike_B","Defend_B","Defend_B","Defend_B","Defend_B"]},{"damage_healed":0,"gold_gain":0,"player_choice":"Ignored","damage_taken":0,"max_hp_gain":0,"max_hp_loss":0,"event_name":"Vampires","floor":30,"gold_loss":0},{"damage_healed":0,"gold_gain":0,"player_choice":"Joined the Cult","damage_taken":6,"max_hp_gain":0,"max_hp_loss":0,"event_name":"Nest","floor":31,"gold_loss":0,"cards_obtained":["RitualDagger"]}],"is_beta":false,"boss_relics":[{"not_picked":["Pandora\u0027s Box","Black Star"],"picked":"Philosopher\u0027s Stone"}],"items_purged_floors":[11,29],"is_endless":false,"potions_floor_spawned":[2,7,13,18,27],"killed_by":"Champ","ascension_level":7}