{"gold_per_floor":[111,129,143,132,151,151,171,171,196,227,227],"floor_reached":11,"playtime":522,"items_purged":[],"score":77,"play_id":"ff79f703-546e-4f28-a4fc-4a76271c408a","local_time":"20180705031036","is_ascension_mode":false,"campfire_choices":[{"floor":6,"key":"REST"},{"floor":8,"key":"REST"}],"neow_cost":"FIFTY_PERCENT_DAMAGE","seed_source_timestamp":268007121372003,"circlet_count":0,"master_deck":["Defend_G","Defend_G","Defend_G","Defend_G","Defend_G","Strike_G","Strike_G","Strike_G","Strike_G","Strike_G","Survivor","Neutralize","Underhanded Strike","Blade Dance","Terror","Dagger Throw","Accuracy","Blur","Well Laid Plans"],"relics":["Ring of the Snake","Du-Vu Doll","Bag of Preparation","Boot"],"potions_floor_usage":[11],"damage_taken":[{"damage":0,"enemies":"Small Slimes","floor":1,"turns":3},{"damage":2,"enemies":"Jaw Worm","floor":2,"turns":4},{"damage":0,"enemies":"2 Louse","floor":3,"turns":4},{"damage":19,"enemies":"Exordium Thugs","floor":4,"turns":4},{"damage":6,"enemies":"Blue Slaver","floor":5,"turns":5},{"damage":8,"enemies":"Red Slaver","floor":7,"turns":4},{"damage":31,"enemies":"Gremlin Nob","floor":10,"turns":6},{"damage":12,"enemies":"Exordium Thugs","floor":11,"turns":6}],"seed_played":"-4198768781691216840","potions_obtained":[{"floor":2,"key":"SkillPotion"},{"floor":4,"key":"Fire Potion"},{"floor":5,"key":"Swift Potion"}],"is_trial":false,"path_per_floor":["M","M","M","M","M","R","M","R","T","E"],"character_chosen":"THE_SILENT","items_purchased":[],"campfire_rested":2,"item_purchase_floors":[],"current_hp_per_floor":[35,33,33,14,8,29,21,42,42,11,0],"gold":227,"neow_bonus":"ONE_RARE_RELIC","is_prod":false,"is_daily":false,"chose_seed":false,"campfire_upgraded":0,"win_rate":0,"timestamp":1530781836,"path_taken":["M","M","M","M","M","R","M","R","T","E","M"],"build_version":"2018-06-28","purchased_purges":0,"victory":false,"max_hp_per_floor":[70,70,70,70,70,70,70,70,70,70,70],"card_choices":[{"not_picked":["PiercingWail","Bane"],"picked":"Underhanded Strike","floor":1},{"not_picked":["Dagger Spray","Bane"],"picked":"Blade Dance","floor":2},{"not_picked":["Sucker Punch","Bane"],"picked":"Terror","floor":3},{"not_picked":["Bane","Prepared"],"picked":"Dagger Throw","floor":4},{"not_picked":["Predator","Deflect"],"picked":"Accuracy","floor":5},{"not_picked":["Dodge and Roll","Tools of the Trade"],"picked":"Blur","floor":7},{"not_picked":["Poisoned Stab","Prepared"],"picked":"Well Laid Plans","floor":10}],"player_experience":65015,"relics_obtained":[{"floor":9,"key":"Bag of Preparation"},{"floor":10,"key":"Boot"}],"event_choices":[],"boss_relics":[],"items_purged_floors":[],"is_endless":false,"potions_floor_spawned":[2,4,5,7],"killed_by":"Exordium Thugs","ascension_level":0}