{"gold_per_floor":[117,117,217,236,250,250,280,290,361,376,376,376,376,395,395,493,493,508,508,520,187,204,204,204,223,223,223,248,267,267,282,282,385,435,449,449,467,92,92,92,119,119,143,156,156,170,190,19,19,19],"floor_reached":51,"playtime":9235,"items_purged":["Eviscerate","Skewer+1"],"score":816,"play_id":"5c0dccfe-6c07-4c62-bea6-b8da5c8aabba","local_time":"20190324104131","is_ascension_mode":true,"campfire_choices":[{"data":"Blade Dance","floor":6.0,"key":"SMITH"},{"data":"Concentrate","floor":11.0,"key":"SMITH"},{"data":"Blade Dance","floor":13.0,"key":"SMITH"},{"floor":15.0,"key":"REST"},{"data":"Burst","floor":23.0,"key":"SMITH"},{"floor":27.0,"key":"REST"},{"data":"Dodge and Roll","floor":30.0,"key":"SMITH"},{"floor":32.0,"key":"REST"},{"data":"Dodge and Roll","floor":40,"key":"SMITH"},{"floor":42,"key":"REST"},{"data":"Doppelganger","floor":45,"key":"SMITH"},{"floor":49,"key":"REST"}],"neow_cost":"NONE","seed_source_timestamp":0,"circlet_count":0,"master_deck":["Survivor","Neutralize","Endless Agony","PiercingWail","Blade Dance+1","Quick Slash+1","Dagger Spray","Malaise","Dodge and Roll+1","Blade Dance+1","Deadly Poison","Concentrate+1","Corpse Explosion","Poisoned Stab","After Image+1","Heel Hook","Quick Slash","Venomology","Infinite Blades+1","Dash","Dodge and Roll+1","Terror","Burst+1","Dash","Outmaneuver","Well Laid Plans+1","Blur","PiercingWail","Escape Plan","Prepared+1","Writhe","PiercingWail+1","Cloak And Dagger+1","Dodge and Roll+1","Deadly Poison","Expertise+1","Doppelganger+1","Poisoned Stab","Cloak And Dagger","Well Laid Plans+1","Deadly Poison+1","Backflip","Apotheosis","A Thousand Cuts+1","Caltrops+1","Concentrate+1","Accuracy+1","Deflect+1","Deflect+1","Footwork+1"],"special_seed":0,"relics":["Ring of the Snake","NeowsBlessing","Prayer Wheel","PreservedInsect","Frozen Egg 2","Pandora\u0027s Box","TwistedFunnel","Meat on the Bone","Centennial Puzzle","Dodecahedron","Tiny House","Cauldron","Pear","Snake Skull","Boot"],"potions_floor_usage":[35,37,38,41,41,41,41,47,50,50],"damage_taken":[{"damage":0.0,"enemies":"Small Slimes","floor":1.0,"turns":1.0},{"damage":0.0,"enemies":"Jaw Worm","floor":4.0,"turns":1.0},{"damage":0.0,"enemies":"Cultist","floor":5.0,"turns":1.0},{"damage":3.0,"enemies":"3 Sentries","floor":7.0,"turns":8.0},{"damage":11.0,"enemies":"Looter","floor":8.0,"turns":3.0},{"damage":6.0,"enemies":"Exordium Wildlife","floor":10.0,"turns":5.0},{"damage":6.0,"enemies":"3 Louse","floor":14.0,"turns":3.0},{"damage":16.0,"enemies":"The Guardian","floor":16.0,"turns":10.0},{"damage":2.0,"enemies":"3 Byrds","floor":18.0,"turns":3.0},{"damage":5.0,"enemies":"Chosen","floor":20.0,"turns":6.0},{"damage":28.0,"enemies":"Snake Plant","floor":22.0,"turns":4.0},{"damage":20.0,"enemies":"Snecko","floor":25.0,"turns":7.0},{"damage":8.0,"enemies":"Book of Stabbing","floor":28.0,"turns":6.0},{"damage":9.0,"enemies":"Centurion and Healer","floor":29.0,"turns":9.0},{"damage":29.0,"enemies":"Cultist and Chosen","floor":31.0,"turns":9.0},{"damage":42.0,"enemies":"Champ","floor":33.0,"turns":17.0},{"damage":11,"enemies":"3 Darklings","floor":35,"turns":3},{"damage":6,"enemies":"3 Shapes","floor":37,"turns":3},{"damage":33,"enemies":"Reptomancer","floor":41,"turns":7},{"damage":24,"enemies":"3 Darklings","floor":44,"turns":2},{"damage":26,"enemies":"Maw","floor":46,"turns":7},{"damage":11,"enemies":"Jaw Worm Horde","floor":47,"turns":5},{"damage":56,"enemies":"Time Eater","floor":50,"turns":15}],"seed_played":"2823801851818970959","potions_obtained":[{"floor":1.0,"key":"Poison Potion"},{"floor":5.0,"key":"EssenceOfSteel"},{"floor":14.0,"key":"PowerPotion"},{"floor":18.0,"key":"Ancient Potion"},{"floor":20.0,"key":"SkillPotion"},{"floor":33.0,"key":"Fruit Juice"},{"floor":34.0,"key":"SteroidPotion"},{"floor":35,"key":"Explosive Potion"},{"floor":38,"key":"Fruit Juice"},{"floor":38,"key":"Strength Potion"},{"floor":38,"key":"Explosive Potion"},{"floor":38,"key":"SneckoOil"},{"floor":46,"key":"GhostInAJar"},{"floor":47,"key":"Strength Potion"}],"is_trial":false,"path_per_floor":["M","?","?","M","M","R","E","M","T","M","R","?","R","M","R","B",null,"M","?","M","$","M","R","?","M","T","R","E","M","R","M","R","B",null,"M","?","M","$","T","R","E","R","T","M","R","M","M","$","R","B",null],"character_chosen":"THE_SILENT","items_purchased":["PiercingWail","TwistedFunnel","Cauldron","Apotheosis","Footwork+1"],"campfire_rested":5,"item_purchase_floors":[21,21,38,38,48],"current_hp_per_floor":[70,70,70,70,70,70,67,56,56,50,50,36,36,30,51,35,70,68,68,63,63,35,35,35,27,27,48,40,43,43,26,47,22,80,69,69,63,68,78,78,57,85,85,61,61,47,48,48,76,32],"gold":19,"neow_bonus":"THREE_ENEMY_KILL","is_prod":false,"is_daily":false,"chose_seed":false,"campfire_upgraded":7,"win_rate":0,"timestamp":1553449291,"path_taken":["M","?","?","?","M","R","E","M","T","M","R","?","R","M","R","BOSS","M","?","M","$","M","R","?","M","T","R","E","M","R","M","R","BOSS","M","?","M","$","?","R","E","R","T","M","R","M","M","$","R","BOSS"],"build_version":"2019-01-23","purchased_purges":2,"victory":true,"max_hp_per_floor":[70,70,70,70,70,70,70,70,70,70,70,70,70,70,70,70,70,70,70,70,70,70,70,70,70,70,70,70,70,70,70,70,75,80,80,80,80,85,95,95,95,95,95,95,95,95,95,95,95,95],"card_choices":[{"not_picked":["Underhanded Strike","Accuracy"],"picked":"Endless Agony","floor":1.0},{"not_picked":["Dagger Throw","Backflip"],"picked":"PiercingWail","floor":4.0},{"not_picked":["Deflect","Sucker Punch"],"picked":"Blade Dance","floor":4.0},{"not_picked":["Dagger Spray","Catalyst"],"picked":"Quick Slash","floor":5.0},{"not_picked":["Venomology","Quick Slash"],"picked":"Dagger Spray","floor":5.0},{"not_picked":["Prepared","Calculated Gamble"],"picked":"Malaise","floor":7.0},{"not_picked":["Sucker Punch","Underhanded Strike"],"picked":"Dodge and Roll","floor":8.0},{"not_picked":["Sucker Punch","Catalyst"],"picked":"Blade Dance","floor":8.0},{"not_picked":["Calculated Gamble","Backflip"],"picked":"Deadly Poison","floor":10.0},{"not_picked":["Cloak And Dagger","Quick Slash"],"picked":"Concentrate","floor":10.0},{"not_picked":["Dagger Throw","Backflip"],"picked":"Corpse Explosion","floor":14.0},{"not_picked":["Masterful Stab","Prepared"],"picked":"Poisoned Stab","floor":14.0},{"not_picked":["Storm of Steel","Grand Finale"],"picked":"After Image+1","floor":16.0},{"not_picked":["Flying Knee","Blade Dance"],"picked":"Outmaneuver","floor":18.0},{"not_picked":["Underhanded Strike+1","Blade Dance+1"],"picked":"Well Laid Plans+1","floor":18.0},{"not_picked":["Dagger Throw","Outmaneuver+1"],"picked":"Blur","floor":20.0},{"not_picked":["Acrobatics","Concentrate","Choke"],"picked":"SKIP","floor":20.0},{"not_picked":["Distraction","Flying Knee"],"picked":"Escape Plan","floor":22.0},{"not_picked":["Outmaneuver","Venomology"],"picked":"Prepared+1","floor":22.0},{"not_picked":["Blade Dance","Dodge and Roll"],"picked":"PiercingWail+1","floor":25.0},{"not_picked":["Riddle With Holes+1","Slice+1"],"picked":"Cloak And Dagger+1","floor":25.0},{"not_picked":["Quick Slash","Infinite Blades+1"],"picked":"Dodge and Roll+1","floor":28.0},{"not_picked":["Finisher","Prepared"],"picked":"Deadly Poison","floor":29.0},{"not_picked":["Bouncing Flask+1","Sucker Punch"],"picked":"Expertise+1","floor":29.0},{"not_picked":["Outmaneuver","Flechettes"],"picked":"Skewer","floor":31.0},{"not_picked":["Dagger Throw","Finisher","Underhanded Strike"],"picked":"SKIP","floor":31.0},{"not_picked":["Glass Knife","Grand Finale"],"picked":"Doppelganger","floor":33.0},{"not_picked":["Quick Slash","Setup"],"picked":"Poisoned Stab","floor":34.0},{"not_picked":["Accuracy+1","Dagger Spray"],"picked":"Cloak And Dagger","floor":35},{"not_picked":["Crippling Poison","Dagger Throw+1"],"picked":"Well Laid Plans+1","floor":35},{"not_picked":["Choke+1","Prepared"],"picked":"Deadly Poison+1","floor":37},{"not_picked":["Skewer","Eviscerate"],"picked":"Backflip","floor":37},{"not_picked":["Distraction","Quick Slash+1"],"picked":"A Thousand Cuts+1","floor":41},{"not_picked":["Dodge and Roll","Deadly Poison+1"],"picked":"Caltrops+1","floor":44},{"not_picked":["Dagger Spray+1","Acrobatics","Flying Knee"],"picked":"SKIP","floor":44},{"not_picked":["Masterful Stab","Skewer"],"picked":"Concentrate+1","floor":46},{"not_picked":["Deadly Poison","Expertise+1"],"picked":"Accuracy+1","floor":46},{"not_picked":["Leg Sweep","Cloak And Dagger+1"],"picked":"Deflect+1","floor":47},{"not_picked":["Blade Dance+1","Glass Knife"],"picked":"Deflect+1","floor":47}],"player_experience":197657,"relics_obtained":[{"floor":7.0,"key":"PreservedInsect"},{"floor":9.0,"key":"Frozen Egg 2"},{"floor":26.0,"key":"Centennial Puzzle"},{"floor":28.0,"key":"Dodecahedron"},{"floor":39,"key":"Pear"},{"floor":41,"key":"Snake Skull"},{"floor":43,"key":"Boot"}],"event_choices":[{"damage_healed":0.0,"max_hp_gain":0.0,"max_hp_loss":0.0,"gold_gain":0.0,"event_name":"Big Fish","player_choice":"Box","floor":2.0,"gold_loss":0.0,"damage_taken":0.0,"relics_obtained":["Prayer Wheel"],"cards_obtained":["Regret"]},{"damage_healed":0.0,"max_hp_gain":0.0,"max_hp_loss":0.0,"gold_gain":100.0,"event_name":"Golden Shrine","player_choice":"Pray","floor":3.0,"gold_loss":0.0,"damage_taken":0.0},{"damage_healed":0.0,"max_hp_gain":0.0,"max_hp_loss":0.0,"gold_gain":0.0,"event_name":"Shining Light","player_choice":"Entered Light","floor":12.0,"gold_loss":0.0,"damage_taken":14.0,"cards_upgraded":["Quick Slash","Defend_G"]},{"damage_healed":0.0,"max_hp_gain":0.0,"max_hp_loss":0.0,"gold_gain":0.0,"event_name":"Vampires","player_choice":"Ignored","floor":19.0,"gold_loss":0.0,"damage_taken":0.0},{"damage_healed":0.0,"max_hp_gain":0.0,"max_hp_loss":0.0,"gold_gain":0.0,"event_name":"The Mausoleum","player_choice":"Opened","floor":24.0,"gold_loss":0.0,"damage_taken":0.0,"relics_obtained":["Meat on the Bone"],"cards_obtained":["Writhe"]},{"cards_removed":["Regret"],"damage_healed":0,"gold_gain":0,"player_choice":"Purged","damage_taken":0,"max_hp_gain":0,"max_hp_loss":0,"event_name":"Purifier","floor":36,"gold_loss":0}],"is_beta":false,"boss_relics":[{"not_picked":["White Beast Statue","Runic Pyramid"],"picked":"Pandora\u0027s Box"},{"not_picked":["Snecko Eye","Eternal Feather"],"picked":"Tiny House"}],"items_purged_floors":[21,48],"is_endless":false,"potions_floor_spawned":[1,5,14,18,20,33,35,46,47],"ascension_level":2}