{"gold_per_floor":[213,224,244,262,262,262,7,40,77,89,126,157,186,229,241,353,365,366,388,6,20,40,40,74,74,101,113,130,130,130],"floor_reached":30,"playtime":6380,"items_purged":["Strike_B"],"score":301,"play_id":"ebf491f5-ac1c-414f-b2c6-a4bafd1024af","local_time":"20190410192341","is_ascension_mode":true,"campfire_choices":[{"data":"Sweeping Beam","floor":6.0,"key":"SMITH"},{"floor":10.0,"key":"REST"},{"data":"Apotheosis","floor":15.0,"key":"SMITH"},{"data":"Darkness","floor":23,"key":"SMITH"},{"floor":29,"key":"REST"}],"neow_cost":"NONE","seed_source_timestamp":1371544482800,"circlet_count":0,"master_deck":["Strike_B","Strike_B","Strike_B","Defend_B","Defend_B","Defend_B","Defend_B+1","Zap","Dualcast","Sweeping Beam+1","Go for the Eyes","Fusion+1","Ball Lightning","Defragment","Apotheosis+1","Cold Snap","Hologram","Leap","Sunder","Turbo","Echo Form","Defragment","Hologram","Steam","Redo","Darkness+1","Gash+1","Writhe"],"special_seed":0,"relics":["Cracked Core","MawBank","Smiling Mask","Blood Vial","Potion Belt","Cursed Key","Meat on the Bone","Lantern","Centennial Puzzle"],"potions_floor_usage":[18,22,27,27,27,30,30,30,30],"damage_taken":[{"damage":7.0,"enemies":"2 Louse","floor":1.0,"turns":3.0},{"damage":0.0,"enemies":"Small Slimes","floor":2.0,"turns":3.0},{"damage":12.0,"enemies":"Jaw Worm","floor":3.0,"turns":2.0},{"damage":2.0,"enemies":"2 Fungi Beasts","floor":4.0,"turns":4.0},{"damage":10.0,"enemies":"3 Sentries","floor":8.0,"turns":4.0},{"damage":1.0,"enemies":"Lagavulin","floor":11.0,"turns":5.0},{"damage":10.0,"enemies":"3 Louse","floor":12.0,"turns":2.0},{"damage":19.0,"enemies":"Exordium Wildlife","floor":13.0,"turns":4.0},{"damage":6.0,"enemies":"Gremlin Nob","floor":14.0,"turns":3.0},{"damage":24.0,"enemies":"The Guardian","floor":16.0,"turns":11.0},{"damage":19,"enemies":"2 Thieves","floor":18,"turns":4},{"damage":0,"enemies":"Spheric Guardian","floor":19,"turns":3},{"damage":9,"enemies":"Snake Plant","floor":21,"turns":4},{"damage":11,"enemies":"Cultist and Chosen","floor":22,"turns":7},{"damage":29,"enemies":"Book of Stabbing","floor":24,"turns":6},{"damage":10,"enemies":"Centurion and Healer","floor":27,"turns":6},{"damage":23,"enemies":"Shelled Parasite and Fungi","floor":28,"turns":5},{"damage":58,"enemies":"Slavers","floor":30,"turns":3}],"seed_played":"-8738087182805525737","potions_obtained":[{"floor":2.0,"key":"SkillPotion"},{"floor":3.0,"key":"Explosive Potion"},{"floor":8.0,"key":"Regen Potion"},{"floor":11.0,"key":"FairyPotion"},{"floor":16.0,"key":"Dexterity Potion"},{"floor":18,"key":"Ancient Potion"},{"floor":24,"key":"EntropicBrew"},{"floor":28,"key":"Poison Potion"}],"is_trial":false,"path_per_floor":["M","M","M","M","?","R","$","E","T","R","E","M","M","E","R","B",null,"M","M","$","M","M","R","E","?","T","M","M","R","E"],"character_chosen":"DEFECT","items_purchased":["Defragment","Apotheosis","Steam","Meat on the Bone","PowerPotion"],"campfire_rested":2,"item_purchase_floors":[7,7,20,20,20],"current_hp_per_floor":[68,68,56,54,39,39,39,29,29,51,64,56,39,35,35,13,75,56,58,58,51,42,42,27,27,27,31,22,44,0],"gold":130,"neow_bonus":"HUNDRED_GOLD","is_prod":false,"is_daily":false,"chose_seed":false,"campfire_upgraded":3,"win_rate":0,"timestamp":1554949421,"path_taken":["M","M","M","M","?","R","$","E","T","R","E","M","M","E","R","BOSS","M","M","$","M","M","R","E","?","T","M","M","R","E"],"build_version":"2019-01-23","purchased_purges":1,"victory":false,"max_hp_per_floor":[75,75,75,75,75,75,75,75,75,75,75,75,75,75,75,75,75,75,75,75,75,75,75,75,75,75,75,75,75,75],"card_choices":[{"not_picked":["Beam Cell","Recycle"],"picked":"Sweeping Beam","floor":1.0},{"not_picked":["Sweeping Beam","Consume"],"picked":"Go for the Eyes","floor":2.0},{"not_picked":["Darkness","Compile Driver"],"picked":"Fusion","floor":3.0},{"not_picked":["Beam Cell","Loop"],"picked":"Ball Lightning","floor":4.0},{"not_picked":["Barrage","Skim"],"picked":"Cold Snap","floor":8.0},{"not_picked":["Double Energy","Auto Shields"],"picked":"Hologram","floor":11.0},{"not_picked":["Melter","BootSequence"],"picked":"Leap","floor":12.0},{"not_picked":["Go for the Eyes","Redo"],"picked":"Sunder","floor":13.0},{"not_picked":["Fission","Scrape"],"picked":"Turbo","floor":14.0},{"not_picked":["Meteor Strike","Multi-Cast"],"picked":"Echo Form","floor":16.0},{"not_picked":["Hello World","Barrage"],"picked":"Defragment","floor":18},{"not_picked":["Sweeping Beam+1","Conserve Battery"],"picked":"Hologram","floor":19},{"not_picked":["Stack","Streamline"],"picked":"Redo","floor":21},{"not_picked":["Conserve Battery","Compile Driver"],"picked":"Darkness","floor":22},{"not_picked":["White Noise","Streamline"],"picked":"Gash+1","floor":24},{"not_picked":["Leap","Barrage","Ball Lightning"],"picked":"SKIP","floor":27},{"not_picked":["Sunder+1","Go for the Eyes","Turbo+1"],"picked":"SKIP","floor":28}],"player_experience":767368,"relics_obtained":[{"floor":8.0,"key":"MawBank"},{"floor":9.0,"key":"Smiling Mask"},{"floor":11.0,"key":"Blood Vial"},{"floor":14.0,"key":"Potion Belt"},{"floor":24,"key":"Lantern"},{"floor":26,"key":"Centennial Puzzle"}],"event_choices":[{"damage_healed":0.0,"max_hp_gain":0.0,"max_hp_loss":0.0,"gold_gain":0.0,"event_name":"Shining Light","player_choice":"Entered Light","floor":5.0,"gold_loss":0.0,"damage_taken":15.0,"cards_upgraded":["Fusion","Defend_B"]}],"is_beta":false,"boss_relics":[{"not_picked":["Orrery","Coffee Dripper"],"picked":"Cursed Key"}],"items_purged_floors":[20],"is_endless":false,"potions_floor_spawned":[2,3,8,11,16,18,24,28],"killed_by":"Slavers","ascension_level":2}