{"gold_per_floor":[112,187,202,202,219,219,246,246,246,346,365,377,154,165,165,165],"floor_reached":16,"playtime":2794,"items_purged":["Strike_B"],"score":102,"play_id":"83af2167-c4a5-475e-824b-72501cb16a54","local_time":"20180903020354","is_ascension_mode":false,"campfire_choices":[{"data":"Dualcast","floor":6,"key":"SMITH"},{"floor":8,"key":"REST"},{"floor":15,"key":"REST"}],"neow_cost":"NONE","seed_source_timestamp":1627465943900688,"circlet_count":0,"master_deck":["Strike_B","Strike_B","Defend_B","Defend_B","Defend_B","Defend_B","Zap+1","Dualcast+1","Thunder Strike"],"relics":["Cracked Core","Toxic Egg 2","Kunai"],"potions_floor_usage":[7,11,14,14],"damage_taken":[{"damage":3,"enemies":"Jaw Worm","floor":1,"turns":3},{"damage":0,"enemies":"2 Louse","floor":3,"turns":2},{"damage":5,"enemies":"Cultist","floor":5,"turns":4},{"damage":17,"enemies":"3 Sentries","floor":7,"turns":8},{"damage":29,"enemies":"Exordium Wildlife","floor":11,"turns":5},{"damage":12,"enemies":"3 Louse","floor":12,"turns":2},{"damage":12,"enemies":"Lots of Slimes","floor":14,"turns":4},{"damage":41,"enemies":"The Guardian","floor":16,"turns":6}],"seed_played":"2385949876096643107","potions_obtained":[{"floor":1,"key":"Fire Potion"},{"floor":3,"key":"SkillPotion"},{"floor":7,"key":"Dexterity Potion"}],"is_trial":false,"path_per_floor":["M","?","M","?","M","R","E","R","T","?","M","M","$","M","R"],"character_chosen":"DEFECT","items_purchased":["Thunder Strike","Regen Potion"],"campfire_rested":2,"item_purchase_floors":[13,13],"current_hp_per_floor":[72,61,61,61,56,56,39,61,61,61,32,20,20,17,39,0],"gold":165,"neow_bonus":"UPGRADE_CARD","is_prod":false,"is_daily":false,"chose_seed":false,"campfire_upgraded":1,"win_rate":0.0,"timestamp":1535965434,"path_taken":["M","?","M","?","M","R","E","R","T","?","M","M","$","M","R","BOSS"],"build_version":"2018-08-30","purchased_purges":1,"victory":false,"max_hp_per_floor":[75,75,75,75,75,75,75,75,75,75,75,75,75,75,75,75],"card_choices":[{"not_picked":["Force Field","Cold Snap","Leap"],"picked":"SKIP","floor":1},{"not_picked":["Gash","Chill","FTL"],"picked":"SKIP","floor":3},{"not_picked":["Barrage","Stack","Sweeping Beam"],"picked":"SKIP","floor":5},{"not_picked":["Leap","Hologram","Fusion"],"picked":"SKIP","floor":7},{"not_picked":["Conserve Battery+1","Reboot+1","Sweeping Beam"],"picked":"SKIP","floor":11},{"not_picked":["Blizzard","Gash","Self Repair"],"picked":"SKIP","floor":12},{"not_picked":["Sweeping Beam","Recycle+1","Compile Driver"],"picked":"SKIP","floor":14}],"player_experience":89693,"relics_obtained":[{"floor":7,"key":"Toxic Egg 2"},{"floor":9,"key":"Kunai"}],"event_choices":[{"event_name":"World of Goop","player_choice":"Gather Gold","floor":2,"damage_taken":0},{"event_name":"Purifier","player_choice":"One Purge","floor":4,"damage_taken":0},{"event_name":"Golden Shrine","player_choice":"Pray","floor":10,"damage_taken":0}],"is_beta":false,"boss_relics":[],"items_purged_floors":[13],"is_endless":false,"potions_floor_spawned":[1,3,7],"killed_by":"The Guardian","ascension_level":0}