{"gold_per_floor":[111,111,131,131,146,146,179,179,179,191,203,4,4,18,18,18],"floor_reached":16,"playtime":574,"items_purged":[],"score":148,"play_id":"1e5fa931-adad-476d-87b6-941aed4a48c7","local_time":"20190228201748","is_ascension_mode":true,"campfire_choices":[{"data":"Lockon","floor":6.0,"key":"SMITH"},{"floor":8.0,"key":"REST"},{"floor":15.0,"key":"REST"}],"neow_cost":"NONE","seed_source_timestamp":0,"circlet_count":0,"master_deck":["Strike_B","Strike_B","Strike_B","Strike_B","Defend_B","Defend_B","Defend_B","Defend_B","Zap","Dualcast","Glacier","Melter","Lockon+1","Stack","Cold Snap","Machine Learning","Sweeping Beam","Defragment+1","Rebound","Coolheaded"],"special_seed":0,"relics":["Orrery","WingedGreaves","Matryoshka","PrismaticShard"],"potions_floor_usage":[16],"damage_taken":[{"damage":1.0,"enemies":"2 Louse","floor":1.0,"turns":3.0},{"damage":0.0,"enemies":"Cultist","floor":3.0,"turns":5.0},{"damage":12.0,"enemies":"Jaw Worm","floor":5.0,"turns":4.0},{"damage":27.0,"enemies":"Gremlin Nob","floor":7.0,"turns":5.0},{"damage":8.0,"enemies":"Looter","floor":10.0,"turns":4.0},{"damage":10.0,"enemies":"Exordium Thugs","floor":11.0,"turns":4.0},{"damage":15.0,"enemies":"Lots of Slimes","floor":14.0,"turns":5.0},{"damage":39,"enemies":"Slime Boss","floor":16,"turns":5}],"seed_played":"-7502477890654292325","potions_obtained":[{"floor":1.0,"key":"Block Potion"},{"floor":2.0,"key":"Dexterity Potion"},{"floor":2.0,"key":"EssenceOfSteel"},{"floor":7.0,"key":"SteroidPotion"},{"floor":14.0,"key":"Poison Potion"}],"is_trial":false,"path_per_floor":["M","?","M","$","M","R","E","R","T","M","M","$","?","M","R","B"],"character_chosen":"DEFECT","items_purchased":["PrismaticShard"],"campfire_rested":2,"item_purchase_floors":[12],"current_hp_per_floor":[67,67,67,67,55,55,28,50,50,42,32,32,32,17,39,0],"gold":18,"neow_bonus":"BOSS_RELIC","is_prod":false,"is_daily":false,"chose_seed":false,"campfire_upgraded":1,"win_rate":0,"timestamp":1551406668,"path_taken":["M","?","M","?","M","R","E","R","T","M","?","$","?","?","R","BOSS"],"build_version":"2019-01-23","purchased_purges":0,"victory":false,"max_hp_per_floor":[75,75,75,75,75,75,75,75,75,75,75,75,75,75,75,75],"card_choices":[{"not_picked":["Aggregate","Hello World"],"picked":"Glacier","floor":0.0},{"not_picked":["Gash","Go for the Eyes"],"picked":"Melter","floor":0.0},{"not_picked":["Rip and Tear","Sweeping Beam"],"picked":"Lockon","floor":0.0},{"not_picked":["Turbo","Rip and Tear"],"picked":"Stack","floor":0.0},{"not_picked":["Chaos","Sweeping Beam"],"picked":"Cold Snap","floor":1.0},{"not_picked":["Redo","Turbo"],"picked":"Machine Learning","floor":3.0},{"not_picked":["Recycle","Stack"],"picked":"Sweeping Beam","floor":5.0},{"not_picked":["Glacier","Steam Power"],"picked":"Defragment","floor":7.0},{"not_picked":["Double Energy","Turbo"],"picked":"Rebound","floor":10.0},{"not_picked":["Go for the Eyes","Force Field"],"picked":"Coolheaded","floor":11.0},{"not_picked":["Dropkick","Steam Power","Twin Strike"],"picked":"SKIP","floor":14.0}],"player_experience":576730,"relics_obtained":[{"floor":7.0,"key":"WingedGreaves"},{"floor":9.0,"key":"Matryoshka"}],"event_choices":[{"damage_healed":0.0,"max_hp_gain":0.0,"max_hp_loss":0.0,"gold_gain":0.0,"event_name":"Lab","player_choice":"Got Potions","floor":2.0,"gold_loss":0.0,"damage_taken":0.0},{"damage_healed":0.0,"max_hp_gain":0.0,"max_hp_loss":0.0,"gold_gain":0.0,"event_name":"Upgrade Shrine","player_choice":"Upgraded","floor":13.0,"gold_loss":0.0,"damage_taken":0.0,"cards_upgraded":["Defragment"]}],"is_beta":false,"boss_relics":[],"items_purged_floors":[],"is_endless":false,"potions_floor_spawned":[1,7,14],"killed_by":"Slime Boss","ascension_level":9}