{"gold_per_floor":[18,18,32,9,24,24,127,167,190,229,242,262,278,278],"floor_reached":14,"playtime":882,"items_purged":[],"score":127,"play_id":"4f04df19-4d5f-4fe2-a964-8100fd9154d5","local_time":"20180705001852","is_ascension_mode":false,"campfire_choices":[{"data":"Dagger Spray","floor":6,"key":"SMITH"}],"neow_cost":"NO_GOLD","seed_source_timestamp":257332801244575,"circlet_count":0,"master_deck":["Defend_G","Defend_G","Defend_G","Defend_G","Defend_G","Strike_G","Strike_G","Strike_G","Survivor","Neutralize","Poisoned Stab","Dagger Spray+1","Flying Knee","Finisher","Acrobatics","Footwork","Burst","Dodge and Roll","All Out Attack","Sucker Punch"],"relics":["Ring of the Snake","Golden Idol","Tiny Chest","Omamori","Orichalcum","Turnip"],"potions_floor_usage":[10,10,12,12,14],"damage_taken":[{"damage":4,"enemies":"Jaw Worm","floor":1,"turns":8},{"damage":0,"enemies":"Small Slimes","floor":3,"turns":4},{"damage":0,"enemies":"Cultist","floor":5,"turns":3},{"damage":27,"enemies":"3 Sentries","floor":7,"turns":5},{"damage":32,"enemies":"Lagavulin","floor":8,"turns":9},{"damage":0,"enemies":"3 Sentries","floor":10,"turns":8},{"damage":1,"enemies":"Large Slime","floor":11,"turns":5},{"damage":2,"enemies":"Exordium Wildlife","floor":12,"turns":5},{"damage":15,"enemies":"Exordium Thugs","floor":13,"turns":5},{"damage":18,"enemies":"Gremlin Gang","floor":14,"turns":3}],"seed_played":"-4712755553711094148","potions_obtained":[{"floor":5,"key":"Dexterity Potion"},{"floor":8,"key":"SteroidPotion"},{"floor":10,"key":"LiquidBronze"},{"floor":11,"key":"Fruit Juice"},{"floor":12,"key":"FairyPotion"},{"floor":13,"key":"Regen Potion"}],"is_trial":false,"path_per_floor":["M","?","M","$","M","R","?","E","T","E","M","M","M"],"character_chosen":"THE_SILENT","items_purchased":["Flying Knee"],"campfire_rested":0,"item_purchase_floors":[4],"current_hp_per_floor":[66,65,65,65,65,65,38,6,6,6,5,8,5,0],"gold":278,"neow_bonus":"REMOVE_TWO","is_prod":false,"is_daily":false,"chose_seed":false,"campfire_upgraded":1,"win_rate":0,"timestamp":1530771532,"path_taken":["M","?","M","?","M","R","?","E","T","E","M","?","M","M"],"build_version":"2018-06-28","purchased_purges":0,"victory":false,"max_hp_per_floor":[70,65,65,65,65,65,65,65,65,65,65,70,70,70],"card_choices":[{"not_picked":["Outmaneuver","Deflect"],"picked":"Poisoned Stab","floor":1},{"not_picked":["Skewer","All Out Attack"],"picked":"Dagger Spray","floor":3},{"not_picked":["Underhanded Strike","Masterful Stab"],"picked":"Finisher","floor":5},{"not_picked":["Sucker Punch","Reflex"],"picked":"Acrobatics","floor":7},{"not_picked":["Skewer","Dodge and Roll"],"picked":"Footwork","floor":8},{"not_picked":["Underhanded Strike","Blade Dance"],"picked":"Burst","floor":10},{"not_picked":["Deadly Poison","Dagger Spray"],"picked":"Dodge and Roll","floor":11},{"not_picked":["Outmaneuver","Dagger Throw"],"picked":"All Out Attack","floor":12},{"not_picked":["Dodge and Roll","Reflex"],"picked":"Sucker Punch","floor":13}],"player_experience":61271,"relics_obtained":[{"floor":8,"key":"Omamori"},{"floor":9,"key":"Orichalcum"},{"floor":10,"key":"Turnip"}],"event_choices":[{"event_name":"Golden Idol","player_choice":"Lose Max HP","floor":2,"damage_taken":0},{"event_name":"Dead Adventurer","player_choice":"Searched \u00272\u0027 times","floor":7,"damage_taken":0}],"boss_relics":[],"items_purged_floors":[],"is_endless":false,"potions_floor_spawned":[5,8,10,11,12,13],"killed_by":"Gremlin Gang","ascension_level":0}