{"gold_per_floor":[117,117,137,107,125,155,175,175,175,195,19,19,19,36,36,115,115,133,183,197,40,40,40,40,40,65,77,93,93,106,30,30,107,107,121,49,49,1,17,17,17],"floor_reached":41,"playtime":1467,"items_purged":[],"score":771,"play_id":"e046befc-359b-4d81-ae69-83bbbc213ffb","local_time":"20190309132613","is_ascension_mode":true,"campfire_choices":[{"floor":12.0,"key":"REST"},{"floor":15.0,"key":"REST"},{"floor":23.0,"key":"REST"},{"data":"Defragment","floor":25.0,"key":"SMITH"},{"floor":32.0,"key":"REST"},{"floor":40,"key":"REST"}],"neow_cost":"NONE","seed_source_timestamp":201518640212710,"circlet_count":0,"master_deck":["AscendersBane","Strike_B+1","Defend_B+1","Defend_B+1","Defend_B+1","Defend_B+1","Zap","Dualcast","Chaos","Go for the Eyes","Doom and Gloom","White Noise","Capacitor","Steam Power","Cold Snap","Coolheaded","Undo","Seek","Loop","Defragment+1","Conserve Battery","Darkness","Defragment+1","Doom and Gloom","Genetic Algorithm","Genetic Algorithm","Defragment","Coolheaded","Core Surge","FTL","Capacitor","Chaos","Coolheaded","Zap","Creative AI","Stack"],"special_seed":0,"relics":["Cracked Core","NeowsBlessing","Emotion Chip","Art of War","DataDisk","Eternal Feather","Dream Catcher","Vajra"],"potions_floor_usage":[39],"damage_taken":[{"damage":0.0,"enemies":"Small Slimes","floor":1.0,"turns":1.0},{"damage":0.0,"enemies":"Cultist","floor":3.0,"turns":1.0},{"damage":0.0,"enemies":"Jaw Worm","floor":5.0,"turns":1.0},{"damage":13.0,"enemies":"3 Sentries","floor":6.0,"turns":3.0},{"damage":17.0,"enemies":"Gremlin Gang","floor":7.0,"turns":3.0},{"damage":0.0,"enemies":"Lagavulin","floor":8.0,"turns":3.0},{"damage":4.0,"enemies":"Red Slaver","floor":10.0,"turns":3.0},{"damage":0.0,"enemies":"Looter","floor":14.0,"turns":4.0},{"damage":35.0,"enemies":"Slime Boss","floor":16.0,"turns":5.0},{"damage":2.0,"enemies":"3 Byrds","floor":18.0,"turns":4.0},{"damage":22.0,"enemies":"Chosen","floor":20.0,"turns":6.0},{"damage":28.0,"enemies":"Snake Plant","floor":27.0,"turns":5.0},{"damage":19.0,"enemies":"Centurion and Healer","floor":28.0,"turns":6.0},{"damage":11.0,"enemies":"Shelled Parasite and Fungi","floor":30.0,"turns":7.0},{"damage":47.0,"enemies":"Collector","floor":33.0,"turns":11.0},{"damage":0.0,"enemies":"Orb Walker","floor":35.0,"turns":4.0},{"damage":43,"enemies":"3 Darklings","floor":39,"turns":10},{"damage":81,"enemies":"Transient","floor":41,"turns":5}],"seed_played":"4394688357653066063","potions_obtained":[{"floor":4.0,"key":"SteroidPotion"},{"floor":4.0,"key":"SmokeBomb"},{"floor":7.0,"key":"Poison Potion"},{"floor":14.0,"key":"Explosive Potion"},{"floor":16.0,"key":"Fire Potion"},{"floor":27.0,"key":"AttackPotion"},{"floor":28.0,"key":"LiquidBronze"},{"floor":39,"key":"Strength Potion"}],"is_trial":false,"path_per_floor":["M","?","M","?","M","E","M","E","T","M","$","R","$","M","R","B",null,"M","?","M","$","?","R","$","R","T","M","M","?","M","$","R","B",null,"M","$","?","$","M","R","M"],"character_chosen":"DEFECT","items_purchased":["DataDisk","Coolheaded","Dream Catcher","Defragment","Capacitor","PowerPotion"],"campfire_rested":5,"item_purchase_floors":[11,11,21,31,36,38],"current_hp_per_floor":[64,64,64,64,64,51,34,34,34,30,30,51,51,51,71,36,62,60,60,38,38,38,71,71,71,71,43,24,24,13,13,49,2,54,54,54,54,54,11,53,0],"gold":17,"neow_bonus":"THREE_ENEMY_KILL","is_prod":false,"is_daily":false,"chose_seed":false,"campfire_upgraded":1,"win_rate":0,"timestamp":1552159573,"path_taken":["M","?","?","?","?","E","M","E","T","M","$","R","?","M","R","BOSS","M","?","M","$","?","R","?","R","T","?","M","?","M","?","R","BOSS","M","$","?","$","?","R","M"],"build_version":"2019-01-23","purchased_purges":0,"victory":false,"max_hp_per_floor":[71,71,71,71,71,71,71,71,71,71,71,71,71,71,71,71,71,71,71,71,71,71,71,71,71,71,71,71,71,71,71,71,71,71,71,71,71,71,71,71,71],"card_choices":[{"not_picked":["Ball Lightning","Double Energy"],"picked":"Chaos","floor":1.0},{"not_picked":["Beam Cell","Self Repair"],"picked":"Doom and Gloom","floor":3.0},{"not_picked":["Compile Driver","Lockon"],"picked":"White Noise","floor":5.0},{"not_picked":["Hologram","Conserve Battery"],"picked":"Capacitor","floor":6.0},{"not_picked":["Storm","Streamline"],"picked":"Steam Power","floor":7.0},{"not_picked":["Hello World","Fusion"],"picked":"Cold Snap","floor":10.0},{"not_picked":["Force Field","Turbo"],"picked":"Undo","floor":14.0},{"not_picked":["Rainbow","Meteor Strike"],"picked":"Seek","floor":16.0},{"not_picked":["Heatsinks","Coolheaded"],"picked":"Loop","floor":18.0},{"not_picked":["Gash+1","Hello World"],"picked":"Defragment","floor":20.0},{"not_picked":["Beam Cell","BootSequence"],"picked":"Conserve Battery","floor":23.0},{"not_picked":["Stack","Double Energy"],"picked":"Darkness","floor":27.0},{"not_picked":["Buffer","Hologram"],"picked":"Defragment+1","floor":28.0},{"not_picked":["Sunder+1","Barrage"],"picked":"Genetic Algorithm","floor":30.0},{"not_picked":["Rebound","Ball Lightning"],"picked":"Coolheaded","floor":32.0},{"not_picked":["Multi-Cast","Hyperbeam"],"picked":"Core Surge","floor":33.0},{"not_picked":["BootSequence","Streamline+1"],"picked":"FTL","floor":35.0},{"not_picked":["Hello World+1","Doom and Gloom"],"picked":"Stack","floor":39}],"player_experience":664295,"relics_obtained":[{"floor":6.0,"key":"Emotion Chip"},{"floor":9.0,"key":"Art of War"},{"floor":26.0,"key":"Vajra"}],"event_choices":[{"damage_healed":0.0,"max_hp_gain":0.0,"max_hp_loss":0.0,"gold_gain":0.0,"cards_transformed":["Strike_B"],"event_name":"Transmorgrifier","player_choice":"Transformed","floor":2.0,"gold_loss":0.0,"damage_taken":0.0,"cards_obtained":["Go for the Eyes"]},{"damage_healed":0.0,"max_hp_gain":0.0,"max_hp_loss":0.0,"gold_gain":0.0,"event_name":"The Woman in Blue","player_choice":"Bought 2 Potions","floor":4.0,"gold_loss":0.0,"damage_taken":0.0},{"damage_healed":0.0,"max_hp_gain":0.0,"max_hp_loss":0.0,"gold_gain":50.0,"event_name":"Nest","player_choice":"Stole From Cult","floor":19.0,"gold_loss":0.0,"damage_taken":0.0},{"damage_healed":0.0,"max_hp_gain":0.0,"max_hp_loss":0.0,"gold_gain":0.0,"event_name":"Back to Basics","player_choice":"Simplicity","floor":22.0,"gold_loss":0.0,"damage_taken":0.0,"cards_upgraded":["Strike_B","Strike_B","Strike_B","Defend_B","Defend_B","Defend_B","Defend_B"]},{"damage_healed":0.0,"max_hp_gain":0.0,"max_hp_loss":0.0,"gold_gain":0.0,"cards_transformed":["Strike_B","Strike_B"],"event_name":"Drug Dealer","player_choice":"Became Test Subject","floor":29.0,"gold_loss":0.0,"damage_taken":0.0,"cards_obtained":["Doom and Gloom","Genetic Algorithm"]},{"damage_healed":0,"gold_gain":0,"player_choice":"4 cards matched","damage_taken":0,"max_hp_gain":0,"max_hp_loss":0,"event_name":"Match and Keep!","floor":37,"gold_loss":0,"cards_obtained":["Chaos","Coolheaded","Zap","Creative AI"]}],"is_beta":false,"boss_relics":[{"not_picked":["Fusion Hammer","Tiny House"],"picked":"Eternal Feather"},{"not_picked":["Pandora\u0027s Box","Runic Pyramid","Sozu"]}],"items_purged_floors":[],"is_endless":false,"potions_floor_spawned":[5,7,8,14,16,27,28,39],"killed_by":"Transient","ascension_level":15}