{"gold_per_floor":[117,117,117,117,117,117,133,147,224,224,252,103,120,120,120,243,243,264,279,35,134,134,134,148,148,148,164,164,178,178,199,199,325,325,345,366,164,19,33,33,48,48,74,88,0,0,100,48,48,48],"floor_reached":51,"playtime":3306,"items_purged":[],"score":918,"play_id":"623b48cd-1f68-47e7-804a-277286ea353a","local_time":"20190406125246","is_ascension_mode":true,"campfire_choices":[{"data":"Conserve Battery","floor":6,"key":"SMITH"},{"data":"Genetic Algorithm","floor":10,"key":"SMITH"},{"data":"Conserve Battery","floor":15,"key":"SMITH"},{"floor":23,"key":"REST"},{"floor":25,"key":"REST"},{"floor":28,"key":"REST"},{"floor":30,"key":"REST"},{"floor":32,"key":"REST"},{"floor":40,"key":"REST"},{"floor":42,"key":"REST"},{"floor":49,"key":"REST"}],"neow_cost":"NONE","seed_source_timestamp":1081073589239600,"circlet_count":0,"master_deck":["AscendersBane","Strike_B+1","Strike_B","Strike_B","Strike_B+1","Defend_B","Defend_B+1","Defend_B","Defend_B+1","Zap+1","Dualcast","Conserve Battery+1","Go for the Eyes","Genetic Algorithm+1","White Noise","Conserve Battery+1","Injury","Seek","Conserve Battery+1","Streamline","Loop+1","Consume","Streamline","Cold Snap","Rip and Tear","Buffer+1","Loop+1","Coolheaded+1","Echo Form+1","Barrage+1","Panacea","Chill"],"relics":["FrozenCore","Whetstone","Frozen Egg 2","Du-Vu Doll","Golden Idol","Inserter","Lantern","Nloth\u0027s Gift","PreservedInsect","ClockworkSouvenir","Oddly Smooth Stone","Juzu Bracelet","Red Mask"],"potions_floor_usage":[11,16,19,24,31,41,50,50,50],"damage_taken":[{"damage":0,"enemies":"2 Louse","floor":1,"turns":2},{"damage":0,"enemies":"Jaw Worm","floor":7,"turns":2},{"damage":0,"enemies":"Cultist","floor":8,"turns":3},{"damage":29,"enemies":"3 Sentries","floor":11,"turns":9},{"damage":4,"enemies":"Large Slime","floor":13,"turns":5},{"damage":20,"enemies":"The Guardian","floor":16,"turns":14},{"damage":29,"enemies":"2 Thieves","floor":18,"turns":5},{"damage":3,"enemies":"Shell Parasite","floor":19,"turns":8},{"damage":25,"enemies":"Cultist and Chosen","floor":24,"turns":8},{"damage":2,"enemies":"Snecko","floor":27,"turns":6},{"damage":24,"enemies":"Snake Plant","floor":29,"turns":5},{"damage":16,"enemies":"Shelled Parasite and Fungi","floor":31,"turns":5},{"damage":21,"enemies":"Champ","floor":33,"turns":13},{"damage":23,"enemies":"3 Shapes","floor":35,"turns":6},{"damage":10,"enemies":"3 Darklings","floor":36,"turns":6},{"damage":4,"enemies":"Spire Growth","floor":39,"turns":10},{"damage":35,"enemies":"Sphere and 2 Shapes","floor":41,"turns":8},{"damage":9,"enemies":"3 Darklings","floor":44,"turns":12},{"damage":10,"enemies":"Donu and Deca","floor":50,"turns":16}],"seed_played":"-5345146910989456520","potions_obtained":[{"floor":1,"key":"SteroidPotion"},{"floor":8,"key":"Block Potion"},{"floor":18,"key":"Swift Potion"},{"floor":19,"key":"Energy Potion"},{"floor":33,"key":"Explosive Potion"},{"floor":41,"key":"FocusPotion"},{"floor":44,"key":"Fire Potion"}],"is_trial":false,"path_per_floor":["M","?","$","?","T","R","M","M","T","R","E","$","M","?","R","B",null,"M","M","$","?","?","R","M","R","T","M","R","M","R","M","R","B",null,"M","M","$","$","M","R","M","R","T","M","?","?","?","$","R","B",null],"character_chosen":"DEFECT","items_purchased":["War Paint","Lantern","Loop+1","Fire Potion","ClockworkSouvenir","Oddly Smooth Stone","PowerPotion"],"campfire_rested":8,"item_purchase_floors":[12,20,20,20,37,38,48],"current_hp_per_floor":[68,68,68,68,68,68,68,68,68,68,39,39,35,35,35,15,60,31,28,28,28,28,50,25,47,47,45,67,43,65,49,71,50,69,46,36,36,36,32,54,19,41,41,32,32,32,32,32,54,44],"gold":48,"neow_bonus":"UPGRADE_CARD","is_prod":false,"is_daily":false,"chose_seed":false,"campfire_upgraded":3,"win_rate":0,"timestamp":1554547966,"path_taken":["M","?","$","?","?","R","M","M","T","R","E","$","M","?","R","BOSS","M","M","$","?","?","R","M","R","T","M","R","M","R","M","R","BOSS","M","M","?","$","M","R","M","R","T","M","?","?","?","?","R","BOSS"],"build_version":"2019-01-23","purchased_purges":0,"victory":true,"max_hp_per_floor":[75,75,75,75,75,75,75,75,75,75,75,75,75,75,75,75,75,75,75,75,75,75,75,75,75,75,75,75,75,75,75,75,75,75,75,75,75,75,75,75,75,75,75,75,75,75,75,75,75,75],"card_choices":[{"not_picked":["Lockon","Go for the Eyes"],"picked":"Conserve Battery","floor":1},{"not_picked":["Rebound","Auto Shields"],"picked":"Go for the Eyes","floor":7},{"not_picked":["Doom and Gloom","Hello World"],"picked":"Genetic Algorithm","floor":8},{"not_picked":["BootSequence","Turbo"],"picked":"White Noise","floor":11},{"not_picked":["Fusion","Gash"],"picked":"Conserve Battery","floor":13},{"not_picked":["Buffer+1","Meteor Strike"],"picked":"Seek","floor":16},{"not_picked":["Rebound","Turbo+1"],"picked":"Conserve Battery+1","floor":18},{"not_picked":["Go for the Eyes","Reinforced Body"],"picked":"Streamline","floor":19},{"not_picked":["Heatsinks+1","Fission"],"picked":"Consume","floor":24},{"not_picked":["Beam Cell+1","Compile Driver"],"picked":"Streamline","floor":27},{"not_picked":["Go for the Eyes","Beam Cell"],"picked":"Cold Snap","floor":29},{"not_picked":["Gash","Go for the Eyes"],"picked":"Rip and Tear","floor":31},{"not_picked":["Amplify","Hyperbeam"],"picked":"Buffer+1","floor":33},{"not_picked":["Storm+1","Sweeping Beam"],"picked":"Loop+1","floor":35},{"not_picked":["Reinforced Body","All For One"],"picked":"Coolheaded+1","floor":36},{"not_picked":["Genetic Algorithm","Streamline","Skim"],"picked":"SKIP","floor":39},{"not_picked":["Force Field","Streamline"],"picked":"Echo Form+1","floor":41},{"not_picked":["Rebound+1","Gash+1"],"picked":"Barrage+1","floor":44}],"player_experience":637184,"relics_obtained":[{"floor":5,"key":"Whetstone"},{"floor":9,"key":"Frozen Egg 2"},{"floor":11,"key":"Du-Vu Doll"},{"floor":26,"key":"PreservedInsect"},{"floor":43,"key":"Juzu Bracelet"}],"event_choices":[{"damage_healed":0,"gold_gain":0,"player_choice":"Ignored","damage_taken":0,"max_hp_gain":0,"max_hp_loss":0,"event_name":"Golden Wing","floor":2,"gold_loss":0},{"damage_healed":0,"gold_gain":0,"player_choice":"Ignored","damage_taken":0,"max_hp_gain":0,"max_hp_loss":0,"event_name":"Liars Game","floor":4,"gold_loss":0},{"damage_healed":0,"gold_gain":0,"player_choice":"Take Wound","damage_taken":0,"relics_obtained":["Golden Idol"],"max_hp_gain":0,"max_hp_loss":0,"event_name":"Golden Idol","floor":14,"gold_loss":0,"cards_obtained":["Injury"]},{"damage_healed":0,"gold_gain":99,"player_choice":"Stole From Cult","damage_taken":0,"max_hp_gain":0,"max_hp_loss":0,"event_name":"Nest","floor":21,"gold_loss":0},{"damage_healed":0,"gold_gain":0,"player_choice":"Traded Relic","damage_taken":0,"relics_obtained":["Nloth\u0027s Gift"],"max_hp_gain":0,"max_hp_loss":0,"event_name":"N\u0027loth","floor":22,"relics_lost":["War Paint"],"gold_loss":0},{"damage_healed":0,"gold_gain":0,"player_choice":"Paid","damage_taken":0,"relics_obtained":["Red Mask"],"max_hp_gain":0,"max_hp_loss":0,"event_name":"Tomb of Lord Red Mask","floor":45,"gold_loss":88},{"damage_healed":0,"gold_gain":0,"player_choice":"2 cards matched","damage_taken":0,"max_hp_gain":0,"max_hp_loss":0,"event_name":"Match and Keep!","floor":46,"gold_loss":0,"cards_obtained":["Panacea","Chill"]},{"damage_healed":0,"gold_gain":100,"player_choice":"Pray","damage_taken":0,"max_hp_gain":0,"max_hp_loss":0,"event_name":"Golden Shrine","floor":47,"gold_loss":0}],"is_beta":false,"boss_relics":[{"not_picked":["Busted Crown","Sozu"],"picked":"Inserter"},{"not_picked":["Lizard Tail","Empty Cage"],"picked":"FrozenCore"}],"items_purged_floors":[],"is_endless":false,"potions_floor_spawned":[1,8,18,19,33,41,44],"ascension_level":10}