{"gold_per_floor":[114,131,81,81,91,116,116,151,176,176,176,176,176,21,21,145,145],"floor_reached":17,"playtime":596,"items_purged":[],"score":161,"play_id":"6033e17d-349f-4d43-b4f1-a4a9d59b0c9d","local_time":"20181015031044","is_ascension_mode":false,"campfire_choices":[{"data":"Flex","floor":7,"key":"SMITH"},{"floor":10,"key":"REST"},{"floor":15,"key":"REST"}],"neow_cost":"TEN_PERCENT_HP_LOSS","seed_source_timestamp":213688534230080,"circlet_count":0,"master_deck":["Strike_R","Strike_R","Strike_R","Strike_R+1","Defend_R","Defend_R","Defend_R","Defend_R","Bash+1","Flex+1","Headbutt","Brutality","Heavy Blade"],"relics":["Burning Blood","Incense Burner","Singing Bowl","FossilizedHelix","Blood Vial","Omamori","Golden Idol","Orichalcum","Philosopher\u0027s Stone"],"potions_floor_usage":[5],"damage_taken":[{"damage":6,"enemies":"Cultist","floor":1,"turns":3},{"damage":6,"enemies":"Jaw Worm","floor":2,"turns":2},{"damage":0,"enemies":"2 Louse","floor":5,"turns":2},{"damage":30,"enemies":"Gremlin Nob","floor":6,"turns":4},{"damage":40,"enemies":"3 Sentries","floor":8,"turns":8},{"damage":16,"enemies":"Slime Boss","floor":16,"turns":9}],"seed_played":"8673619406783213682","potions_obtained":[{"floor":1,"key":"Explosive Potion"},{"floor":6,"key":"SpeedPotion"},{"floor":8,"key":"Dexterity Potion"},{"floor":11,"key":"Block Potion"},{"floor":11,"key":"SpeedPotion"}],"is_trial":false,"path_per_floor":["M","M","?","T","M","E","R","E","T","R","?","?","?","$","R","B"],"character_chosen":"IRONCLAD","items_purchased":["Orichalcum"],"campfire_rested":2,"item_purchase_floors":[14],"current_hp_per_floor":[72,72,72,72,74,50,50,16,16,38,38,38,23,23,45,39,76],"gold":145,"neow_bonus":"ONE_RARE_RELIC","is_prod":false,"is_daily":false,"chose_seed":false,"campfire_upgraded":1,"win_rate":0,"timestamp":1539591044,"path_taken":["M","M","?","?","?","E","R","E","T","R","?","?","?","$","R","BOSS"],"build_version":"2018-10-11","purchased_purges":0,"victory":false,"max_hp_per_floor":[72,72,72,72,74,74,74,74,74,74,74,74,74,74,74,76,76],"card_choices":[{"not_picked":["Infernal Blade","Sentinel"],"picked":"Flex","floor":1},{"not_picked":["Hemokinesis","Sword Boomerang"],"picked":"Headbutt","floor":2},{"not_picked":["Flame Barrier","Hemokinesis","Heavy Blade"],"picked":"Singing Bowl","floor":5},{"not_picked":["Cleave","Iron Wave"],"picked":"Brutality","floor":6},{"not_picked":["Body Slam","Sword Boomerang"],"picked":"Heavy Blade","floor":8},{"not_picked":["Fiend Fire","Impervious","Immolate"],"picked":"Singing Bowl","floor":16}],"player_experience":69141,"relics_obtained":[{"floor":4,"key":"Singing Bowl"},{"floor":6,"key":"FossilizedHelix"},{"floor":8,"key":"Blood Vial"},{"floor":9,"key":"Omamori"}],"event_choices":[{"event_name":"The Cleric","player_choice":"Card Removal","floor":3,"damage_taken":0},{"event_name":"The Lab","player_choice":"Got Potions","floor":11,"damage_taken":0},{"event_name":"Golden Idol","player_choice":"Take Wound","floor":12,"damage_taken":0},{"event_name":"Shining Light","player_choice":"Entered Light","floor":13,"damage_taken":0}],"is_beta":false,"boss_relics":[{"not_picked":["Velvet Choker","White Beast Statue"],"picked":"Philosopher\u0027s Stone"}],"items_purged_floors":[],"is_endless":false,"potions_floor_spawned":[1,6,8],"ascension_level":0}