{"path_per_floor":["M","?","$","?","$","R","E","M","T","M","$","R","E","M","R","B",null,"M","$","M","?","$","?","E","M","T","M","R","E","M","M","R"],"character_chosen":"IRONCLAD","items_purchased":["Finesse","Inflame"],"gold_per_floor":[118,118,43,43,43,43,69,85,132,147,48,48,73,86,86,185,185,169,69,82,82,9,9,42,53,53,65,65,96,107,118,118,118],"floor_reached":33,"campfire_rested":2,"playtime":1083,"current_hp_per_floor":[80,64,64,57,57,80,58,64,64,70,70,70,67,72,72,27,80,73,73,66,66,66,66,54,59,59,64,64,49,44,50,74,0],"items_purged":["Strike_R","Defend_R"],"gold":118,"score":310,"play_id":"741e887c-5da3-43eb-ab8e-1e5286b9608e","local_time":"20180412001731","is_prod":false,"is_daily":false,"is_ascension_mode":true,"campfire_upgraded":3,"timestamp":1523485051,"path_taken":["M","?","$","?","?","R","E","M","T","M","$","R","E","M","R","BOSS","M","?","M","?","$","?","E","M","T","M","R","E","M","M","R","BOSS"],"build_version":"2018-04-05v2","purchased_purges":3,"victory":false,"master_deck":["Strike_R+1","Strike_R+1","Strike_R+1","Strike_R+1","Defend_R+1","Defend_R+1","Bash+1","Perfected Strike+1","Clothesline","Finesse","Intimidate+1","Inflame","Warcry+1","Dropkick","Inflame","Perfected Strike+1","Flex","Headbutt","Infernal Blade"],"max_hp_per_floor":[80,80,80,80,80,80,80,80,80,80,80,80,80,80,80,80,80,80,80,80,80,80,80,80,80,80,80,80,80,80,80,80,80],"relics":["Burning Blood","Anchor","Du-Vu Doll","Bag of Marbles","Omamori","White Beast Statue","Orichalcum","Champion Belt","Lantern"],"card_choices":[{"not_picked":["Pommel Strike","Body Slam"],"picked":"Perfected Strike","floor":1},{"not_picked":["Warcry","Entrench"],"picked":"Clothesline","floor":10},{"not_picked":["Heavy Blade","Body Slam"],"picked":"Intimidate","floor":13},{"not_picked":["Flame Barrier","Feel No Pain"],"picked":"Inflame","floor":14},{"not_picked":["Searing Blow","Havoc"],"picked":"Warcry","floor":18},{"not_picked":["Wild Strike","Feel No Pain"],"picked":"Dropkick","floor":20},{"not_picked":["Flame Barrier","Searing Blow"],"picked":"Perfected Strike","floor":24},{"not_picked":["Cleave","Clash"],"picked":"Flex","floor":25},{"not_picked":["Fiend Fire","Hemokinesis"],"picked":"Headbutt","floor":27},{"not_picked":["Clothesline","Anger"],"picked":"Infernal Blade","floor":30}],"player_experience":91222,"potions_floor_usage":[10,16,24,24,27,29,29,30,33,33,33],"damage_taken":[{"damage":2,"enemies":"2 Louse","floor":1,"turns":3},{"damage":28,"enemies":"Gremlin Nob","floor":7,"turns":4},{"damage":0,"enemies":"Small Slimes","floor":8,"turns":3},{"damage":0,"enemies":"Jaw Worm","floor":10,"turns":1},{"damage":9,"enemies":"3 Sentries","floor":13,"turns":6},{"damage":1,"enemies":"Exordium Wildlife","floor":14,"turns":4},{"damage":51,"enemies":"The Guardian","floor":16,"turns":10},{"damage":13,"enemies":"2 Thieves","floor":18,"turns":4},{"damage":13,"enemies":"Shell Parasite","floor":20,"turns":4},{"damage":18,"enemies":"Slavers","floor":24,"turns":6},{"damage":1,"enemies":"Snake Plant","floor":25,"turns":3},{"damage":1,"enemies":"Cultist and Chosen","floor":27,"turns":5},{"damage":21,"enemies":"Gremlin Leader","floor":29,"turns":5},{"damage":11,"enemies":"Centurion and Healer","floor":30,"turns":4},{"damage":0,"enemies":"Snake Plant","floor":31,"turns":2},{"damage":80,"enemies":"Automaton","floor":33,"turns":8}],"event_choices":[{"event_name":"Shining Light","player_choice":"Entered Light","floor":2,"damage_taken":0},{"event_name":"Golden Wing","player_choice":"Card Removal","floor":4,"damage_taken":0},{"event_name":"Back to Basics","player_choice":"Simplicity","floor":21,"damage_taken":0},{"event_name":"Addict","player_choice":"Ignored","floor":23,"damage_taken":0}],"boss_relics":[{"not_picked":["Pandora\u0027s Box","Philosopher\u0027s Stone"],"picked":"White Beast Statue"}],"potions_floor_spawned":[7,13,14,18,20,24,25,27,29,30,31],"seed_played":"831196516103716305","killed_by":"Automaton","ascension_level":1,"is_trial":false}