{"gold_per_floor":[111,111,60,78,78,78,98,112,112,112,112,101,101,121,121,224,224,241,166,166,131,149,149,164,89,89,89,159,159,177,195,195,195],"floor_reached":33,"playtime":1729,"items_purged":["Metallicize"],"score":339,"play_id":"6160ee06-b197-4b24-8a4f-8f4ed283dbd2","local_time":"20181018011830","is_ascension_mode":false,"campfire_choices":[{"data":"Warcry","floor":6,"key":"SMITH"},{"data":"Flex","floor":10,"key":"SMITH"},{"floor":13,"key":"REST"},{"data":"Inflame","floor":15,"key":"SMITH"},{"data":"Strike_R","floor":23,"key":"SMITH"},{"floor":27,"key":"REST"},{"floor":29,"key":"REST"},{"data":"Offering","floor":32,"key":"SMITH"}],"neow_cost":"","seed_source_timestamp":0,"circlet_count":0,"master_deck":["Strike_R+1","Strike_R","Strike_R","Strike_R","Strike_R","Defend_R","Defend_R","Defend_R","Bash+1","Warcry+1","Flex+1","Bash","Iron Wave+1","Inflame+1","Impervious","Headbutt+1","Clash","Headbutt","Flex+1","Wild Strike+1","Reckless Charge+1","Offering+1"],"relics":["Burning Blood","Dream Catcher","Runic Cube","Boot","Darkstone Periapt"],"potions_floor_usage":[12,21,24,24,33,33],"damage_taken":[{"damage":11,"enemies":"Jaw Worm","floor":1,"turns":4},{"damage":4,"enemies":"Cultist","floor":4,"turns":3},{"damage":0,"enemies":"2 Louse","floor":7,"turns":2},{"damage":7,"enemies":"Blue Slaver","floor":8,"turns":5},{"damage":13,"enemies":"Exordium Thugs","floor":12,"turns":4},{"damage":16,"enemies":"2 Fungi Beasts","floor":14,"turns":4},{"damage":49,"enemies":"Slime Boss","floor":16,"turns":11},{"damage":10,"enemies":"Chosen","floor":18,"turns":4},{"damage":19,"enemies":"2 Thieves","floor":21,"turns":5},{"damage":11,"enemies":"Cultist and Chosen","floor":22,"turns":6},{"damage":14,"enemies":"Centurion and Healer","floor":24,"turns":7},{"damage":21,"enemies":"Snake Plant","floor":30,"turns":3},{"damage":30,"enemies":"Snecko","floor":31,"turns":4},{"damage":66,"enemies":"Champ","floor":33,"turns":6}],"seed_played":"-7937512402481500804","potions_obtained":[{"floor":4,"key":"Regen Potion"},{"floor":7,"key":"SkillPotion"},{"floor":14,"key":"BloodPotion"},{"floor":18,"key":"EssenceOfSteel"},{"floor":21,"key":"EssenceOfSteel"},{"floor":31,"key":"SkillPotion"}],"is_trial":true,"path_per_floor":["M","?","$","M","?","R","M","M","T","R","?","M","R","M","R","B",null,"M","?","?","M","M","R","M","$","T","R","T","R","M","M","R"],"character_chosen":"IRONCLAD","items_purchased":["Warcry"],"campfire_rested":3,"item_purchase_floors":[3],"current_hp_per_floor":[75,75,75,77,77,77,80,79,79,79,79,72,80,70,70,27,80,76,76,76,63,58,58,65,65,65,80,80,80,65,41,41,0],"gold":195,"neow_bonus":"","is_prod":false,"is_daily":false,"chose_seed":false,"campfire_upgraded":5,"win_rate":0,"timestamp":1539843510,"path_taken":["M","?","$","M","?","R","M","M","T","R","?","?","R","M","R","BOSS","M","?","?","?","?","R","M","$","T","R","?","R","M","M","R","BOSS"],"build_version":"2018-10-11","purchased_purges":1,"victory":false,"max_hp_per_floor":[80,80,80,80,80,80,80,80,80,80,80,80,80,80,80,80,80,80,80,80,80,80,80,80,80,80,80,80,80,80,80,80,80],"card_choices":[{"not_picked":["Clothesline","Seeing Red"],"picked":"Disarm","floor":1},{"not_picked":["Clash","Perfected Strike"],"picked":"Flex","floor":4},{"not_picked":["Heavy Blade","Whirlwind"],"picked":"Iron Wave","floor":7},{"not_picked":["Armaments","Clothesline","Uppercut"],"picked":"SKIP","floor":8},{"not_picked":["Thunderclap","Wild Strike"],"picked":"Inflame","floor":12},{"not_picked":["Blood for Blood","True Grit","Cleave"],"picked":"SKIP","floor":14},{"not_picked":["Fiend Fire","Berserk"],"picked":"Impervious","floor":16},{"not_picked":["Evolve","Ghostly Armor"],"picked":"Headbutt+1","floor":18},{"not_picked":["Fire Breathing","Cleave"],"picked":"Clash","floor":21},{"not_picked":["Feel No Pain","Havoc","Thunderclap"],"picked":"SKIP","floor":22},{"not_picked":["Combust","Disarm+1"],"picked":"Headbutt","floor":24},{"not_picked":["Heavy Blade","Pommel Strike"],"picked":"Flex+1","floor":27},{"not_picked":["Body Slam","Shockwave+1"],"picked":"Wild Strike+1","floor":29},{"not_picked":["Flex","Sentinel"],"picked":"Reckless Charge+1","floor":30},{"not_picked":["Evolve+1","Clothesline"],"picked":"Offering","floor":31}],"player_experience":108584,"relics_obtained":[{"floor":9,"key":"Dream Catcher"},{"floor":26,"key":"Boot"},{"floor":28,"key":"Darkstone Periapt"}],"event_choices":[{"event_name":"Upgrade Shrine","player_choice":"Upgraded","floor":2,"damage_taken":0},{"event_name":"Match and Keep!","player_choice":"2 cards matched","floor":5,"damage_taken":0},{"event_name":"Living Wall","player_choice":"Forget","floor":11,"damage_taken":0},{"event_name":"Beggar","player_choice":"Gave Gold","floor":19,"damage_taken":0},{"event_name":"Upgrade Shrine","player_choice":"Upgraded","floor":20,"damage_taken":0}],"is_beta":false,"boss_relics":[{"not_picked":["Ectoplasm","Eternal Feather"],"picked":"Runic Cube"}],"items_purged_floors":[25],"is_endless":true,"potions_floor_spawned":[4,7,14,18,21,31],"killed_by":"Champ","ascension_level":0}