{"gold_per_floor":[214,20,33,84,84,124,124,149,174,189,139,64,84,99,99,229,229,245,245,160,160,173,173,189,189,189,89,89,103,103,119,119,245,245,259,0,14,35,35,35,35,35,58,58,58,58,58,81,81,81],"floor_reached":51,"playtime":2370,"items_purged":["Defend_B","Dualcast"],"score":670,"play_id":"92add390-ebac-4abd-942e-99f1685ff41e","local_time":"20181014120048","is_ascension_mode":false,"campfire_choices":[{"data":"Sunder","floor":7,"key":"SMITH"},{"floor":15,"key":"REST"},{"data":"Skim","floor":23,"key":"SMITH"},{"data":"Static Discharge","floor":28,"key":"SMITH"},{"data":"Go for the Eyes","floor":32,"key":"SMITH"},{"data":"Machine Learning","floor":40,"key":"SMITH"},{"data":"Zap","floor":42,"key":"SMITH"},{"data":"Beam Cell","floor":44,"key":"SMITH"},{"data":"All For One","floor":49,"key":"SMITH"}],"neow_cost":"NONE","seed_source_timestamp":157295817543680,"circlet_count":0,"master_deck":["Strike_B","Strike_B","Strike_B","Defend_B","Defend_B","Defend_B","Zap+1","Sunder+1","Compile Driver","Go for the Eyes+1","Static Discharge+1","Skim+1","All For One+1","Beam Cell+1","Necronomicurse","Steam Power+1","Skim+1","Machine Learning+1","Melter+1","Double Energy+1","Coolheaded+1","Sunder+1","Streamline+1","Gash+1"],"relics":["Cracked Core","Lantern","Golden Idol","Oddly Smooth Stone","PreservedInsect","Coffee Dripper","Pantograph","Shuriken","Necronomicon","Sundial","Empty Cage","Red Mask","Unceasing Top","Juzu Bracelet"],"potions_floor_usage":[16,16,24,33,50,50,50],"damage_taken":[{"damage":1,"enemies":"Cultist","floor":1,"turns":3},{"damage":6,"enemies":"Jaw Worm","floor":3,"turns":2},{"damage":31,"enemies":"3 Sentries","floor":6,"turns":6},{"damage":0,"enemies":"Small Slimes","floor":8,"turns":3},{"damage":6,"enemies":"2 Fungi Beasts","floor":10,"turns":3},{"damage":7,"enemies":"Looter","floor":13,"turns":2},{"damage":12,"enemies":"Gremlin Gang","floor":14,"turns":2},{"damage":31,"enemies":"Slime Boss","floor":16,"turns":9},{"damage":25,"enemies":"2 Thieves","floor":18,"turns":3},{"damage":0,"enemies":"Chosen","floor":22,"turns":1},{"damage":11,"enemies":"Centurion and Healer","floor":24,"turns":3},{"damage":1,"enemies":"Colosseum Slavers","floor":25,"turns":2},{"damage":6,"enemies":"Chosen and Byrds","floor":29,"turns":3},{"damage":4,"enemies":"Cultist and Chosen","floor":31,"turns":3},{"damage":36,"enemies":"Collector","floor":33,"turns":5},{"damage":19,"enemies":"Orb Walker","floor":35,"turns":2},{"damage":18,"enemies":"3 Shapes","floor":37,"turns":3},{"damage":20,"enemies":"Maw","floor":38,"turns":5},{"damage":0,"enemies":"Mind Bloom Boss Battle","floor":41,"turns":2},{"damage":0,"enemies":"Transient","floor":48,"turns":5},{"damage":55,"enemies":"Awakened One","floor":50,"turns":7}],"seed_played":"-5398153903424581726","potions_obtained":[{"floor":1,"key":"Regen Potion"},{"floor":10,"key":"Regen Potion"},{"floor":22,"key":"Swift Potion"},{"floor":29,"key":"Energy Potion"},{"floor":33,"key":"Ancient Potion"},{"floor":37,"key":"Swift Potion"},{"floor":38,"key":"FocusPotion"}],"is_trial":false,"path_per_floor":["M","$","M","?","?","E","R","M","T","M","?","$","M","M","R","B",null,"M","?","?","?","M","R","M","?","T","$","R","M","$","M","R","B",null,"M","?","M","M","?","R","?","R","T","R","?","?","$","M","R","B"],"character_chosen":"DEFECT","items_purchased":["Lantern","Compile Driver"],"campfire_rested":1,"item_purchase_floors":[2,2],"current_hp_per_floor":[74,74,68,68,68,37,37,37,37,31,31,31,24,12,34,43,75,50,50,50,34,34,34,23,22,22,22,22,16,16,12,12,1,75,56,56,38,18,18,18,43,43,43,43,43,43,43,43,43,13],"gold":81,"neow_bonus":"HUNDRED_GOLD","is_prod":false,"is_daily":false,"chose_seed":false,"campfire_upgraded":8,"win_rate":0.0,"timestamp":1539536448,"path_taken":["M","$","M","?","?","E","R","M","T","?","?","?","M","M","R","BOSS","M","?","?","?","?","R","M","?","T","$","R","M","$","M","R","BOSS","M","?","M","M","?","R","?","R","T","R","?","?","$","M","R","BOSS"],"build_version":"2018-10-11","purchased_purges":2,"victory":true,"max_hp_per_floor":[75,75,75,75,75,75,75,75,75,75,75,75,75,75,75,75,75,75,75,75,75,75,75,75,75,75,75,75,75,75,75,75,75,75,75,75,75,75,75,75,75,75,75,75,75,75,75,75,75,75],"card_choices":[{"not_picked":["Sweeping Beam","Self Repair"],"picked":"Sunder","floor":1},{"not_picked":["Ball Lightning","Beam Cell"],"picked":"Go for the Eyes","floor":3},{"not_picked":["Glacier","Cold Snap"],"picked":"Static Discharge","floor":6},{"not_picked":["Rebound","Steam","Barrage"],"picked":"SKIP","floor":8},{"not_picked":["Cold Snap","Steam","Redo"],"picked":"SKIP","floor":10},{"not_picked":["Turbo","Leap","Heatsinks"],"picked":"SKIP","floor":13},{"not_picked":["Rebound","White Noise"],"picked":"Skim","floor":14},{"not_picked":["Meteor Strike","Buffer"],"picked":"All For One","floor":16},{"not_picked":["Heatsinks","Gash+1"],"picked":"Beam Cell","floor":18},{"not_picked":["Redo","Beam Cell+1"],"picked":"Steam Power+1","floor":22},{"not_picked":["Force Field","Aggregate","Undo"],"picked":"SKIP","floor":24},{"not_picked":["Ball Lightning","All For One"],"picked":"Skim+1","floor":29},{"not_picked":["Cold Snap","Rebound+1","Fusion"],"picked":"SKIP","floor":31},{"not_picked":["Amplify","Creative AI"],"picked":"Machine Learning","floor":33},{"not_picked":["Rip and Tear","Genetic Algorithm"],"picked":"Melter+1","floor":35},{"not_picked":["Ball Lightning","Barrage+1"],"picked":"Double Energy+1","floor":37},{"not_picked":["Hologram","Cold Snap+1"],"picked":"Coolheaded+1","floor":38},{"not_picked":["Steam","Melter+1"],"picked":"Streamline+1","floor":41},{"not_picked":["Sweeping Beam+1","Undo+1"],"picked":"Gash+1","floor":48}],"player_experience":48200,"relics_obtained":[{"floor":6,"key":"Oddly Smooth Stone"},{"floor":9,"key":"PreservedInsect"},{"floor":21,"key":"Necronomicon"},{"floor":26,"key":"Sundial"},{"floor":41,"key":"Unceasing Top"},{"floor":43,"key":"Juzu Bracelet"}],"event_choices":[{"event_name":"Golden Wing","player_choice":"Gained Gold","floor":4,"damage_taken":0},{"event_name":"Golden Idol","player_choice":"Take Wound","floor":5,"damage_taken":0},{"event_name":"The Cleric","player_choice":"Card Removal","floor":11,"damage_taken":0},{"event_name":"The Mausoleum","player_choice":"Yes","floor":19,"damage_taken":0},{"event_name":"Addict","player_choice":"Obtained Relic","floor":20,"damage_taken":0},{"event_name":"Cursed Tome","player_choice":"Obtained Book","floor":21,"damage_taken":0},{"event_name":"Colosseum","player_choice":"Fight","floor":25,"damage_taken":0},{"event_name":"Colosseum","player_choice":"Fled From Nobs","floor":25,"damage_taken":0},{"event_name":"Tomb of Lord Red Mask","player_choice":"Paid","floor":36,"damage_taken":0},{"event_name":"Duplicator","player_choice":"One dupe","floor":39,"damage_taken":0},{"event_name":"MindBloom","player_choice":"Fight","floor":41,"damage_taken":0},{"event_name":"Mysterious Sphere","player_choice":"Ignore","floor":45,"damage_taken":0},{"event_name":"FaceTrader","player_choice":"Leave","floor":46,"damage_taken":0}],"is_beta":false,"boss_relics":[{"not_picked":["White Beast Statue","Snecko Eye"],"picked":"Coffee Dripper"},{"not_picked":["Eternal Feather","Busted Crown"],"picked":"Empty Cage"}],"items_purged_floors":[12,27],"is_endless":false,"potions_floor_spawned":[1,10,22,29,33,37,38,41,48],"ascension_level":0}