{"gold_per_floor":[113,125,140,3,16,16,16,59,127,170,170,170,170,189,189,318,318,336,354,124,143,168,206,4,17,17,17,52,52,52,68,68,198,198,219,242,51,71,15,15,40,63,88,88,102,40,83,98,98,98],"floor_reached":50,"playtime":5805,"items_purged":["Strike_R","Strike_R"],"score":576,"play_id":"7358020d-3fed-44e0-aa0f-ae49b7d8def1","local_time":"20190410192533","is_ascension_mode":false,"campfire_choices":[{"data":"Fiend Fire","floor":6.0,"key":"SMITH"},{"floor":12.0,"key":"REST"},{"floor":15.0,"key":"REST"},{"floor":27.0,"key":"REST"},{"data":"Juggernaut","floor":30.0,"key":"SMITH"},{"data":"Bludgeon","floor":32.0,"key":"SMITH"},{"data":"Juggernaut","floor":40.0,"key":"SMITH"},{"data":"Regret","floor":44.0,"key":"PURGE"},{"data":"Shockwave","floor":49,"key":"SMITH"}],"neow_cost":"NONE","seed_source_timestamp":0,"circlet_count":0,"master_deck":["Strike_R","Strike_R","Strike_R","Defend_R","Defend_R","Defend_R","Defend_R","Bash","Warcry","Iron Wave","Dark Embrace","Fiend Fire+1","Warcry","Seeing Red+1","True Grit","Armaments+1","Juggernaut+1","Iron Wave+1","Clothesline","Entrench","Bludgeon+1","Perfected Strike","Feel No Pain","Juggernaut+1","Body Slam+1","Barricade","Bludgeon","Second Wind+1","Corruption","Dark Embrace","Shockwave+1"],"special_seed":0,"relics":["Burning Blood","Golden Idol","Peace Pipe","Ornamental Fan","PreservedInsect","Snecko Eye","War Paint","The Courier","Meat on the Bone","Bird Faced Urn","Bag of Marbles","Cursed Key","Oddly Smooth Stone","Regal Pillow"],"potions_floor_usage":[45,50,50,50],"damage_taken":[{"damage":1.0,"enemies":"Cultist","floor":1.0,"turns":4.0},{"damage":0.0,"enemies":"2 Louse","floor":2.0,"turns":4.0},{"damage":0.0,"enemies":"Small Slimes","floor":3.0,"turns":4.0},{"damage":21.0,"enemies":"3 Louse","floor":5.0,"turns":5.0},{"damage":24.0,"enemies":"3 Sentries","floor":8.0,"turns":7.0},{"damage":50.0,"enemies":"Lagavulin","floor":10.0,"turns":8.0},{"damage":13.0,"enemies":"Red Slaver","floor":14.0,"turns":2.0},{"damage":27.0,"enemies":"Slime Boss","floor":16.0,"turns":12.0},{"damage":6.0,"enemies":"Chosen","floor":18.0,"turns":5.0},{"damage":8.0,"enemies":"3 Byrds","floor":19.0,"turns":5.0},{"damage":0.0,"enemies":"Centurion and Healer","floor":21.0,"turns":4.0},{"damage":3.0,"enemies":"Snecko","floor":22.0,"turns":4.0},{"damage":44.0,"enemies":"Gremlin Leader","floor":23.0,"turns":6.0},{"damage":9.0,"enemies":"3 Cultists","floor":25.0,"turns":6.0},{"damage":13.0,"enemies":"Book of Stabbing","floor":28.0,"turns":4.0},{"damage":0.0,"enemies":"Cultist and Chosen","floor":31.0,"turns":4.0},{"damage":10.0,"enemies":"Champ","floor":33.0,"turns":7.0},{"damage":1.0,"enemies":"Orb Walker","floor":35.0,"turns":4.0},{"damage":11.0,"enemies":"3 Shapes","floor":36.0,"turns":3.0},{"damage":3.0,"enemies":"Transient","floor":38.0,"turns":5.0},{"damage":21.0,"enemies":"Spire Growth","floor":41.0,"turns":4.0},{"damage":6.0,"enemies":"Jaw Worm Horde","floor":42.0,"turns":3.0},{"damage":0,"enemies":"Sphere and 2 Shapes","floor":45,"turns":3},{"damage":0,"enemies":"Giant Head","floor":47,"turns":3},{"damage":4,"enemies":"3 Darklings","floor":48,"turns":4},{"damage":109,"enemies":"Awakened One","floor":50,"turns":5}],"seed_played":"3551275208877528702","potions_obtained":[{"floor":0.0,"key":"BloodPotion"},{"floor":0.0,"key":"Explosive Potion"},{"floor":0.0,"key":"FearPotion"},{"floor":10.0,"key":"Swift Potion"},{"floor":13.0,"key":"EssenceOfSteel"},{"floor":13.0,"key":"Poison Potion"},{"floor":16.0,"key":"SkillPotion"},{"floor":19.0,"key":"Explosive Potion"},{"floor":25.0,"key":"Explosive Potion"},{"floor":28.0,"key":"AttackPotion"},{"floor":35.0,"key":"BloodPotion"},{"floor":41.0,"key":"SteroidPotion"},{"floor":45,"key":"SteroidPotion"},{"floor":48,"key":"FearPotion"}],"is_trial":false,"path_per_floor":["M","M","M","$","M","R","?","E","T","E","?","R","?","M","R","B",null,"M","M","$","M","M","E","$","M","T","R","E","?","R","M","R","B",null,"M","M","$","M","$","R","M","M","T","R","M","$","E","M","R","B"],"character_chosen":"IRONCLAD","items_purchased":["Fiend Fire","War Paint","Meat on the Bone","Barricade","Bludgeon","Corruption"],"campfire_rested":3,"item_purchase_floors":[4,20,24,37,39,46],"current_hp_per_floor":[80,80,80,80,65,65,65,54,54,10,34,56,56,49,71,50,74,74,72,72,74,74,36,36,45,45,67,62,62,62,72,72,70,74,74,69,69,74,74,74,61,72,72,72,74,74,74,74,74,0],"gold":98,"neow_bonus":"THREE_SMALL_POTIONS","is_prod":false,"is_daily":false,"chose_seed":false,"campfire_upgraded":5,"win_rate":0.0,"timestamp":1554949533,"path_taken":["M","M","?","$","M","R","?","E","T","E","?","R","?","M","R","BOSS","M","M","$","M","M","E","?","M","T","R","E","?","R","M","R","BOSS","M","M","$","M","$","R","M","M","T","R","M","$","E","M","R","BOSS"],"build_version":"2019-01-23","purchased_purges":2,"victory":false,"max_hp_per_floor":[80,80,80,80,80,80,74,74,74,74,74,74,74,74,74,74,74,74,74,74,74,74,74,74,74,74,74,74,74,74,74,74,74,74,74,74,74,74,74,74,74,74,74,74,74,74,74,74,74,74],"card_choices":[{"not_picked":["Whirlwind","Flex"],"picked":"Warcry","floor":1.0},{"not_picked":["Perfected Strike","Warcry"],"picked":"Iron Wave","floor":2.0},{"not_picked":["Thunderclap","Headbutt"],"picked":"Dark Embrace","floor":3.0},{"not_picked":["Sword Boomerang","Shockwave"],"picked":"Warcry","floor":5.0},{"not_picked":["Dropkick","Double Tap"],"picked":"Seeing Red","floor":8.0},{"not_picked":["Searing Blow","Burning Pact"],"picked":"True Grit","floor":10.0},{"not_picked":["Uppercut","Clothesline"],"picked":"Armaments","floor":14.0},{"not_picked":["Bludgeon","Barricade"],"picked":"Juggernaut","floor":16.0},{"not_picked":["Thunderclap","Dual Wield"],"picked":"Iron Wave+1","floor":18.0},{"not_picked":["Warcry","Cleave"],"picked":"Clothesline","floor":19.0},{"not_picked":["Anger+1","Sword Boomerang","Rupture+1"],"picked":"SKIP","floor":21.0},{"not_picked":["Clash","Metallicize"],"picked":"Entrench","floor":22.0},{"not_picked":["Pommel Strike","Shrug It Off","Anger"],"picked":"SKIP","floor":23.0},{"not_picked":["Sword Boomerang","Clash","Power Through"],"picked":"SKIP","floor":25.0},{"not_picked":["Armaments","Berserk"],"picked":"Bludgeon","floor":28.0},{"not_picked":["Whirlwind","Twin Strike+1"],"picked":"Feel No Pain","floor":31.0},{"not_picked":["Feed","Brutality"],"picked":"Juggernaut","floor":33.0},{"not_picked":["Flex","Armaments+1","Combust"],"picked":"SKIP","floor":35.0},{"not_picked":["Anger","Combust"],"picked":"Body Slam+1","floor":36.0},{"not_picked":["Anger+1","Twin Strike+1","Clash+1"],"picked":"SKIP","floor":38.0},{"not_picked":["Perfected Strike","Flex","Brutality"],"picked":"SKIP","floor":41.0},{"not_picked":["Iron Wave+1","Sword Boomerang+1","Pommel Strike+1"],"picked":"SKIP","floor":42.0},{"not_picked":["True Grit","Thunderclap"],"picked":"Second Wind+1","floor":45},{"not_picked":["Perfected Strike+1","Reckless Charge"],"picked":"Dark Embrace","floor":47},{"not_picked":["Ghostly Armor+1","True Grit+1"],"picked":"Shockwave","floor":48}],"player_experience":23245,"relics_obtained":[{"floor":8.0,"key":"Peace Pipe"},{"floor":9.0,"key":"Ornamental Fan"},{"floor":10.0,"key":"PreservedInsect"},{"floor":23.0,"key":"The Courier"},{"floor":26.0,"key":"Bird Faced Urn"},{"floor":28.0,"key":"Bag of Marbles"},{"floor":43.0,"key":"Oddly Smooth Stone"},{"floor":47,"key":"Regal Pillow"}],"event_choices":[{"damage_healed":0.0,"max_hp_gain":0.0,"max_hp_loss":6.0,"gold_gain":0.0,"event_name":"Golden Idol","player_choice":"Lose Max HP","floor":7.0,"gold_loss":0.0,"damage_taken":0.0,"relics_obtained":["Golden Idol"]},{"damage_healed":24.0,"max_hp_gain":0.0,"max_hp_loss":0.0,"gold_gain":0.0,"event_name":"Big Fish","player_choice":"Banana","floor":11.0,"gold_loss":0.0,"damage_taken":0.0},{"damage_healed":0.0,"max_hp_gain":0.0,"max_hp_loss":0.0,"gold_gain":0.0,"event_name":"Lab","player_choice":"Got Potions","floor":13.0,"gold_loss":0.0,"damage_taken":0.0},{"damage_healed":0.0,"max_hp_gain":0.0,"max_hp_loss":0.0,"gold_gain":0.0,"event_name":"The Library","player_choice":"Read","floor":29.0,"gold_loss":0.0,"damage_taken":0.0,"cards_obtained":["Perfected Strike"]}],"is_beta":false,"boss_relics":[{"not_picked":["Astrolabe","Mark of Pain"],"picked":"Snecko Eye"},{"not_picked":["Black Star","Philosopher\u0027s Stone"],"picked":"Cursed Key"}],"items_purged_floors":[20,37],"is_endless":false,"potions_floor_spawned":[5,10,16,19,25,28,35,41,45,48],"killed_by":"Awakened One","ascension_level":0}