{"gold_per_floor":[118,118,118,167,183,183,196,231,231,231,250,288,311,326,326,451,451,464,484,484,502,521,521,540,580,605,75,75,93,114,138,138,138],"floor_reached":33,"playtime":5479,"items_purged":["Defend_B"],"score":308,"play_id":"2eb47183-a0d8-46ce-8ca1-c98587307366","local_time":"20190403212312","is_ascension_mode":false,"campfire_choices":[{"data":"Zap","floor":6.0,"key":"SMITH"},{"floor":10.0,"key":"REST"},{"floor":15.0,"key":"REST"},{"floor":23,"key":"REST"},{"floor":28,"key":"REST"},{"floor":32,"key":"REST"}],"neow_cost":"NONE","seed_source_timestamp":0,"circlet_count":0,"master_deck":["Strike_B","Strike_B","Strike_B","Strike_B","Defend_B","Defend_B","Defend_B+1","Zap+1","Dualcast","Biased Cognition","Sweeping Beam","Go for the Eyes","Chaos","Lockon","Cold Snap","Cold Snap","All For One","Steam","Sweeping Beam","Glacier+1","Buffer+1","Sweeping Beam+1","Leap+1","Tempest","Go for the Eyes+1","Barrage","Redo+1","Rebound+1","Secret Technique","Loop","Doom and Gloom+1","Streamline","Reinforced Body","Beam Cell","Self Repair"],"special_seed":0,"relics":["Cracked Core","Golden Idol","Dream Catcher","Centennial Puzzle","Bottled Lightning","Matryoshka","Inserter","Mercury Hourglass","War Paint","Question Card","Bottled Flame"],"potions_floor_usage":[25,25],"damage_taken":[{"damage":6.0,"enemies":"Jaw Worm","floor":1.0,"turns":2.0},{"damage":1.0,"enemies":"2 Louse","floor":5.0,"turns":2.0},{"damage":4.0,"enemies":"Cultist","floor":7.0,"turns":3.0},{"damage":22.0,"enemies":"3 Sentries","floor":8.0,"turns":7.0},{"damage":3.0,"enemies":"Gremlin Gang","floor":11.0,"turns":2.0},{"damage":11.0,"enemies":"Gremlin Nob","floor":12.0,"turns":4.0},{"damage":7.0,"enemies":"Blue Slaver","floor":13.0,"turns":2.0},{"damage":3.0,"enemies":"Large Slime","floor":14.0,"turns":5.0},{"damage":2.0,"enemies":"Slime Boss","floor":16.0,"turns":11.0},{"damage":1,"enemies":"3 Byrds","floor":18,"turns":5},{"damage":10,"enemies":"Shell Parasite","floor":19,"turns":7},{"damage":6,"enemies":"3 Cultists","floor":21,"turns":6},{"damage":11,"enemies":"Snake Plant","floor":22,"turns":7},{"damage":13,"enemies":"Sentry and Sphere","floor":24,"turns":4},{"damage":26,"enemies":"Slavers","floor":25,"turns":5},{"damage":18,"enemies":"Centurion and Healer","floor":29,"turns":5},{"damage":9,"enemies":"Snake Plant","floor":30,"turns":5},{"damage":0,"enemies":"Snecko","floor":31,"turns":4},{"damage":51,"enemies":"Collector","floor":33,"turns":8}],"seed_played":"-6221901929547654917","potions_obtained":[{"floor":7.0,"key":"Strength Potion"},{"floor":8.0,"key":"SkillPotion"},{"floor":12.0,"key":"LiquidBronze"},{"floor":19,"key":"Explosive Potion"},{"floor":24,"key":"Regen Potion"},{"floor":30,"key":"FocusPotion"},{"floor":31,"key":"FocusPotion"}],"is_trial":false,"path_per_floor":["M","?","?","T","M","R","M","E","T","R","M","E","M","M","R","B",null,"M","M","?","M","M","R","M","E","T","$","R","M","M","M","R","B"],"character_chosen":"DEFECT","items_purchased":["Secret Technique","Loop","Bottled Flame"],"campfire_rested":5,"item_purchase_floors":[27,27,27],"current_hp_per_floor":[69,69,69,69,68,68,64,42,42,62,59,48,41,38,58,56,69,68,58,58,52,41,61,48,36,36,36,56,38,29,29,49,0],"gold":138,"neow_bonus":"ONE_RANDOM_RARE_CARD","is_prod":false,"is_daily":false,"chose_seed":false,"campfire_upgraded":1,"win_rate":0.0,"timestamp":1554340992,"path_taken":["M","?","?","?","M","R","M","E","T","R","M","E","M","M","R","BOSS","M","M","?","?","M","R","M","E","T","$","R","M","M","?","R","BOSS"],"build_version":"2019-01-23","purchased_purges":1,"victory":false,"max_hp_per_floor":[75,69,69,69,69,69,69,69,69,69,69,69,69,69,69,69,69,69,69,69,69,69,69,69,69,69,69,69,69,69,69,69,69],"card_choices":[{"not_picked":["Reprogram","Stack"],"picked":"Sweeping Beam","floor":1.0},{"not_picked":["Rip and Tear","Tempest"],"picked":"Go for the Eyes","floor":5.0},{"not_picked":["Conserve Battery","Undo"],"picked":"Chaos","floor":7.0},{"not_picked":["BootSequence","Compile Driver"],"picked":"Lockon","floor":8.0},{"not_picked":["Leap","Gash"],"picked":"Cold Snap","floor":10.0},{"not_picked":["Turbo","Steam"],"picked":"Cold Snap","floor":11.0},{"not_picked":["Sunder","Turbo"],"picked":"All For One","floor":12.0},{"not_picked":["Cold Snap","Compile Driver"],"picked":"Steam","floor":13.0},{"not_picked":["Tempest","FTL"],"picked":"Sweeping Beam","floor":14.0},{"not_picked":["Barrage","White Noise"],"picked":"Glacier","floor":15.0},{"not_picked":["Multi-Cast","Amplify"],"picked":"Buffer","floor":16.0},{"not_picked":["Steam","Chaos"],"picked":"Sweeping Beam+1","floor":18},{"not_picked":["Chaos","Coolheaded"],"picked":"Leap+1","floor":19},{"not_picked":["Redo","Turbo"],"picked":"Tempest","floor":21},{"not_picked":["Steam","Sweeping Beam"],"picked":"Go for the Eyes+1","floor":22},{"not_picked":["Turbo","Stack"],"picked":"Barrage","floor":23},{"not_picked":["Heatsinks","Steam Power+1"],"picked":"Redo+1","floor":24},{"not_picked":["Tempest","Coolheaded"],"picked":"Rebound+1","floor":25},{"not_picked":["Creative AI","Leap+1","Storm"],"picked":"Doom and Gloom+1","floor":28},{"not_picked":["Melter","Beam Cell+1","FTL+1"],"picked":"Streamline","floor":29},{"not_picked":["Steam","Tempest","Barrage"],"picked":"Reinforced Body","floor":30},{"not_picked":["Turbo","Skim","Genetic Algorithm+1"],"picked":"Beam Cell","floor":31},{"not_picked":["Machine Learning","Compile Driver","Beam Cell"],"picked":"Self Repair","floor":32}],"player_experience":42731,"relics_obtained":[{"floor":4.0,"key":"Dream Catcher"},{"floor":8.0,"key":"Centennial Puzzle"},{"floor":9.0,"key":"Bottled Lightning"},{"floor":12.0,"key":"Matryoshka"},{"floor":25,"key":"Mercury Hourglass"},{"floor":26,"key":"War Paint"},{"floor":26,"key":"Question Card"}],"event_choices":[{"damage_healed":0.0,"max_hp_gain":0.0,"max_hp_loss":6.0,"gold_gain":0.0,"event_name":"Golden Idol","player_choice":"Lose Max HP","floor":2.0,"gold_loss":0.0,"damage_taken":0.0,"relics_obtained":["Golden Idol"]},{"damage_healed":0.0,"max_hp_gain":0.0,"max_hp_loss":0.0,"gold_gain":0.0,"event_name":"The Cleric","player_choice":"Leave","floor":3.0,"gold_loss":0.0,"damage_taken":0.0},{"damage_healed":0,"gold_gain":0,"player_choice":"Forge","damage_taken":0,"max_hp_gain":0,"max_hp_loss":0,"event_name":"Accursed Blacksmith","floor":20,"gold_loss":0,"cards_upgraded":["Buffer"]}],"is_beta":false,"boss_relics":[{"not_picked":["Fusion Hammer","Eternal Feather"],"picked":"Inserter"}],"items_purged_floors":[27],"is_endless":false,"potions_floor_spawned":[7,8,12,14,19,24,30,31],"killed_by":"Collector","ascension_level":0}