{"gold_per_floor":[112,112,125,140,150,184,184,214,239,239,257,257,269,295,295,394,394,406,331,331,346,445,445,445],"floor_reached":24,"playtime":996,"items_purged":[],"score":330,"play_id":"1484f58f-e01b-4618-af68-1b9c4255f297","local_time":"20190408193652","is_ascension_mode":true,"campfire_choices":[{"data":"Go for the Eyes","floor":7,"key":"SMITH"},{"data":"Dualcast","floor":10,"key":"SMITH"},{"data":"Coolheaded","floor":12,"key":"SMITH"},{"data":"Streamline","floor":15,"key":"SMITH"},{"data":"Buffer","floor":23,"key":"SMITH"}],"neow_cost":"NONE","seed_source_timestamp":20593569791378,"circlet_count":0,"master_deck":["AscendersBane","Strike_B","Strike_B","Strike_B","Defend_B","Defend_B","Defend_B","Defend_B","Zap+1","Dualcast+1","Go for the Eyes+1","Conserve Battery","Coolheaded+1","Ball Lightning","Steam","FTL","Streamline+1","BootSequence","Buffer+1","BootSequence","Conserve Battery+1"],"relics":["Lizard Tail","Blood Vial","Tiny Chest","Pantograph","Velvet Choker","Toxic Egg 2"],"potions_floor_usage":[14,16],"damage_taken":[{"damage":9,"enemies":"Jaw Worm","floor":1,"turns":5},{"damage":0,"enemies":"Cultist","floor":3,"turns":4},{"damage":6,"enemies":"Small Slimes","floor":4,"turns":3},{"damage":14,"enemies":"Exordium Wildlife","floor":5,"turns":6},{"damage":25,"enemies":"Lagavulin","floor":6,"turns":10},{"damage":0,"enemies":"Large Slime","floor":11,"turns":6},{"damage":3,"enemies":"Looter","floor":13,"turns":4},{"damage":6,"enemies":"3 Sentries","floor":14,"turns":9},{"damage":32,"enemies":"The Guardian","floor":16,"turns":11},{"damage":22,"enemies":"2 Thieves","floor":18,"turns":4},{"damage":6,"enemies":"Chosen","floor":21,"turns":6},{"damage":80,"enemies":"Gremlin Leader","floor":24,"turns":10}],"seed_played":"8608958362624404070","potions_obtained":[{"floor":3,"key":"SteroidPotion"},{"floor":4,"key":"Block Potion"},{"floor":16,"key":"Ancient Potion"},{"floor":21,"key":"Energy Potion"}],"is_trial":false,"path_per_floor":["M","?","M","M","M","E","R","?","T","R","M","R","M","E","R","B",null,"M","?","T","M","?","R","E"],"character_chosen":"DEFECT","items_purchased":[],"campfire_rested":0,"item_purchase_floors":[],"current_hp_per_floor":[59,59,59,53,39,14,14,11,11,11,13,13,12,8,8,3,57,37,37,37,33,33,33,0],"gold":445,"neow_bonus":"BOSS_RELIC","is_prod":false,"is_daily":false,"chose_seed":false,"campfire_upgraded":5,"win_rate":0,"timestamp":1554777412,"path_taken":["M","?","M","?","M","E","R","?","T","R","M","R","M","E","R","BOSS","M","?","?","M","?","R","E"],"build_version":"2019-01-23","purchased_purges":0,"victory":false,"max_hp_per_floor":[75,75,75,75,75,75,75,75,75,75,75,75,75,75,75,75,75,75,75,75,75,75,75,75],"card_choices":[{"not_picked":["Leap","Blizzard"],"picked":"Go for the Eyes","floor":1},{"not_picked":["Stack","Melter"],"picked":"Conserve Battery","floor":3},{"not_picked":["Beam Cell","Hologram"],"picked":"Coolheaded","floor":4},{"not_picked":["Recycle","Steam"],"picked":"Ball Lightning","floor":5},{"not_picked":["Sunder","Hologram"],"picked":"Steam","floor":6},{"not_picked":["Auto Shields","Consume"],"picked":"FTL","floor":11},{"not_picked":["Coolheaded","Ball Lightning"],"picked":"Streamline","floor":13},{"not_picked":["Stack","Barrage"],"picked":"BootSequence","floor":14},{"not_picked":["Meteor Strike","Seek"],"picked":"Buffer","floor":16},{"not_picked":["Barrage","Scrape"],"picked":"BootSequence","floor":18},{"not_picked":["Redo+1","Melter"],"picked":"Conserve Battery+1","floor":21}],"player_experience":339035,"relics_obtained":[{"floor":6,"key":"Blood Vial"},{"floor":14,"key":"Pantograph"},{"floor":20,"key":"Toxic Egg 2"}],"event_choices":[{"damage_healed":0,"gold_gain":0,"player_choice":"Forge","damage_taken":0,"max_hp_gain":0,"max_hp_loss":0,"event_name":"Accursed Blacksmith","floor":2,"gold_loss":0,"cards_upgraded":["Zap"]},{"damage_healed":0,"gold_gain":0,"player_choice":"Success","damage_taken":3,"relics_obtained":["Tiny Chest"],"max_hp_gain":0,"max_hp_loss":0,"event_name":"Scrap Ooze","floor":8,"gold_loss":0},{"cards_removed":["Strike_B"],"damage_healed":0,"gold_gain":0,"player_choice":"Gave Gold","damage_taken":0,"max_hp_gain":0,"max_hp_loss":0,"event_name":"Beggar","floor":19,"gold_loss":75},{"damage_healed":0,"gold_gain":99,"player_choice":"Stole From Cult","damage_taken":0,"max_hp_gain":0,"max_hp_loss":0,"event_name":"Nest","floor":22,"gold_loss":0}],"is_beta":false,"boss_relics":[{"not_picked":["Snecko Eye","Runic Pyramid"],"picked":"Velvet Choker"}],"items_purged_floors":[],"is_endless":false,"potions_floor_spawned":[3,4,6,11,16,21],"killed_by":"Gremlin Leader","ascension_level":12}