{"gold_per_floor":[111,36,211,221,221,234,234,250,250,43,43,43,28],"floor_reached":13,"playtime":256,"items_purged":["Strike_R"],"score":80,"play_id":"30ab5ce2-7ee1-4b1b-9827-96f911269bf2","local_time":"20181022024714","is_ascension_mode":true,"campfire_choices":[{"data":"Pommel Strike","floor":7,"key":"SMITH"},{"data":"Burning Pact","floor":12,"key":"SMITH"}],"neow_cost":"NONE","seed_source_timestamp":9174437677120,"circlet_count":0,"master_deck":["Strike_R","Strike_R+1","Strike_R","Strike_R","Defend_R","Defend_R","Defend_R","Defend_R+1","Bash","Headbutt","Battle Trance","Pommel Strike+1","Burning Pact+1"],"relics":["Burning Blood","NeowsBlessing","Frozen Egg 2","PrismaticShard"],"potions_floor_usage":[],"damage_taken":[{"damage":0,"enemies":"Small Slimes","floor":1,"turns":1},{"damage":0,"enemies":"Jaw Worm","floor":4,"turns":1},{"damage":0,"enemies":"2 Louse","floor":6,"turns":1},{"damage":13,"enemies":"Blue Slaver","floor":8,"turns":4},{"damage":11,"enemies":"Exordium Thugs","floor":13,"turns":2}],"seed_played":"1892608422570754948","potions_obtained":[],"is_trial":false,"path_per_floor":["M","$","?","M","?","M","R","M","T","$","?","R"],"character_chosen":"IRONCLAD","items_purchased":["PrismaticShard"],"campfire_rested":0,"item_purchase_floors":[10],"current_hp_per_floor":[80,80,80,80,64,70,70,63,63,63,63,63,52],"gold":28,"neow_bonus":"THREE_ENEMY_KILL","is_prod":false,"is_daily":false,"chose_seed":false,"campfire_upgraded":2,"win_rate":0,"timestamp":1540194434,"path_taken":["M","$","?","M","?","M","R","M","T","$","?","R","M"],"build_version":"2018-10-18","purchased_purges":1,"victory":false,"max_hp_per_floor":[80,80,80,80,80,80,80,80,80,80,80,80,80],"card_choices":[{"not_picked":["Clothesline","Armaments"],"picked":"Headbutt","floor":1},{"not_picked":["Corruption","Hemokinesis"],"picked":"Battle Trance","floor":4},{"not_picked":["Blood for Blood","Pummel"],"picked":"Pommel Strike","floor":6},{"not_picked":["Whirlwind","Corruption"],"picked":"Burning Pact","floor":8}],"player_experience":167987,"relics_obtained":[{"floor":9,"key":"Frozen Egg 2"}],"event_choices":[{"damage_healed":0,"gold_gain":175,"player_choice":"AGREE","damage_taken":0,"max_hp_gain":0,"max_hp_loss":0,"event_name":"Liars Game","floor":3,"gold_loss":0,"cards_obtained":["Doubt"]},{"damage_healed":0,"gold_gain":0,"player_choice":"Entered Light","damage_taken":16,"max_hp_gain":0,"max_hp_loss":0,"event_name":"Shining Light","floor":5,"gold_loss":0,"cards_upgraded":["Defend_R","Strike_R"]},{"cards_removed":["Doubt"],"damage_healed":0,"gold_gain":0,"player_choice":"Forget","damage_taken":0,"max_hp_gain":0,"max_hp_loss":0,"event_name":"Living Wall","floor":11,"gold_loss":0}],"is_beta":false,"boss_relics":[],"items_purged_floors":[2],"is_endless":false,"potions_floor_spawned":[],"killed_by":"Exordium Thugs","ascension_level":2}