{"gold_per_floor":[110,123,136,152,163,191,191,191],"floor_reached":8,"playtime":549,"items_purged":[],"score":60,"play_id":"e734f903-3f10-4095-9c7b-442052220b30","local_time":"20190220202129","is_ascension_mode":false,"campfire_choices":[],"neow_cost":"NONE","seed_source_timestamp":526402385113896,"circlet_count":0,"master_deck":["Strike_R","Strike_R","Strike_R","Strike_R","Strike_R","Defend_R","Defend_R","Defend_R","Defend_R","Bash","Pummel","Cleave","Battle Trance","Feel No Pain","Twin Strike","Armaments"],"relics":["Burning Blood","WingedGreaves","Golden Idol"],"potions_floor_usage":[1,4,6],"damage_taken":[{"damage":6,"enemies":"Jaw Worm","floor":1,"turns":4},{"damage":0,"enemies":"Small Slimes","floor":2,"turns":4},{"damage":6,"enemies":"Cultist","floor":3,"turns":3},{"damage":0,"enemies":"Lots of Slimes","floor":4,"turns":4},{"damage":7,"enemies":"Looter","floor":5,"turns":4},{"damage":40,"enemies":"Gremlin Nob","floor":6,"turns":5},{"damage":21,"enemies":"Lagavulin","floor":8,"turns":4}],"seed_played":"-376093311267411788","potions_obtained":[{"floor":1,"key":"Fruit Juice"},{"floor":2,"key":"PowerPotion"},{"floor":3,"key":"Block Potion"}],"is_trial":false,"path_per_floor":["M","M","M","M","M","E","?","E"],"character_chosen":"IRONCLAD","items_purchased":[],"campfire_rested":0,"item_purchase_floors":[],"current_hp_per_floor":[85,85,85,85,84,50,29,8],"gold":191,"neow_bonus":"THREE_CARDS","is_prod":false,"is_daily":false,"chose_seed":false,"campfire_upgraded":0,"win_rate":0,"timestamp":1550722889,"path_taken":["M","M","M","M","M","E","?","E"],"build_version":"2019-01-23","purchased_purges":0,"victory":false,"max_hp_per_floor":[85,85,85,85,85,85,85,85],"card_choices":[{"not_picked":["Burning Pact","Sword Boomerang"],"picked":"Pummel","floor":1},{"not_picked":["Iron Wave","Shockwave"],"picked":"Cleave","floor":2},{"not_picked":["Havoc","Reckless Charge"],"picked":"Battle Trance","floor":3},{"not_picked":["Ghostly Armor","Evolve"],"picked":"Feel No Pain","floor":4},{"not_picked":["Sword Boomerang","Second Wind"],"picked":"Twin Strike","floor":5},{"not_picked":["Second Wind","Anger"],"picked":"Armaments","floor":6}],"player_experience":137963,"relics_obtained":[{"floor":6,"key":"WingedGreaves"}],"event_choices":[{"damage_healed":0,"gold_gain":0,"player_choice":"Take Damage","damage_taken":21,"relics_obtained":["Golden Idol"],"max_hp_gain":0,"max_hp_loss":0,"event_name":"Golden Idol","floor":7,"gold_loss":0}],"is_beta":false,"boss_relics":[],"items_purged_floors":[],"is_endless":false,"potions_floor_spawned":[1,2,3],"killed_by":"Lagavulin","ascension_level":0}