{"gold_per_floor":[113,36,36,46,46,74,74,105,105,132,144,144,157,191,191,294,294,305,305,322,80,95,95,6,16,39,51,51,51,64,15,15,15],"floor_reached":33,"playtime":1761,"items_purged":[],"score":476,"play_id":"6d8f61d3-d648-44cc-87a0-1db5aee479c1","local_time":"20190403161315","is_ascension_mode":true,"campfire_choices":[{"floor":7,"key":"RECALL"},{"floor":12,"key":"REST"},{"floor":15,"key":"REST"},{"floor":23,"key":"REST"},{"floor":29,"key":"REST"},{"data":"Go for the Eyes","floor":32,"key":"SMITH"}],"neow_cost":"NONE","seed_source_timestamp":110339916889906,"circlet_count":0,"master_deck":["AscendersBane","Strike_B+1","Strike_B","Strike_B","Strike_B","Defend_B","Defend_B+1","Zap","Dualcast","Auto Shields","Undo","Go for the Eyes+1","Conserve Battery+1","Chill+1","Ball Lightning","Conserve Battery+1","Recycle+1","Chill+1","Fission+1","Cold Snap","Thinking Ahead+1","Conserve Battery+1","Deep Breath+1","Consume+1"],"relics":["Cracked Core","NeowsBlessing","Toxic Egg 2","Mummified Hand","Blood Vial","Odd Mushroom","Darkstone Periapt","Empty Cage","Omamori"],"potions_floor_usage":[10,14,14,20,22,22,25,28,33],"damage_taken":[{"damage":0,"enemies":"Jaw Worm","floor":1,"turns":1},{"damage":0,"enemies":"Small Slimes","floor":4,"turns":1},{"damage":0,"enemies":"Lagavulin","floor":6,"turns":1},{"damage":20,"enemies":"3 Sentries","floor":8,"turns":9},{"damage":18,"enemies":"The Mushroom Lair","floor":10,"turns":8},{"damage":0,"enemies":"2 Louse","floor":11,"turns":3},{"damage":4,"enemies":"Looter","floor":13,"turns":2},{"damage":0,"enemies":"Gremlin Nob","floor":14,"turns":4},{"damage":20,"enemies":"The Guardian","floor":16,"turns":17},{"damage":12,"enemies":"Shell Parasite","floor":18,"turns":8},{"damage":22,"enemies":"3 Byrds","floor":20,"turns":7},{"damage":14,"enemies":"Snecko","floor":22,"turns":7},{"damage":17,"enemies":"3 Cultists","floor":25,"turns":6},{"damage":19,"enemies":"Snake Plant","floor":27,"turns":8},{"damage":0,"enemies":"Chosen and Byrds","floor":28,"turns":1},{"damage":7,"enemies":"Cultist and Chosen","floor":30,"turns":10},{"damage":27,"enemies":"Automaton","floor":33,"turns":10}],"seed_played":"-213598712137773763","potions_obtained":[{"floor":4,"key":"FearPotion"},{"floor":8,"key":"SkillPotion"},{"floor":11,"key":"SteroidPotion"},{"floor":14,"key":"SmokeBomb"},{"floor":16,"key":"EssenceOfSteel"},{"floor":18,"key":"Explosive Potion"},{"floor":22,"key":"PowerPotion"},{"floor":27,"key":"FearPotion"}],"is_trial":false,"path_per_floor":["M","$","?","M","$","E","R","E","T","?","M","R","M","E","R","B",null,"M","?","M","$","M","R","$","M","T","M","M","R","M","$","R","B"],"character_chosen":"DEFECT","items_purchased":["Undo","Thinking Ahead+1","Weak Potion","Deep Breath+1","PowerPotion"],"campfire_rested":4,"item_purchase_floors":[2,21,21,24,31],"current_hp_per_floor":[68,68,53,53,53,53,53,33,33,17,19,41,39,41,63,45,68,58,44,24,24,12,36,36,21,21,4,6,30,25,25,25,0],"gold":15,"neow_bonus":"THREE_ENEMY_KILL","is_prod":false,"is_daily":false,"chose_seed":false,"campfire_upgraded":1,"win_rate":0,"timestamp":1554325995,"path_taken":["M","$","?","M","$","E","R","E","T","?","M","R","M","E","R","BOSS","M","?","M","$","M","R","$","M","T","M","M","R","M","$","R","BOSS"],"build_version":"2019-01-23","purchased_purges":0,"victory":false,"max_hp_per_floor":[75,75,75,75,75,75,75,75,75,75,75,75,75,75,75,75,75,75,80,80,80,80,80,80,80,80,80,80,80,80,80,80,80],"card_choices":[{"not_picked":["Hologram","Stack"],"picked":"Auto Shields","floor":1},{"not_picked":["Coolheaded","Steam Power"],"picked":"Go for the Eyes","floor":4},{"not_picked":["Rebound","Machine Learning"],"picked":"Conserve Battery","floor":6},{"not_picked":["Hologram+1","Stack+1"],"picked":"Chill+1","floor":8},{"not_picked":["Compile Driver","Gash"],"picked":"Ball Lightning","floor":10},{"not_picked":["Machine Learning","Streamline"],"picked":"Conserve Battery+1","floor":11},{"not_picked":["Steam+1","Force Field+1"],"picked":"Recycle+1","floor":13},{"not_picked":["Leap+1","Stack+1"],"picked":"Chill+1","floor":14},{"not_picked":["Machine Learning","Meteor Strike"],"picked":"Fission+1","floor":16},{"not_picked":["Gash+1","Steam+1"],"picked":"Cold Snap","floor":18},{"not_picked":["Turbo+1","Go for the Eyes","Gash+1"],"picked":"SKIP","floor":20},{"not_picked":["Aggregate+1","Barrage"],"picked":"Conserve Battery+1","floor":22},{"not_picked":["Leap+1","Static Discharge","Undo+1"],"picked":"SKIP","floor":25},{"not_picked":["Meteor Strike","Steam+1"],"picked":"Consume+1","floor":27},{"not_picked":["Sweeping Beam","Turbo+1","Go for the Eyes"],"picked":"SKIP","floor":30}],"player_experience":244902,"relics_obtained":[{"floor":6,"key":"Toxic Egg 2"},{"floor":8,"key":"Mummified Hand"},{"floor":9,"key":"Blood Vial"},{"floor":10,"key":"Odd Mushroom"},{"floor":14,"key":"Darkstone Periapt"},{"floor":26,"key":"Omamori"}],"event_choices":[{"damage_healed":0,"gold_gain":0,"player_choice":"Entered Light","damage_taken":15,"max_hp_gain":0,"max_hp_loss":0,"event_name":"Shining Light","floor":3,"gold_loss":0,"cards_upgraded":["Defend_B","Strike_B"]},{"damage_healed":0,"gold_gain":0,"player_choice":"Fought Mushrooms","damage_taken":0,"max_hp_gain":0,"max_hp_loss":0,"event_name":"Mushrooms","floor":10,"gold_loss":0},{"damage_healed":0,"gold_gain":0,"player_choice":"Shed Blood","damage_taken":19,"max_hp_gain":5,"max_hp_loss":0,"event_name":"Forgotten Altar","floor":19,"gold_loss":0}],"is_beta":false,"boss_relics":[{"not_picked":["White Beast Statue","Calling Bell"],"picked":"Empty Cage"}],"items_purged_floors":[],"is_endless":false,"potions_floor_spawned":[4,8,11,14,16,18,22,27],"killed_by":"Automaton","ascension_level":10}