{"gold_per_floor":[11,11,11,11,21,21,37,47,47,60,60,89,89,107,107,212,212,232,8,8,28,28,28,0,20,20,20],"floor_reached":27,"playtime":1052,"items_purged":[],"score":238,"play_id":"7175b6de-727f-44e0-a587-03db2b078b9a","local_time":"20180705030141","is_ascension_mode":false,"campfire_choices":[{"data":"Envenom","floor":6,"key":"SMITH"},{"data":"Caltrops","floor":11,"key":"SMITH"},{"floor":13,"key":"REST"},{"floor":15,"key":"REST"},{"data":"Footwork","floor":23,"key":"SMITH"}],"neow_cost":"NO_GOLD","seed_source_timestamp":266936616569551,"circlet_count":0,"master_deck":["Defend_G","Defend_G","Defend_G","Defend_G","Survivor","Neutralize","Envenom+1","PiercingWail","Slice","Caltrops+1","Dagger Throw","Expertise","Dagger Spray","Acrobatics","Blade Dance","Glass Knife","Prepared+1","Footwork+1","Outmaneuver","Bite","Bite","Bite","Bite","Bite","Dash"],"relics":["Ring of the Snake","Peace Pipe","Tingsha","Eternal Feather","Oddly Smooth Stone","Smiling Mask"],"potions_floor_usage":[12,12,16,16,27],"damage_taken":[{"damage":0,"enemies":"2 Louse","floor":1,"turns":4},{"damage":3,"enemies":"Small Slimes","floor":5,"turns":4},{"damage":1,"enemies":"Cultist","floor":7,"turns":4},{"damage":18,"enemies":"Lots of Slimes","floor":8,"turns":4},{"damage":0,"enemies":"2 Fungi Beasts","floor":10,"turns":5},{"damage":19,"enemies":"Gremlin Nob","floor":12,"turns":4},{"damage":10,"enemies":"Looter","floor":14,"turns":3},{"damage":57,"enemies":"The Guardian","floor":16,"turns":10},{"damage":24,"enemies":"Spheric Guardian","floor":18,"turns":4},{"damage":18,"enemies":"Chosen","floor":21,"turns":4},{"damage":39,"enemies":"Snake Plant","floor":25,"turns":5},{"damage":8,"enemies":"Slaver and Parasite","floor":27,"turns":1}],"seed_played":"-9016397881987771234","potions_obtained":[{"floor":7,"key":"Weak Potion"},{"floor":10,"key":"Strength Potion"},{"floor":12,"key":"AttackPotion"},{"floor":14,"key":"Swift Potion"},{"floor":25,"key":"SkillPotion"}],"is_trial":false,"path_per_floor":["M","?","$","$","M","R","M","M","T","M","R","E","R","M","R","B",null,"M","$","?","M","?","R","?","M","T"],"character_chosen":"THE_SILENT","items_purchased":["Footwork","Oddly Smooth Stone"],"campfire_rested":2,"item_purchase_floors":[19,19],"current_hp_per_floor":[70,70,70,70,67,67,66,48,48,48,48,29,50,40,61,4,70,46,46,46,28,28,36,36,7,7,0],"gold":20,"neow_bonus":"TRANSFORM_TWO_CARDS","is_prod":false,"is_daily":false,"chose_seed":false,"campfire_upgraded":3,"win_rate":0,"timestamp":1530781301,"path_taken":["M","?","?","$","?","R","M","M","T","M","R","E","R","M","R","BOSS","M","$","?","M","?","R","?","M","T","M"],"build_version":"2018-06-28","purchased_purges":0,"victory":false,"max_hp_per_floor":[70,70,70,70,70,70,70,70,70,70,70,70,70,70,70,70,70,70,70,70,70,49,49,49,49,49,49],"card_choices":[{"not_picked":["Acrobatics","Sucker Punch"],"picked":"Slice","floor":1},{"not_picked":["Dagger Throw","Heel Hook"],"picked":"Caltrops","floor":5},{"not_picked":["PiercingWail","Slice"],"picked":"Dagger Throw","floor":7},{"not_picked":["Quick Slash","Well Laid Plans"],"picked":"Expertise","floor":8},{"not_picked":["Dodge and Roll","Glass Knife"],"picked":"Dagger Spray","floor":10},{"not_picked":["Finisher","Dodge and Roll"],"picked":"Acrobatics","floor":12},{"not_picked":["PiercingWail","Distraction"],"picked":"Blade Dance","floor":14},{"not_picked":["Corpse Explosion","Die Die Die"],"picked":"Glass Knife","floor":16},{"not_picked":["PiercingWail+1","Backflip"],"picked":"Prepared+1","floor":18},{"not_picked":["Reflex","Acrobatics"],"picked":"Outmaneuver","floor":21},{"not_picked":["PiercingWail","Bouncing Flask+1"],"picked":"Dash","floor":25}],"player_experience":63963,"relics_obtained":[{"floor":9,"key":"Peace Pipe"},{"floor":12,"key":"Tingsha"},{"floor":26,"key":"Smiling Mask"}],"event_choices":[{"event_name":"The Cleric","player_choice":"Leave","floor":2,"damage_taken":0},{"event_name":"Addict","player_choice":"Ignored","floor":20,"damage_taken":0},{"event_name":"Vampires","player_choice":"Became a vampire","floor":22,"damage_taken":0},{"event_name":"Masked Bandits","player_choice":"Paid Bandits 28 gold","floor":24,"damage_taken":0}],"boss_relics":[{"not_picked":["Cursed Key","Calling Bell"],"picked":"Eternal Feather"}],"items_purged_floors":[],"is_endless":false,"potions_floor_spawned":[7,10,12,14,25],"killed_by":"Slaver and Parasite","ascension_level":0}