{"gold_per_floor":[119,219,20,35,52,81,91,91,91,116,133,143,143,160,160,261,261,279,194,208,208,208,242,13,39,88,88,6,24,24,123,123,227,227,239,339,63,116,136,136],"floor_reached":40,"playtime":1495,"items_purged":[],"score":752,"play_id":"8d84fbfb-d6a8-48cd-bad5-3423b2f603b8","local_time":"20190315004930","is_ascension_mode":true,"campfire_choices":[{"floor":8,"key":"REST"},{"floor":13,"key":"REST"},{"floor":15,"key":"REST"},{"floor":27,"key":"REST"},{"floor":32,"key":"REST"}],"neow_cost":"NONE","seed_source_timestamp":0,"circlet_count":0,"master_deck":["Defend_B","Defend_B","Zap","Sunder","BootSequence","Go for the Eyes","Gash+1","Defragment","BootSequence","Sweeping Beam+1","Rebound+1","Coolheaded","Rainbow","Hologram+1","White Noise+1","Bite+1","Bite+1","Bite+1","Bite+1","Bite+1","Cold Snap+1","The Bomb","Auto Shields","Leap+1","Jack Of All Trades","Sweeping Beam+1","Core Surge+1","Stack+1","Skim+1","Fission+1","Glacier","Electrodynamics","Finesse","Loop","Coolheaded+1","Hello World+1"],"special_seed":0,"relics":["Cracked Core","Chemical X","Molten Egg 2","Unceasing Top","Pocketwatch","Philosopher\u0027s Stone","Ginger","MutagenicStrength","Lantern","Centennial Puzzle","Omamori","Astrolabe","Dead Branch","Orichalcum","Girya"],"potions_floor_usage":[6,8,16,25,29,33,35,40],"damage_taken":[{"damage":1,"enemies":"2 Louse","floor":1,"turns":2},{"damage":0,"enemies":"Cultist","floor":4,"turns":2},{"damage":3,"enemies":"Small Slimes","floor":5,"turns":3},{"damage":24,"enemies":"Lagavulin","floor":6,"turns":7},{"damage":11,"enemies":"2 Fungi Beasts","floor":7,"turns":3},{"damage":30,"enemies":"3 Sentries","floor":10,"turns":7},{"damage":4,"enemies":"Blue Slaver","floor":11,"turns":3},{"damage":0,"enemies":"Large Slime","floor":12,"turns":4},{"damage":13,"enemies":"Exordium Thugs","floor":14,"turns":4},{"damage":0,"enemies":"Slime Boss","floor":16,"turns":8},{"damage":24,"enemies":"Spheric Guardian","floor":18,"turns":4},{"damage":25,"enemies":"Chosen","floor":20,"turns":5},{"damage":23,"enemies":"Slavers","floor":23,"turns":4},{"damage":43,"enemies":"Book of Stabbing","floor":25,"turns":5},{"damage":6,"enemies":"Snecko","floor":29,"turns":4},{"damage":87,"enemies":"Automaton","floor":33,"turns":12},{"damage":27,"enemies":"3 Darklings","floor":35,"turns":5},{"damage":12,"enemies":"Mind Bloom Boss Battle","floor":36,"turns":7},{"damage":13,"enemies":"2 Orb Walkers","floor":38,"turns":5},{"damage":1,"enemies":"3 Shapes","floor":39,"turns":2},{"damage":54,"enemies":"Nemesis","floor":40,"turns":7}],"seed_played":"-8665574370763475292","potions_obtained":[{"floor":4,"key":"Weak Potion"},{"floor":6,"key":"Ancient Potion"},{"floor":7,"key":"Fruit Juice"},{"floor":11,"key":"SkillPotion"},{"floor":12,"key":"SteroidPotion"},{"floor":16,"key":"GamblersBrew"},{"floor":18,"key":"LiquidBronze"},{"floor":25,"key":"Regen Potion"},{"floor":29,"key":"SkillPotion"},{"floor":33,"key":"Fire Potion"},{"floor":35,"key":"Explosive Potion"}],"is_trial":false,"path_per_floor":["M","?","$","M","M","E","M","R","T","E","M","M","R","M","R","B",null,"M","?","M","?","?","E","$","E","T","R","$","M","$","?","R","B",null,"M","?","$","?","M","E"],"character_chosen":"DEFECT","items_purchased":["Chemical X","The Bomb","Auto Shields","Jack Of All Trades","Orichalcum","Finesse","Loop"],"campfire_rested":5,"item_purchase_floors":[3,24,24,28,37,37,37],"current_hp_per_floor":[74,74,74,74,71,47,36,65,65,35,31,31,57,44,70,70,83,59,59,34,34,34,32,32,4,4,22,22,37,37,37,55,9,47,35,38,38,34,39,0],"gold":136,"neow_bonus":"TEN_PERCENT_HP_BONUS","is_prod":false,"is_daily":false,"chose_seed":false,"campfire_upgraded":0,"win_rate":0,"timestamp":1552607370,"path_taken":["M","?","$","M","?","E","M","R","T","E","M","M","R","M","R","BOSS","M","?","M","?","?","E","$","E","T","R","?","M","$","?","R","BOSS","M","?","$","?","M","E"],"build_version":"2019-01-23","purchased_purges":0,"victory":false,"max_hp_per_floor":[82,82,82,82,82,82,82,87,87,87,87,87,87,87,87,87,87,87,87,87,87,60,60,60,60,60,60,60,60,60,60,60,60,60,60,60,60,60,60,60],"card_choices":[{"not_picked":["Ball Lightning","Beam Cell"],"picked":"Sunder","floor":1},{"not_picked":["Turbo","Ball Lightning"],"picked":"BootSequence","floor":4},{"not_picked":["Leap","Steam"],"picked":"Go for the Eyes","floor":5},{"not_picked":["Buffer","Aggregate"],"picked":"Gash","floor":6},{"not_picked":["Conserve Battery","Turbo"],"picked":"Defragment","floor":7},{"not_picked":["Rebound+1","Stack"],"picked":"BootSequence","floor":10},{"not_picked":["Reinforced Body","Conserve Battery"],"picked":"Sweeping Beam+1","floor":11},{"not_picked":["Steam","Heatsinks"],"picked":"Rebound+1","floor":12},{"not_picked":["Undo","Go for the Eyes+1"],"picked":"Coolheaded","floor":14},{"not_picked":["Meteor Strike+1","Amplify"],"picked":"Rainbow","floor":16},{"not_picked":["Conserve Battery","Beam Cell+1"],"picked":"Hologram+1","floor":18},{"not_picked":["Double Energy","Rip and Tear+1"],"picked":"White Noise+1","floor":20},{"not_picked":["Streamline+1","Hyperbeam+1"],"picked":"Cold Snap+1","floor":23},{"not_picked":["Streamline+1","Steam Power+1"],"picked":"Leap+1","floor":25},{"not_picked":["Compile Driver+1","Barrage+1"],"picked":"Sweeping Beam+1","floor":29},{"not_picked":["Thunder Strike+1","Biased Cognition"],"picked":"Core Surge+1","floor":33},{"not_picked":["Hello World+1","Sweeping Beam+1"],"picked":"Glacier","floor":35},{"not_picked":["Conserve Battery","Redo"],"picked":"Electrodynamics","floor":36},{"not_picked":["Streamline+1","Rebound+1"],"picked":"Coolheaded+1","floor":38},{"not_picked":["Storm+1","Reinforced Body+1"],"picked":"Hello World+1","floor":39}],"player_experience":299028,"relics_obtained":[{"floor":6,"key":"Molten Egg 2"},{"floor":9,"key":"Unceasing Top"},{"floor":10,"key":"Pocketwatch"},{"floor":23,"key":"Lantern"},{"floor":25,"key":"Centennial Puzzle"},{"floor":26,"key":"Omamori"},{"floor":36,"key":"Dead Branch"},{"floor":38,"key":"Girya"}],"event_choices":[{"damage_healed":0,"gold_gain":100,"player_choice":"Pray","damage_taken":0,"max_hp_gain":0,"max_hp_loss":0,"event_name":"Golden Shrine","floor":2,"gold_loss":0},{"damage_healed":0,"gold_gain":0,"player_choice":"Obtained Relic","damage_taken":0,"relics_obtained":["Ginger"],"max_hp_gain":0,"max_hp_loss":0,"event_name":"Addict","floor":19,"gold_loss":85},{"damage_healed":0,"gold_gain":0,"player_choice":"Inject Mutagens","damage_taken":0,"relics_obtained":["MutagenicStrength"],"max_hp_gain":0,"max_hp_loss":0,"event_name":"Drug Dealer","floor":21,"gold_loss":0},{"damage_healed":0,"gold_gain":0,"player_choice":"Became a vampire","damage_taken":0,"max_hp_gain":0,"max_hp_loss":27,"event_name":"Vampires","floor":22,"gold_loss":0,"cards_obtained":["Bite","Bite","Bite","Bite","Bite"]},{"damage_healed":0,"gold_gain":99,"player_choice":"Stole From Cult","damage_taken":0,"max_hp_gain":0,"max_hp_loss":0,"event_name":"Nest","floor":31,"gold_loss":0},{"damage_healed":0,"gold_gain":0,"player_choice":"Fight","damage_taken":0,"max_hp_gain":0,"max_hp_loss":0,"event_name":"MindBloom","floor":36,"gold_loss":0},{"damage_healed":0,"gold_gain":0,"player_choice":"Fight","damage_taken":0,"max_hp_gain":0,"max_hp_loss":0,"event_name":"Mysterious Sphere","floor":38,"gold_loss":0}],"is_beta":false,"boss_relics":[{"not_picked":["Snecko Eye","Sozu"],"picked":"Philosopher\u0027s Stone"},{"not_picked":["Calling Bell","Pandora\u0027s Box"],"picked":"Astrolabe"}],"items_purged_floors":[],"is_endless":false,"potions_floor_spawned":[4,6,7,11,12,16,18,25,29,33,35],"killed_by":"Nemesis","ascension_level":9}