{"gold_per_floor":[109,109,18,30,30,56,56,84,153,170,170],"floor_reached":11,"playtime":470,"items_purged":[],"score":105,"play_id":"ccd75df1-ef85-49c1-a5ec-18c4b8621e3c","local_time":"20190131220041","is_ascension_mode":true,"campfire_choices":[{"data":"Buffer","floor":7.0,"key":"SMITH"}],"neow_cost":"NONE","seed_source_timestamp":200398555504391,"circlet_count":0,"master_deck":["Strike_B","Strike_B","Strike_B","Defend_B","Defend_B+1","Defend_B","Defend_B+1","Zap","Dualcast","Tempest","Conserve Battery","Capacitor","Cold Snap","Conserve Battery","Buffer+1","Hologram","Auto Shields"],"special_seed":0,"relics":["Cracked Core","Centennial Puzzle","Calipers","Matryoshka"],"potions_floor_usage":[11,11,11,11],"damage_taken":[{"damage":12.0,"enemies":"Jaw Worm","floor":1.0,"turns":3.0},{"damage":0.0,"enemies":"2 Louse","floor":4.0,"turns":2.0},{"damage":38.0,"enemies":"Gremlin Nob","floor":6.0,"turns":4.0},{"damage":25.0,"enemies":"3 Sentries","floor":8.0,"turns":9.0},{"damage":0.0,"enemies":"Cultist","floor":10.0,"turns":4.0},{"damage":0,"enemies":"Gremlin Nob","floor":11,"turns":4}],"seed_played":"7158157926520948454","potions_obtained":[{"floor":1.0,"key":"FocusPotion"},{"floor":8.0,"key":"EntropicBrew"}],"is_trial":false,"path_per_floor":["M","?","$","M","?","E","R","E","T","M","E"],"character_chosen":"DEFECT","items_purchased":["Capacitor","Cold Snap"],"campfire_rested":0,"item_purchase_floors":[3,3],"current_hp_per_floor":[56,41,41,41,66,28,28,3,3,3,3],"gold":170,"neow_bonus":"TRANSFORM_CARD","is_prod":false,"is_daily":false,"chose_seed":false,"campfire_upgraded":1,"win_rate":0,"timestamp":1548993641,"path_taken":["M","?","$","M","?","E","R","E","T","M","E"],"build_version":"2019-01-23","purchased_purges":0,"victory":false,"max_hp_per_floor":[75,75,75,75,75,75,75,75,75,75,75],"card_choices":[{"not_picked":["Heatsinks","Stack"],"picked":"Conserve Battery","floor":1.0},{"not_picked":["Scrape","Reprogram"],"picked":"Conserve Battery","floor":4.0},{"not_picked":["Sweeping Beam","Reprogram"],"picked":"Buffer","floor":6.0},{"not_picked":["White Noise","Rebound"],"picked":"Hologram","floor":8.0},{"not_picked":["Streamline","Capacitor"],"picked":"Auto Shields","floor":10.0}],"player_experience":443305,"relics_obtained":[{"floor":6.0,"key":"Centennial Puzzle"},{"floor":8.0,"key":"Calipers"},{"floor":9.0,"key":"Matryoshka"}],"event_choices":[{"damage_healed":0.0,"max_hp_gain":0.0,"max_hp_loss":0.0,"gold_gain":0.0,"event_name":"Shining Light","player_choice":"Entered Light","floor":2.0,"gold_loss":0.0,"damage_taken":15.0,"cards_upgraded":["Defend_B","Defend_B"]},{"damage_healed":25.0,"max_hp_gain":0.0,"max_hp_loss":0.0,"gold_gain":0.0,"event_name":"Big Fish","player_choice":"Banana","floor":5.0,"gold_loss":0.0,"damage_taken":0.0}],"is_beta":false,"boss_relics":[],"items_purged_floors":[],"is_endless":false,"potions_floor_spawned":[1,8],"killed_by":"Gremlin Nob","ascension_level":6}