{"gold_per_floor":[114,37,52,67,82,82,82,82,82,90,105,120,172,202,202,302,302,317,332,332,282,297,297,312,312,337,367,17,32,47,62,62,62],"floor_reached":33,"playtime":3778,"items_purged":[],"score":271,"play_id":"6559d412-f0fa-465b-97c4-5e53e3d60bf1","local_time":"20180718140636","daily_mods":["Heirloom","Uncertain Future","Binary"],"is_ascension_mode":false,"campfire_choices":[{"data":"Steam","floor":6,"key":"SMITH"},{"floor":8,"key":"REST"},{"data":"Dualcast","floor":15,"key":"SMITH"},{"floor":23,"key":"REST"},{"floor":25,"key":"REST"},{"floor":32,"key":"REST"}],"neow_cost":"","seed_source_timestamp":410330806585448,"circlet_count":0,"master_deck":["Strike_B+1","Strike_B","Strike_B","Strike_B+1","Defend_B","Defend_B","Defend_B","Defend_B","Zap+1","Dualcast+1","Darkness","Sunder","Heatsinks","BootSequence","Steam+1","Self Repair","Reprogram","Conserve Battery","Coolheaded","Beam Cell","Buffer","Loop","Sweeping Beam","Skim+1","Capacitor","Doom and Gloom+1","Steam+1","Streamline","Conserve Battery+1"],"special_seed":17730,"relics":["Cracked Core","Unceasing Top","Whetstone","Odd Mushroom","Bronze Scales","Toxic Egg 2","Nuclear Battery","Anchor","Vajra","Strawberry","HandDrill"],"potions_floor_usage":[13,14,14,24,24,24,33],"damage_taken":[{"damage":1,"enemies":"Small Slimes","floor":1,"turns":3},{"damage":8,"enemies":"2 Louse","floor":3,"turns":2},{"damage":0,"enemies":"Jaw Worm","floor":4,"turns":3},{"damage":9,"enemies":"Blue Slaver","floor":5,"turns":4},{"damage":3,"floor":10,"turns":4},{"damage":0,"enemies":"Large Slime","floor":11,"turns":4},{"damage":5,"enemies":"3 Louse","floor":12,"turns":4},{"damage":20,"enemies":"3 Sentries","floor":13,"turns":8},{"damage":13,"enemies":"3 Sentries","floor":14,"turns":8},{"damage":45,"enemies":"The Guardian","floor":16,"turns":11},{"damage":12,"enemies":"Shell Parasite","floor":18,"turns":6},{"damage":24,"enemies":"2 Thieves","floor":19,"turns":4},{"damage":16,"enemies":"Snake Plant","floor":22,"turns":3},{"damage":24,"enemies":"3 Cultists","floor":24,"turns":5},{"damage":66,"enemies":"Gremlin Leader","floor":27,"turns":8},{"damage":16,"enemies":"Snecko","floor":29,"turns":5},{"damage":1,"enemies":"Centurion and Healer","floor":30,"turns":8},{"damage":7,"enemies":"Snake Plant","floor":31,"turns":4},{"damage":44,"enemies":"Champ","floor":33,"turns":11}],"seed_played":"-3893125077617489196","potions_obtained":[{"floor":1,"key":"Regen Potion"},{"floor":5,"key":"Poison Potion"},{"floor":11,"key":"SkillPotion"},{"floor":13,"key":"EssenceOfSteel"},{"floor":14,"key":"SpeedPotion"},{"floor":16,"key":"FearPotion"},{"floor":18,"key":"Dexterity Potion"},{"floor":19,"key":"Dexterity Potion"},{"floor":22,"key":"Regen Potion"},{"floor":31,"key":"Dexterity Potion"}],"is_trial":false,"path_per_floor":["M","$","M","M","M","R","?","R","T","?","M","M","?","E","R","B",null,"M","M","?","?","M","R","M","R","T","E","$","M","M","M","R"],"character_chosen":"DEFECT","items_purchased":["Sunder","Strawberry","HandDrill"],"campfire_rested":4,"item_purchase_floors":[2,28,28],"current_hp_per_floor":[74,74,66,66,57,57,57,75,75,72,75,75,62,71,71,33,75,70,46,32,32,23,47,45,69,69,10,17,8,14,14,40,0],"gold":62,"neow_bonus":"","is_prod":false,"is_daily":true,"chose_seed":false,"campfire_upgraded":2,"win_rate":0.0,"timestamp":1531915596,"path_taken":["M","$","M","M","M","R","?","R","T","?","M","M","?","E","R","BOSS","M","M","?","?","M","R","M","R","T","E","$","M","M","?","R","BOSS"],"build_version":"2018-07-12","purchased_purges":0,"victory":false,"max_hp_per_floor":[75,75,75,75,75,75,75,75,75,75,75,75,75,75,75,75,75,75,75,80,80,80,80,80,80,80,80,87,87,87,87,87,87],"card_choices":[{"not_picked":["Recycle"],"picked":"Darkness","floor":1},{"not_picked":["Gash"],"picked":"Heatsinks","floor":3},{"not_picked":["Gash"],"picked":"BootSequence","floor":4},{"not_picked":["Gash"],"picked":"Steam","floor":5},{"not_picked":["Skim"],"picked":"Self Repair","floor":10},{"not_picked":["Double Energy"],"picked":"Reprogram","floor":11},{"not_picked":["Redo"],"picked":"Conserve Battery","floor":12},{"not_picked":["FTL"],"picked":"Coolheaded","floor":13},{"not_picked":["Seek"],"picked":"Beam Cell","floor":14},{"not_picked":["Meteor Strike"],"picked":"Buffer","floor":16},{"not_picked":["Turbo+1"],"picked":"Loop","floor":18},{"not_picked":["Cold Snap"],"picked":"Sweeping Beam","floor":19},{"not_picked":["Compile Driver"],"picked":"Skim+1","floor":22},{"not_picked":["Steam+1"],"picked":"Capacitor","floor":24},{"not_picked":["Rebound+1"],"picked":"Doom and Gloom+1","floor":27},{"not_picked":["Reprogram+1"],"picked":"Steam+1","floor":29},{"not_picked":["Barrage"],"picked":"Streamline","floor":30},{"not_picked":["Hyperbeam"],"picked":"Conserve Battery+1","floor":31}],"player_experience":85679,"relics_obtained":[{"floor":9,"key":"Whetstone"},{"floor":10,"key":"Odd Mushroom"},{"floor":13,"key":"Bronze Scales"},{"floor":14,"key":"Toxic Egg 2"},{"floor":26,"key":"Anchor"},{"floor":27,"key":"Vajra"}],"event_choices":[{"event_name":"Living Wall","player_choice":"Grow","floor":7,"damage_taken":0},{"event_name":"Mushrooms","player_choice":"Fought Mushrooms","floor":10,"damage_taken":0},{"event_name":"Dead Adventurer","player_choice":"Searched \u00271\u0027 times","floor":13,"damage_taken":0},{"event_name":"Forgotten Altar","player_choice":"Shed Blood","floor":20,"damage_taken":0},{"event_name":"The Joust","player_choice":"Bet on Murderer","floor":21,"damage_taken":0}],"boss_relics":[{"not_picked":["Runic Pyramid","Coffee Dripper"],"picked":"Nuclear Battery"}],"items_purged_floors":[],"is_endless":false,"potions_floor_spawned":[1,5,11,13,14,16,18,19,22,31],"killed_by":"Champ","ascension_level":0}