{"path_per_floor":["M","M","$","?","M","E","M","R","T","R","E","M","E","M","R","B",null,"M","$","M","M","M","R","M","$","T","R","?","M","M","M","R","B",null,"M","?","M","T","$","R","M","M","T","?","R","E","M","$","R"],"character_chosen":"IRONCLAD","items_purchased":["Dramatic Entrance","Strawberry","Strength Potion","Strength Potion","Regen Potion"],"gold_per_floor":[111,130,39,39,51,76,95,95,95,95,121,133,165,177,177,277,277,287,63,83,102,113,113,131,31,84,84,9,19,36,51,51,150,150,163,163,173,219,94,94,110,128,152,152,152,183,196,49,49,49],"floor_reached":50,"campfire_rested":5,"playtime":3425,"current_hp_per_floor":[80,80,80,80,80,79,78,78,78,78,73,76,68,73,73,41,80,60,67,71,49,26,67,24,24,24,65,65,57,56,46,87,51,87,81,81,83,83,83,83,70,35,35,35,76,49,35,35,76,0],"items_purged":["Regret","Injury","Hemokinesis"],"gold":49,"score":498,"play_id":"6758805e-9735-4dfe-acf3-7eb92832e047","local_time":"20180326234652","is_prod":false,"is_daily":false,"is_ascension_mode":false,"campfire_upgraded":4,"timestamp":1522133212,"path_taken":["M","M","$","?","M","E","M","R","T","R","E","M","E","M","R","BOSS","M","$","?","?","M","R","M","?","T","R","?","?","M","M","R","BOSS","M","?","M","?","$","R","M","?","T","?","R","E","M","?","R","BOSS"],"build_version":"2018-03-22v2","purchased_purges":3,"victory":false,"master_deck":["Strike_R+1","Strike_R","Strike_R+1","Strike_R","Strike_R","Defend_R+1","Defend_R","Defend_R","Defend_R+1","Perfected Strike","Dramatic Entrance+1","Cleave+1","Twin Strike","Barricade+1","Iron Wave","Anger+1","Demon Form","Iron Wave","Shrug It Off+1","Bloodletting","Cleave+1","Armaments+1","Clash","Offering","Shrug It Off+1","Shrug It Off+1","Searing Blow+1","Power Through+1","Clash+1"],"max_hp_per_floor":[80,80,80,80,80,80,80,80,80,80,80,80,80,80,80,80,80,80,87,87,87,87,87,87,87,87,87,87,87,87,87,87,87,87,87,87,87,87,87,87,87,87,87,87,87,87,87,87,87,87],"relics":["Burning Blood","Orichalcum","Dream Catcher","Mercury Hourglass","Whetstone","Regal Pillow","Calling Bell","Anchor","Happy Flower","War Paint","Strawberry","Blood Vial","Lizard Tail","Oddly Smooth Stone","Bag of Preparation","Lantern"],"card_choices":[{"not_picked":["Cleave","Wild Strike"],"picked":"Perfected Strike","floor":1},{"not_picked":["Shrug It Off","Limit Break"],"picked":"Cleave","floor":5},{"not_picked":["Heavy Blade","Warcry"],"picked":"Twin Strike","floor":7},{"not_picked":["Pommel Strike","Twin Strike"],"picked":"Barricade","floor":11},{"not_picked":["Flex","Armaments"],"picked":"Iron Wave","floor":13},{"not_picked":["Pummel","Corruption"],"picked":"Anger","floor":14},{"not_picked":["Exhume","Double Tap"],"picked":"Demon Form","floor":16},{"not_picked":["True Grit","Intimidate"],"picked":"Iron Wave","floor":18},{"not_picked":["Wild Strike","Twin Strike"],"picked":"Shrug It Off","floor":21},{"not_picked":["Burning Pact","Flame Barrier"],"picked":"Bloodletting","floor":23},{"not_picked":["Perfected Strike","Bloodletting"],"picked":"Cleave","floor":24},{"not_picked":["Thunderclap","Burning Pact"],"picked":"Armaments","floor":30},{"not_picked":["Sword Boomerang","Pommel Strike"],"picked":"Clash","floor":32},{"not_picked":["Berserk","Dark Embrace"],"picked":"Offering","floor":33},{"not_picked":["Pommel Strike","Intimidate"],"picked":"Shrug It Off","floor":37},{"not_picked":["Second Wind","Body Slam"],"picked":"Shrug It Off","floor":41},{"not_picked":["Spot Weakness","Clothesline"],"picked":"Searing Blow","floor":45},{"not_picked":["Anger","Sword Boomerang"],"picked":"Power Through","floor":47},{"not_picked":["Exhume","Perfected Strike"],"picked":"Clash","floor":49}],"player_experience":40666,"potions_floor_usage":[6,12,14,16,18,22,33,33,42,42,42,50,50,50],"damage_taken":[{"damage":1,"enemies":"Small Slimes","floor":1,"turns":4},{"damage":0,"enemies":"Cultist","floor":2,"turns":3},{"damage":1,"enemies":"2 Louse","floor":5,"turns":2},{"damage":7,"enemies":"3 Sentries","floor":6,"turns":4},{"damage":7,"enemies":"Gremlin Gang","floor":7,"turns":2},{"damage":11,"enemies":"Gremlin Nob","floor":11,"turns":3},{"damage":3,"enemies":"Lots of Slimes","floor":12,"turns":2},{"damage":14,"enemies":"Lagavulin","floor":13,"turns":8},{"damage":1,"enemies":"Exordium Thugs","floor":14,"turns":2},{"damage":38,"enemies":"Slime Boss","floor":16,"turns":10},{"damage":26,"enemies":"Shell Parasite","floor":18,"turns":5},{"damage":2,"enemies":"3 Byrds","floor":20,"turns":4},{"damage":28,"enemies":"Snecko","floor":21,"turns":6},{"damage":29,"enemies":"Chosen and Byrds","floor":22,"turns":5},{"damage":49,"enemies":"Slaver and Parasite","floor":24,"turns":8},{"damage":16,"enemies":"Snecko","floor":29,"turns":5},{"damage":9,"enemies":"Snake Plant","floor":30,"turns":5},{"damage":18,"enemies":"Centurion and Healer","floor":31,"turns":7},{"damage":42,"enemies":"Champ","floor":33,"turns":13},{"damage":12,"enemies":"Orb Walker","floor":35,"turns":3},{"damage":6,"enemies":"3 Shapes","floor":37,"turns":7},{"damage":21,"enemies":"Sphere and 2 Shapes","floor":41,"turns":4},{"damage":43,"enemies":"Maw","floor":42,"turns":11},{"damage":98,"enemies":"2 Orb Walkers","floor":46,"turns":7},{"damage":22,"enemies":"3 Darklings","floor":47,"turns":6},{"damage":99,"enemies":"Donu and Deca","floor":50,"turns":8}],"event_choices":[{"event_name":"Transmorgrifier","player_choice":"Transform","floor":4,"damage_taken":0},{"event_name":"Beggar","player_choice":"Gave Gold","floor":28,"damage_taken":0},{"event_name":"Mysterious Sphere","player_choice":"Ignore","floor":36,"damage_taken":0},{"event_name":"The Moai Head","player_choice":"Ignored","floor":44,"damage_taken":0}],"boss_relics":[{"not_picked":["Cursed Key","Sozu"],"picked":"Calling Bell"},{"not_picked":["Astrolabe","Velvet Choker"],"picked":"Lizard Tail"}],"potions_floor_spawned":[2,5,6,13,16,18,21,24,30,35,37,41],"seed_played":"8056489909077115953","killed_by":"Donu and Deca","ascension_level":0,"is_trial":false}