{"gold_per_floor":[114,129,129,141,2741,2741,341],"floor_reached":7,"playtime":201,"items_purged":["Strike_B"],"score":280,"play_id":"4032e6cf-0641-49d8-be70-7b9db307ecc2","local_time":"20190329004613","is_ascension_mode":true,"campfire_choices":[{"data":"Defragment","floor":6,"key":"SMITH"}],"neow_cost":"NONE","seed_source_timestamp":704450563800738,"circlet_count":0,"master_deck":["AscendersBane","Strike_B","Strike_B","Strike_B","Defend_B","Defend_B","Defend_B","Defend_B","Zap","Dualcast","Leap","Panic Button+1","Rebound","ReplayTheSpireMod:IOU","ReplayTheSpireMod:IOU","ReplayTheSpireMod:IOU","ReplayTheSpireMod:IOU","ReplayTheSpireMod:IOU","ReplayTheSpireMod:IOU","ReplayTheSpireMod:IOU","ReplayTheSpireMod:IOU","ReplayTheSpireMod:IOU","ReplayTheSpireMod:IOU","Cold Snap","Defragment+1","Amplify"],"relics":["Cracked Core","NeowsBlessing","Replay:Wax Seal","Girya","TheAbacus"],"potions_floor_usage":[],"damage_taken":[{"damage":0,"enemies":"2 Louse","floor":1,"turns":1},{"damage":0,"enemies":"Cultist","floor":2,"turns":1},{"damage":0,"enemies":"Small Slimes","floor":4,"turns":1},{"damage":35,"enemies":"Blue Slaver","floor":7,"turns":7}],"seed_played":"1115139594741736859","potions_obtained":[{"floor":2,"key":"Swift Potion"},{"floor":4,"key":"Languid Potion"}],"is_trial":false,"path_per_floor":["M","M","?","M","$","R","M"],"character_chosen":"DEFECT","items_purchased":["Replay:Wax Seal","Cold Snap","Girya","TheAbacus","Defragment","Amplify"],"campfire_rested":0,"item_purchase_floors":[5,5,5,5,5,5],"current_hp_per_floor":[64,64,64,64,64,64,29],"gold":341,"neow_bonus":"THREE_ENEMY_KILL","is_prod":false,"is_daily":false,"chose_seed":false,"campfire_upgraded":1,"win_rate":0,"timestamp":1553838373,"path_taken":["M","M","?","?","$","R","M"],"build_version":"2019-01-23","purchased_purges":1,"victory":false,"max_hp_per_floor":[71,71,71,71,71,71,71],"card_choices":[{"not_picked":["Turbo","Gash"],"picked":"Leap","floor":1},{"not_picked":["ReplayTheSpireMod:GoodbyeWorld","Conserve Battery"],"picked":"Panic Button","floor":2},{"not_picked":["Gash","Compile Driver"],"picked":"Rebound","floor":4}],"player_experience":865646,"relics_obtained":[],"event_choices":[{"damage_healed":0,"gold_gain":0,"player_choice":"Upgraded","damage_taken":0,"max_hp_gain":0,"max_hp_loss":0,"event_name":"Upgrade Shrine","floor":3,"gold_loss":0,"cards_upgraded":["Panic Button"]}],"is_beta":false,"boss_relics":[],"items_purged_floors":[5],"is_endless":false,"potions_floor_spawned":[2,4],"killed_by":"Blue Slaver","ascension_level":19}