{"gold_per_floor":[110,129,129,129,79,108,108,108,108,119,119,119,138,168,168,265,265,278,193,41,41,41,41,71,71,98,23,53,63,83,97,97,97],"floor_reached":33,"playtime":1071,"items_purged":["Strike_B"],"score":395,"play_id":"b18692bf-6ae3-4be5-b3d4-15154e0b9ac3","local_time":"20181003123440","is_ascension_mode":true,"campfire_choices":[{"floor":8,"key":"REST"},{"floor":12,"key":"REST"},{"floor":15,"key":"REST"},{"data":"Defragment","floor":23,"key":"SMITH"},{"data":"Loop","floor":25,"key":"SMITH"},{"floor":32,"key":"REST"}],"neow_cost":"NONE","seed_source_timestamp":1786095727149849,"circlet_count":0,"master_deck":["Strike_B+1","Strike_B+1","Defend_B","Defend_B+1","Defend_B+1","Zap+1","Dualcast+1","Chaos+1","Tempest","Loop+1","Cold Snap","Defragment+1","Electrodynamics","Redo+1","Defragment","Ball Lightning","Core Surge"],"relics":["Cracked Core","War Paint","Pocketwatch","Whetstone","Mummified Hand","Dream Catcher","Bottled Flame","Nuclear Battery","Bag of Preparation","PreservedInsect","MutagenicStrength","Darkstone Periapt","Pen Nib","Strawberry"],"potions_floor_usage":[28,30,33,33],"damage_taken":[{"damage":8,"enemies":"Small Slimes","floor":1,"turns":3},{"damage":0,"enemies":"Cultist","floor":2,"turns":4},{"damage":14,"enemies":"Lagavulin","floor":6,"turns":5},{"damage":12,"enemies":"Jaw Worm","floor":10,"turns":2},{"damage":0,"enemies":"Large Slime","floor":13,"turns":5},{"damage":10,"enemies":"3 Sentries","floor":14,"turns":5},{"damage":25,"enemies":"The Guardian","floor":16,"turns":11},{"damage":2,"enemies":"3 Byrds","floor":18,"turns":3},{"damage":0,"enemies":"Gremlin Leader","floor":24,"turns":3},{"damage":13,"enemies":"Slavers","floor":28,"turns":3},{"damage":13,"enemies":"2 Thieves","floor":29,"turns":2},{"damage":0,"enemies":"Snecko","floor":30,"turns":2},{"damage":11,"enemies":"Snake Plant","floor":31,"turns":2},{"damage":63,"enemies":"Champ","floor":33,"turns":6}],"seed_played":"1488494606746580664","potions_obtained":[{"floor":2,"key":"Strength Potion"},{"floor":13,"key":"FearPotion"},{"floor":14,"key":"SteroidPotion"},{"floor":16,"key":"LiquidBronze"},{"floor":24,"key":"EssenceOfSteel"},{"floor":28,"key":"SkillPotion"},{"floor":31,"key":"Block Potion"}],"is_trial":false,"path_per_floor":["M","M","?","?","?","E","?","R","T","M","T","R","M","E","R","B",null,"M","?","$","?","?","R","E","R","T","$","E","M","M","M","R"],"character_chosen":"DEFECT","items_purchased":["PreservedInsect"],"campfire_rested":4,"item_purchase_floors":[20],"current_hp_per_floor":[67,67,67,60,60,46,31,53,53,41,41,63,63,53,75,50,69,67,67,67,67,67,67,67,67,67,67,61,48,48,37,61,0],"gold":97,"neow_bonus":"RANDOM_COMMON_RELIC","is_prod":false,"is_daily":false,"chose_seed":false,"campfire_upgraded":2,"win_rate":0,"timestamp":1538562880,"path_taken":["M","M","?","?","?","E","?","R","T","M","?","R","M","E","R","BOSS","M","?","?","?","?","R","E","R","T","$","E","M","M","?","R","BOSS"],"build_version":"2018-09-27","purchased_purges":1,"victory":false,"max_hp_per_floor":[75,75,75,75,75,75,75,75,75,75,75,75,75,75,75,75,75,75,75,75,75,75,75,75,75,75,75,82,82,82,82,82,82],"card_choices":[{"not_picked":["Conserve Battery","Redo"],"picked":"Chaos","floor":1},{"not_picked":["Gash","Stack"],"picked":"Tempest","floor":2},{"not_picked":["Hyperbeam","Streamline"],"picked":"Loop","floor":6},{"not_picked":["BootSequence","Conserve Battery","Loop"],"picked":"SKIP","floor":10},{"not_picked":["Rip and Tear","Barrage"],"picked":"Cold Snap","floor":12},{"not_picked":["Stack","Redo","Hello World"],"picked":"SKIP","floor":13},{"not_picked":["Conserve Battery","Go for the Eyes","Hello World"],"picked":"SKIP","floor":14},{"not_picked":["Beam Cell","Double Energy"],"picked":"Defragment","floor":15},{"not_picked":["Core Surge","Thunder Strike"],"picked":"Electrodynamics","floor":16},{"not_picked":["Undo","Steam"],"picked":"Redo+1","floor":18},{"not_picked":["Gash","White Noise","Conserve Battery"],"picked":"SKIP","floor":24},{"not_picked":["White Noise","Hello World","Leap"],"picked":"SKIP","floor":28},{"not_picked":["Gash","Darkness","Reinforced Body+1"],"picked":"SKIP","floor":29},{"not_picked":["Rebound+1","Heatsinks"],"picked":"Defragment","floor":30},{"not_picked":["Blizzard","Steam"],"picked":"Ball Lightning","floor":31},{"not_picked":["Steam","Blizzard+1"],"picked":"Core Surge","floor":32}],"player_experience":144724,"relics_obtained":[{"floor":6,"key":"Whetstone"},{"floor":9,"key":"Mummified Hand"},{"floor":11,"key":"Dream Catcher"},{"floor":14,"key":"Bottled Flame"},{"floor":24,"key":"Darkstone Periapt"},{"floor":26,"key":"Pen Nib"},{"floor":28,"key":"Strawberry"}],"event_choices":[{"event_name":"WeMeetAgain","player_choice":"Potion","floor":3,"damage_taken":0},{"event_name":"Golden Wing","player_choice":"Card Removal","floor":4,"damage_taken":0},{"event_name":"The Cleric","player_choice":"Card Removal","floor":5,"damage_taken":0},{"event_name":"Shining Light","player_choice":"Entered Light","floor":7,"damage_taken":0},{"event_name":"Addict","player_choice":"Obtained Relic","floor":19,"damage_taken":0},{"event_name":"Drug Dealer","player_choice":"Inject Mutagens","floor":21,"damage_taken":0},{"event_name":"Upgrade Shrine","player_choice":"Upgraded","floor":22,"damage_taken":0}],"is_beta":false,"boss_relics":[{"not_picked":["Calling Bell","Eternal Feather"],"picked":"Nuclear Battery"}],"items_purged_floors":[27],"is_endless":false,"potions_floor_spawned":[2,13,14,16,24,28,31],"killed_by":"Champ","ascension_level":5}