{"path_per_floor":["M","M","M","M","M","E","?","$","T","E","?","M","?","E","R","B",null,"M","?","$","?","$","R","E","R","T","M","?","?","M","$","R","B",null,"M","T","$","?","?","E","R","M","T","M","M","R","E","M","R","B"],"character_chosen":"THE_SILENT","items_purchased":["Juzu Bracelet","Snake Skull","Footwork","Whetstone"],"gold_per_floor":[117,129,144,156,169,194,194,47,97,129,129,144,144,174,174,273,273,291,291,58,58,58,58,86,86,134,144,144,144,162,41,41,138,138,149,175,95,95,95,130,130,150,177,197,209,209,234,251,251,251],"floor_reached":51,"campfire_rested":6,"playtime":2268,"current_hp_per_floor":[66,60,59,54,54,42,42,42,49,33,33,24,24,10,33,33,77,65,65,65,65,65,65,38,61,61,50,50,50,36,36,59,19,77,72,72,72,72,72,5,28,32,32,36,28,51,39,42,65,11],"items_purged":["Pain","Strike_G"],"gold":251,"score":867,"play_id":"b0eb28e3-c389-46b8-b1c8-4026b413baf4","local_time":"20180423235408","is_prod":false,"is_daily":false,"chose_seed":false,"is_ascension_mode":true,"campfire_upgraded":1,"timestamp":1524520448,"path_taken":["M","M","?","M","M","E","?","$","T","E","?","M","?","E","R","BOSS","M","?","$","?","?","R","E","R","T","M","?","?","M","$","R","BOSS","M","?","$","?","?","E","R","M","T","M","M","R","E","M","R","BOSS"],"build_version":"2018-04-19","seed_source_timestamp":2206891381952061,"purchased_purges":2,"victory":true,"master_deck":["Defend_G","Defend_G","Defend_G","Strike_G+1","Strike_G","Survivor","Neutralize","Bane+1","Dash+1","Deadly Poison","Deadly Poison","Leg Sweep+1","Caltrops","Cloak And Dagger","Calculated Gamble","Deflect+1","Flying Knee+1","Noxious Fumes","Footwork","Backflip","Footwork","Leg Sweep+1","Adrenaline","Bane","Secret Technique","Bandage Up","Terror","Backflip+1"],"max_hp_per_floor":[70,70,70,70,70,70,70,70,77,77,77,77,77,77,77,77,77,77,77,77,77,77,77,77,77,77,77,77,77,77,77,77,77,77,77,77,77,77,77,77,77,77,77,77,77,77,77,77,77,77],"relics":["Ring of the Snake","Oddly Smooth Stone","Juzu Bracelet","Strawberry","The Courier","Pen Nib","The Specimen","Astrolabe","Snake Skull","Bottled Lightning","Orichalcum","Whetstone","Lizard Tail","Bag of Marbles","Mummified Hand","Blood Vial","Vajra"],"card_choices":[{"not_picked":["Backflip","Escape Plan"],"picked":"Bane","floor":1},{"not_picked":["Sucker Punch","Backflip"],"picked":"Dash","floor":2},{"not_picked":["Poisoned Stab","Underhanded Strike"],"picked":"Deadly Poison","floor":3},{"not_picked":["Prepared","Dagger Throw"],"picked":"Deadly Poison","floor":4},{"not_picked":["Masterful Stab","All Out Attack"],"picked":"Leg Sweep","floor":5},{"not_picked":["Blade Dance","Reflex"],"picked":"Cloak And Dagger","floor":12},{"not_picked":["Predator","Bouncing Flask"],"picked":"Calculated Gamble","floor":14},{"not_picked":["Underhanded Strike","Outmaneuver"],"picked":"Backflip","floor":24},{"not_picked":["Deflect","Well Laid Plans"],"picked":"Footwork","floor":27},{"not_picked":["Grand Finale","A Thousand Cuts"],"picked":"Adrenaline","floor":33},{"not_picked":["Bouncing Flask","Caltrops"],"picked":"Bane","floor":35},{"not_picked":["Purity","Finesse"],"picked":"Secret Technique","floor":38},{"not_picked":["Outmaneuver","Blade Dance"],"picked":"Terror","floor":40},{"not_picked":["Dagger Throw","Dodge and Roll"],"picked":"Backflip","floor":42}],"player_experience":117116,"potions_floor_usage":[10,14,14,18,24,27,42,47,47,47,50],"damage_taken":[{"damage":4,"enemies":"Cultist","floor":1,"turns":5},{"damage":6,"enemies":"2 Louse","floor":2,"turns":3},{"damage":1,"enemies":"Jaw Worm","floor":3,"turns":5},{"damage":5,"enemies":"Exordium Thugs","floor":4,"turns":5},{"damage":0,"enemies":"3 Louse","floor":5,"turns":4},{"damage":12,"enemies":"3 Sentries","floor":6,"turns":10},{"damage":16,"enemies":"Gremlin Nob","floor":10,"turns":4},{"damage":9,"enemies":"Exordium Wildlife","floor":12,"turns":4},{"damage":14,"enemies":"Lagavulin","floor":14,"turns":5},{"damage":0,"enemies":"The Guardian","floor":16,"turns":11},{"damage":12,"enemies":"Chosen","floor":18,"turns":5},{"damage":27,"enemies":"Gremlin Leader","floor":24,"turns":8},{"damage":11,"enemies":"2 Thieves","floor":27,"turns":4},{"damage":14,"enemies":"Cultist and Chosen","floor":30,"turns":8},{"damage":40,"enemies":"Automaton","floor":33,"turns":10},{"damage":5,"enemies":"3 Shapes","floor":35,"turns":5},{"damage":71,"enemies":"Giant Head","floor":40,"turns":11},{"damage":0,"enemies":"Orb Walker","floor":42,"turns":4},{"damage":2,"enemies":"4 Shapes","floor":44,"turns":7},{"damage":14,"enemies":"Maw","floor":45,"turns":8},{"damage":18,"enemies":"Nemesis","floor":47,"turns":7},{"damage":3,"enemies":"3 Darklings","floor":48,"turns":6},{"damage":60,"enemies":"Time Eater","floor":50,"turns":16}],"event_choices":[{"event_name":"Transmorgrifier","player_choice":"Transform","floor":7,"damage_taken":0},{"event_name":"Accursed Blacksmith","player_choice":"Rummage","floor":11,"damage_taken":0},{"event_name":"Living Wall","player_choice":"Grow","floor":13,"damage_taken":0},{"event_name":"The Library","player_choice":"Read","floor":19,"damage_taken":0},{"event_name":"Vampires","player_choice":"Ignored","floor":21,"damage_taken":0},{"event_name":"Duplicator","player_choice":"One dupe","floor":28,"damage_taken":0},{"event_name":"Drug Dealer","player_choice":"Ignored","floor":29,"damage_taken":0},{"event_name":"SensoryStone","player_choice":"Memory 1","floor":38,"damage_taken":0},{"event_name":"Match and Keep!","player_choice":"1 cards matched","floor":39,"damage_taken":0}],"boss_relics":[{"not_picked":["Ectoplasm","Sozu"],"picked":"Astrolabe"},{"not_picked":["Velvet Choker","Pandora\u0027s Box"],"picked":"Lizard Tail"}],"potions_floor_spawned":[3,4,6,16,18,24,30,33,40,44,47],"seed_played":"6684929967440093429","ascension_level":2,"is_trial":false}