{"gold_per_floor":[112,32,32,32,49,49,77,77,102,102,139,139,13,33,33,47],"floor_reached":16,"playtime":504,"items_purged":[],"score":187,"play_id":"28efb691-03b3-480e-a74b-890862ad3749","local_time":"20190331183722","is_ascension_mode":true,"campfire_choices":[{"floor":6,"key":"REST"},{"floor":8,"key":"REST"},{"floor":12,"key":"REST"},{"floor":15,"key":"REST"}],"neow_cost":"NONE","seed_source_timestamp":941212525544455,"circlet_count":0,"master_deck":["AscendersBane","Strike_B","Strike_B","Strike_B","Defend_B","Defend_B","Defend_B","Defend_B","Zap","Dualcast","Ball Lightning","Crystallizer","Cold Snap","Chill","Rebound","ReplayTheSpireMod:Calculation Training","ReplayTheSpireMod:Uncanny Aura","Coolheaded","Cold Snap"],"relics":["Fusion Hammer","Bag of Preparation","Bandana","Odd Mushroom"],"potions_floor_usage":[5],"damage_taken":[{"damage":4,"enemies":"Small Slimes","floor":1,"turns":4},{"damage":3,"enemies":"2 Louse","floor":5,"turns":2},{"damage":11,"enemies":"Lagavulin","floor":7,"turns":6},{"damage":21,"enemies":"The Mushroom Lair","floor":11,"turns":4},{"damage":3,"enemies":"Jaw Worm","floor":14,"turns":3},{"damage":79,"enemies":"Fading Forest","floor":16,"turns":10}],"seed_played":"-762937600822026842","potions_obtained":[{"floor":1,"key":"Poison Potion"}],"is_trial":false,"path_per_floor":["M","$","?","?","M","R","E","R","T","?","?","R","$","M","R","B"],"character_chosen":"DEFECT","items_purchased":["Crystallizer","ReplayTheSpireMod:Uncanny Aura","Coolheaded"],"campfire_rested":4,"item_purchase_floors":[2,13,13],"current_hp_per_floor":[60,60,60,60,57,71,60,71,71,71,50,71,71,68,71,0],"gold":47,"neow_bonus":"BOSS_RELIC","is_prod":false,"is_daily":false,"chose_seed":false,"campfire_upgraded":0,"win_rate":0,"timestamp":1554075442,"path_taken":["M","$","?","?","M","R","E","R","T","?","?","R","$","M","R","BOSS"],"build_version":"2019-01-23","purchased_purges":0,"victory":false,"max_hp_per_floor":[71,71,71,71,71,71,71,71,71,71,71,71,71,71,71,71],"card_choices":[{"not_picked":["Gash","Steam Power"],"picked":"Ball Lightning","floor":1},{"not_picked":["Reinforced Body","Stack"],"picked":"Cold Snap","floor":5},{"not_picked":["Reboot","Reinforced Body"],"picked":"Chill","floor":7},{"not_picked":["Cold Snap","Stack"],"picked":"ReplayTheSpireMod:Calculation Training","floor":11},{"not_picked":["Static Discharge","Leap"],"picked":"Cold Snap","floor":14}],"player_experience":874383,"relics_obtained":[{"floor":7,"key":"Bag of Preparation"},{"floor":9,"key":"Bandana"},{"floor":11,"key":"Odd Mushroom"}],"event_choices":[{"damage_healed":0,"gold_gain":0,"player_choice":"Ignored","damage_taken":0,"max_hp_gain":0,"max_hp_loss":0,"event_name":"Golden Wing","floor":3,"gold_loss":0},{"damage_healed":0,"gold_gain":0,"player_choice":"Leave","damage_taken":0,"max_hp_gain":0,"max_hp_loss":0,"event_name":"The Cleric","floor":4,"gold_loss":0},{"damage_healed":0,"gold_gain":0,"cards_transformed":["Strike_B"],"player_choice":"Change","damage_taken":0,"max_hp_gain":0,"max_hp_loss":0,"event_name":"Living Wall","floor":10,"gold_loss":0,"cards_obtained":["Rebound"]},{"damage_healed":0,"gold_gain":0,"player_choice":"Fought Mushrooms","damage_taken":0,"max_hp_gain":0,"max_hp_loss":0,"event_name":"Mushrooms","floor":11,"gold_loss":0}],"is_beta":false,"boss_relics":[],"items_purged_floors":[],"is_endless":false,"potions_floor_spawned":[1],"killed_by":"Fading Forest","ascension_level":19}