{"gold_per_floor":[112,125,135,135,155,189,189,154,154,192,208,228,252,327,327,452,452,428,428,28,43,62,62,62],"floor_reached":24,"playtime":1194,"items_purged":[],"score":210,"play_id":"3e771a6d-f429-43ca-bcda-17b35de3c5e0","local_time":"20181124192533","is_ascension_mode":false,"campfire_choices":[{"data":"Thunderclap","floor":7,"key":"SMITH"},{"floor":15,"key":"REST"},{"floor":23,"key":"REST"}],"neow_cost":"NONE","seed_source_timestamp":673366096519046,"circlet_count":0,"master_deck":["Strike_R","Strike_R","Strike_R","Strike_R","Strike_R","Defend_R","Defend_R","Defend_R","Defend_R","Bash","Twin Strike","Shrug It Off","Rampage","Thunderclap+1","Sword Boomerang","Impervious","Inflame","Armaments","Battle Trance","Reaper","Fire Breathing","Sentinel","Pommel Strike","Iron Wave","Thunderclap","Limit Break","Armaments+1"],"relics":["Burning Blood","NeowsBlessing","Golden Idol","Pear","Sundial","Pantograph","Orrery","Shuriken"],"potions_floor_usage":[16,18,22,22,24,24],"damage_taken":[{"damage":0,"enemies":"Jaw Worm","floor":1,"turns":1},{"damage":0,"enemies":"Small Slimes","floor":2,"turns":1},{"damage":0,"enemies":"Cultist","floor":3,"turns":1},{"damage":0,"enemies":"Exordium Wildlife","floor":5,"turns":4},{"damage":27,"enemies":"3 Sentries","floor":6,"turns":9},{"damage":35,"enemies":"Gremlin Nob","floor":10,"turns":5},{"damage":2,"enemies":"Large Slime","floor":11,"turns":6},{"damage":22,"enemies":"Exordium Thugs","floor":12,"turns":5},{"damage":21,"enemies":"3 Louse","floor":13,"turns":4},{"damage":32,"enemies":"The Guardian","floor":16,"turns":13},{"damage":48,"enemies":"2 Thieves","floor":18,"turns":5},{"damage":16,"enemies":"Chosen","floor":21,"turns":6},{"damage":29,"enemies":"Snake Plant","floor":22,"turns":8},{"damage":56,"enemies":"Gremlin Leader","floor":24,"turns":7}],"seed_played":"2373761275002865152","potions_obtained":[{"floor":1,"key":"EssenceOfSteel"},{"floor":10,"key":"SteroidPotion"},{"floor":12,"key":"Block Potion"},{"floor":16,"key":"SteroidPotion"},{"floor":21,"key":"Weak Potion"},{"floor":22,"key":"Block Potion"}],"is_trial":false,"path_per_floor":["M","M","M","?","M","E","R","?","T","E","M","M","M","?","R","B",null,"M","?","$","M","M","R","E"],"character_chosen":"IRONCLAD","items_purchased":["Limit Break","Shuriken"],"campfire_rested":2,"item_purchase_floors":[20,20],"current_hp_per_floor":[80,80,80,74,74,63,63,84,84,55,59,43,28,17,42,41,84,43,43,43,36,19,44,0],"gold":62,"neow_bonus":"THREE_ENEMY_KILL","is_prod":false,"is_daily":false,"chose_seed":false,"campfire_upgraded":1,"win_rate":0.0,"timestamp":1543109133,"path_taken":["M","M","M","?","M","E","R","?","T","E","M","M","M","?","R","BOSS","M","?","$","M","?","R","E"],"build_version":"2018-11-15","purchased_purges":0,"victory":false,"max_hp_per_floor":[80,80,80,74,74,84,84,84,84,84,84,84,84,84,84,84,84,84,84,84,84,84,84,84],"card_choices":[{"not_picked":["Bloodletting","Warcry"],"picked":"Twin Strike","floor":1},{"not_picked":["Ghostly Armor","Feel No Pain"],"picked":"Shrug It Off","floor":2},{"not_picked":["Thunderclap","Burning Pact"],"picked":"Rampage","floor":3},{"not_picked":["Iron Wave","Ghostly Armor"],"picked":"Thunderclap","floor":5},{"not_picked":["Second Wind","Headbutt"],"picked":"Sword Boomerang","floor":6},{"not_picked":["Sever Soul","Twin Strike"],"picked":"Impervious","floor":10},{"not_picked":["Entrench","Infernal Blade"],"picked":"Inflame","floor":11},{"not_picked":["Warcry","Seeing Red"],"picked":"Armaments","floor":12},{"not_picked":["Shrug It Off","Wild Strike"],"picked":"Battle Trance","floor":13},{"not_picked":["Fiend Fire","Exhume"],"picked":"Reaper","floor":16},{"not_picked":["Combust","Body Slam"],"picked":"Fire Breathing","floor":17},{"not_picked":["Body Slam","Reaper"],"picked":"Sentinel","floor":17},{"not_picked":["Twin Strike","Infernal Blade"],"picked":"Pommel Strike","floor":17},{"not_picked":["Sword Boomerang","Perfected Strike"],"picked":"Iron Wave","floor":17},{"not_picked":["Feel No Pain","Heavy Blade"],"picked":"Thunderclap","floor":18},{"not_picked":["Entrench","Reckless Charge"],"picked":"Armaments+1","floor":21},{"not_picked":["Headbutt+1","Carnage+1","True Grit"],"picked":"SKIP","floor":22}],"player_experience":29649,"relics_obtained":[{"floor":6,"key":"Pear"},{"floor":9,"key":"Sundial"},{"floor":10,"key":"Pantograph"}],"event_choices":[{"damage_healed":0,"gold_gain":0,"player_choice":"Lose Max HP","damage_taken":0,"relics_obtained":["Golden Idol"],"max_hp_gain":0,"max_hp_loss":6,"event_name":"Golden Idol","floor":4,"gold_loss":0},{"damage_healed":21,"gold_gain":0,"player_choice":"Healed","damage_taken":0,"max_hp_gain":0,"max_hp_loss":0,"event_name":"The Cleric","floor":8,"gold_loss":35},{"damage_healed":0,"gold_gain":75,"player_choice":"Gather Gold","damage_taken":11,"max_hp_gain":0,"max_hp_loss":0,"event_name":"World of Goop","floor":14,"gold_loss":0},{"damage_healed":0,"gold_gain":0,"player_choice":"Leave","damage_taken":0,"max_hp_gain":0,"max_hp_loss":0,"event_name":"FaceTrader","floor":19,"gold_loss":0}],"is_beta":false,"boss_relics":[{"not_picked":["Snecko Eye","Tiny House"],"picked":"Orrery"}],"items_purged_floors":[],"is_endless":false,"potions_floor_spawned":[1,10,12,13,16,21,22],"killed_by":"Gremlin Leader","ascension_level":0}