{"gold_per_floor":[111,128,128,128,139,170,170,200,200,45,75,88,88,140,140,236,236,161,37,50,50,69,69,97,114,114,114,114,114,126,145,145],"floor_reached":32,"playtime":7066,"items_purged":["Bloodletting+1"],"score":268,"play_id":"8c987c0f-b03d-49e2-afef-3a3183ae6bac","local_time":"20190221190247","is_ascension_mode":false,"campfire_choices":[{"data":"Disarm","floor":7.0,"key":"SMITH"},{"data":"Bloodletting","floor":13.0,"key":"SMITH"},{"floor":15.0,"key":"REST"},{"data":"Heavy Blade","floor":23.0,"key":"SMITH"},{"data":"Intimidate","floor":28.0,"key":"SMITH"}],"neow_cost":"NONE","seed_source_timestamp":0,"circlet_count":0,"master_deck":["Strike_R+1","Strike_R+1","Strike_R+1","Strike_R+1","Strike_R+1","Defend_R+1","Defend_R+1","Defend_R+1","Defend_R+1","Disarm+1","Heavy Blade","Pummel","Intimidate+1","Berserk","Shrug It Off","Clash","Heavy Blade+1","Pummel+1","Clash+1"],"special_seed":0,"relics":["Burning Blood","NeowsBlessing","Bag of Marbles","Bottled Lightning","Meat on the Bone","Strawberry","Red Skull","Eternal Feather","Paper Frog","The Courier"],"potions_floor_usage":[],"damage_taken":[{"damage":0.0,"enemies":"Small Slimes","floor":1.0,"turns":1.0},{"damage":0.0,"enemies":"Jaw Worm","floor":2.0,"turns":1.0},{"damage":0.0,"enemies":"2 Louse","floor":5.0,"turns":1.0},{"damage":37.0,"enemies":"Lagavulin","floor":6.0,"turns":8.0},{"damage":35.0,"enemies":"Gremlin Nob","floor":8.0,"turns":6.0},{"damage":7.0,"enemies":"Large Slime","floor":12.0,"turns":4.0},{"damage":61.0,"enemies":"The Guardian","floor":16.0,"turns":18.0},{"damage":42.0,"enemies":"2 Thieves","floor":18.0,"turns":5.0},{"damage":38.0,"enemies":"3 Byrds","floor":20.0,"turns":8.0},{"damage":0.0,"enemies":"3 Cultists","floor":22.0,"turns":5.0},{"damage":56.0,"enemies":"Gremlin Leader","floor":24.0,"turns":7.0},{"damage":16.0,"enemies":"Shelled Parasite and Fungi","floor":25.0,"turns":4.0},{"damage":7.0,"enemies":"Cultist and Chosen","floor":30.0,"turns":4.0},{"damage":0.0,"enemies":"Snecko","floor":31.0,"turns":3.0}],"seed_played":"6939610843566355028","potions_obtained":[{"floor":2.0,"key":"Fire Potion"},{"floor":20.0,"key":"Swift Potion"},{"floor":24.0,"key":"Energy Potion"},{"floor":25.0,"key":"SkillPotion"},{"floor":29.0,"key":"FairyPotion"},{"floor":29.0,"key":"Dexterity Potion"}],"is_trial":false,"path_per_floor":["M","M","?","?","M","E","R","E","T","$","?","M","R","?","R","B",null,"M","$","M","?","M","R","E","M","T","?","R","?","M","M","R"],"character_chosen":"IRONCLAD","items_purchased":["Red Skull","SteroidPotion"],"campfire_rested":1,"item_purchase_floors":[10,19],"current_hp_per_floor":[80,80,73,73,79,48,48,19,26,26,26,37,37,37,63,20,87,51,51,31,31,49,58,20,22,22,22,31,31,42,60,69],"gold":145,"neow_bonus":"THREE_ENEMY_KILL","is_prod":false,"is_daily":false,"chose_seed":false,"campfire_upgraded":4,"win_rate":0,"timestamp":1550804567,"path_taken":["M","M","?","?","M","E","R","E","T","$","?","?","R","?","R","BOSS","M","$","M","?","M","R","E","M","T","?","R","?","M","?","R"],"build_version":"2019-01-23","purchased_purges":1,"victory":false,"max_hp_per_floor":[80,80,80,80,80,80,80,80,87,87,87,87,87,87,87,87,87,87,87,87,87,87,87,87,87,87,87,87,87,87,87,87],"card_choices":[{"not_picked":["Armaments","Uppercut"],"picked":"Disarm","floor":1.0},{"not_picked":["Clothesline","Uppercut","Body Slam"],"picked":"SKIP","floor":2.0},{"not_picked":["Shrug It Off","Wild Strike"],"picked":"Heavy Blade","floor":5.0},{"not_picked":["Perfected Strike","Blood for Blood"],"picked":"Pummel","floor":6.0},{"not_picked":["Heavy Blade","Blood for Blood"],"picked":"Intimidate","floor":8.0},{"not_picked":["Headbutt","Power Through"],"picked":"Bloodletting","floor":12.0},{"not_picked":["Feed","Exhume"],"picked":"Berserk","floor":16.0},{"not_picked":["Feel No Pain","Clash"],"picked":"Shrug It Off","floor":18.0},{"not_picked":["Corruption","Warcry+1"],"picked":"Clash","floor":20.0},{"not_picked":["Iron Wave+1","Clothesline"],"picked":"Heavy Blade","floor":22.0},{"not_picked":["Wild Strike","Exhume"],"picked":"Pummel+1","floor":24.0},{"not_picked":["Thunderclap","Perfected Strike","Headbutt"],"picked":"SKIP","floor":25.0},{"not_picked":["Sword Boomerang","Rage","Cleave"],"picked":"SKIP","floor":30.0},{"not_picked":["Dual Wield+1","Thunderclap"],"picked":"Clash+1","floor":31.0}],"player_experience":138512,"relics_obtained":[{"floor":6.0,"key":"Bottled Lightning"},{"floor":8.0,"key":"Meat on the Bone"},{"floor":9.0,"key":"Strawberry"},{"floor":24.0,"key":"Paper Frog"},{"floor":26.0,"key":"The Courier"}],"event_choices":[{"damage_healed":0.0,"max_hp_gain":0.0,"max_hp_loss":0.0,"gold_gain":0.0,"event_name":"Scrap Ooze","player_choice":"Success","floor":3.0,"gold_loss":0.0,"damage_taken":7.0,"relics_obtained":["Bag of Marbles"]},{"cards_removed":["Bash"],"damage_healed":0.0,"max_hp_gain":0.0,"max_hp_loss":0.0,"gold_gain":0.0,"event_name":"Living Wall","player_choice":"Forget","floor":4.0,"gold_loss":0.0,"damage_taken":0.0},{"damage_healed":0.0,"max_hp_gain":0.0,"max_hp_loss":0.0,"gold_gain":30.0,"event_name":"Dead Adventurer","player_choice":"Searched \u00271\u0027 times","floor":11.0,"gold_loss":0.0,"damage_taken":0.0},{"damage_healed":0.0,"max_hp_gain":0.0,"max_hp_loss":0.0,"gold_gain":52.0,"event_name":"Golden Wing","player_choice":"Gained Gold","floor":14.0,"gold_loss":0.0,"damage_taken":0.0},{"damage_healed":0.0,"max_hp_gain":0.0,"max_hp_loss":0.0,"gold_gain":0.0,"event_name":"Back to Basics","player_choice":"Simplicity","floor":21.0,"gold_loss":0.0,"damage_taken":0.0,"cards_upgraded":["Strike_R","Strike_R","Strike_R","Strike_R","Strike_R","Defend_R","Defend_R","Defend_R","Defend_R"]},{"damage_healed":0.0,"max_hp_gain":0.0,"max_hp_loss":0.0,"gold_gain":0.0,"event_name":"Ghosts","player_choice":"Ignored","floor":27.0,"gold_loss":0.0,"damage_taken":0.0},{"damage_healed":0.0,"max_hp_gain":0.0,"max_hp_loss":0.0,"gold_gain":0.0,"event_name":"Lab","player_choice":"Got Potions","floor":29.0,"gold_loss":0.0,"damage_taken":0.0}],"is_beta":false,"boss_relics":[{"not_picked":["Ectoplasm","Black Star"],"picked":"Eternal Feather"}],"items_purged_floors":[19],"is_endless":false,"potions_floor_spawned":[2,20,24,25],"ascension_level":0}