{"gold_per_floor":[111,111,129,13,31,66,66,78,132,144,156],"floor_reached":11,"playtime":241,"items_purged":[],"score":95,"play_id":"9fa3ee1a-0142-450d-92f9-376da4f7c788","local_time":"20190210014501","is_ascension_mode":true,"campfire_choices":[{"floor":10,"key":"REST"}],"neow_cost":"NONE","seed_source_timestamp":388263969780140,"circlet_count":0,"master_deck":["Strike_B","Strike_B","Strike_B","Strike_B","Defend_B","Defend_B","Defend_B","Defend_B","Zap","Dualcast","Ball Lightning","Pain","Gash","Scrape","Leap","Loop","Steam","Hologram"],"relics":["Philosopher\u0027s Stone","WarpedTongs","Pear","MawBank"],"potions_floor_usage":[],"damage_taken":[{"damage":0,"enemies":"2 Louse","floor":1,"turns":2},{"damage":5,"enemies":"Cultist","floor":3,"turns":3},{"damage":6,"enemies":"Jaw Worm","floor":5,"turns":3},{"damage":31,"enemies":"Lagavulin","floor":6,"turns":5},{"damage":7,"enemies":"Blue Slaver","floor":8,"turns":2},{"damage":4,"enemies":"3 Sentries","floor":11,"turns":1}],"seed_played":"-1080593778552407880","potions_obtained":[{"floor":3,"key":"Ancient Potion"},{"floor":5,"key":"FearPotion"}],"is_trial":false,"path_per_floor":["M","?","M","$","M","E","$","M","T","R","E"],"character_chosen":"DEFECT","items_purchased":["Scrape","Leap"],"campfire_rested":1,"item_purchase_floors":[4,4],"current_hp_per_floor":[68,68,63,63,57,36,36,29,29,54,50],"gold":156,"neow_bonus":"BOSS_RELIC","is_prod":false,"is_daily":false,"chose_seed":false,"campfire_upgraded":0,"win_rate":0,"timestamp":1549784701,"path_taken":["M","?","?","$","M","E","$","M","T","R","E"],"build_version":"2019-01-23","purchased_purges":0,"victory":false,"max_hp_per_floor":[75,75,75,75,75,85,85,85,85,85,85],"card_choices":[{"not_picked":["Compile Driver","Go for the Eyes"],"picked":"Ball Lightning","floor":1},{"not_picked":["Hello World","Force Field"],"picked":"Gash","floor":3},{"not_picked":["Chaos","Sweeping Beam"],"picked":"Loop","floor":5},{"not_picked":["Reinforced Body","Auto Shields"],"picked":"Steam","floor":6},{"not_picked":["Sunder","Static Discharge"],"picked":"Hologram","floor":8}],"player_experience":470608,"relics_obtained":[{"floor":6,"key":"Pear"},{"floor":9,"key":"MawBank"}],"event_choices":[{"damage_healed":0,"gold_gain":0,"player_choice":"Rummage","damage_taken":0,"relics_obtained":["WarpedTongs"],"max_hp_gain":0,"max_hp_loss":0,"event_name":"Accursed Blacksmith","floor":2,"gold_loss":0,"cards_obtained":["Pain"]}],"is_beta":false,"boss_relics":[],"items_purged_floors":[],"is_endless":false,"potions_floor_spawned":[3,5],"killed_by":"3 Sentries","ascension_level":6}