{"gold_per_floor":[113,130,130,150,163,163,178,213,240,315,156,156,156,156,156,233,283,293,47,57,72,86,86,86],"floor_reached":24,"playtime":34422,"items_purged":["Doubt"],"score":395,"play_id":"2862dad8-d7ba-4409-97ec-7c48badcea65","local_time":"20190321215738","is_ascension_mode":true,"campfire_choices":[{"data":"Hello World","floor":6.0,"key":"SMITH"},{"floor":12.0,"key":"REST"},{"data":"Storm","floor":15.0,"key":"SMITH"},{"floor":23.0,"key":"REST"}],"neow_cost":"CURSE","seed_source_timestamp":55274678226868,"circlet_count":0,"master_deck":["AscendersBane","Strike_B+1","Strike_B","Strike_B","Strike_B","Defend_B","Defend_B","Defend_B","Defend_B","Zap+1","Dualcast","Conserve Battery","Hello World+1","Cold Snap","Melter","Storm+1","Buffer","Creative AI","Redo","Loop","Hello World","Static Discharge","Leap"],"special_seed":0,"relics":["Cracked Core","Bird Faced Urn","Peace Pipe","Centennial Puzzle","Tiny House","Potion Belt"],"potions_floor_usage":[24],"damage_taken":[{"damage":1.0,"enemies":"2 Louse","floor":1.0,"turns":3.0},{"damage":0.0,"enemies":"Cultist","floor":2.0,"turns":3.0},{"damage":2.0,"enemies":"Jaw Worm","floor":4.0,"turns":5.0},{"damage":0.0,"enemies":"Exordium Wildlife","floor":5.0,"turns":2.0},{"damage":10.0,"enemies":"Looter","floor":7.0,"turns":3.0},{"damage":29.0,"enemies":"Lagavulin","floor":8.0,"turns":6.0},{"damage":0.0,"enemies":"Gremlin Nob","floor":13.0,"turns":2.0},{"damage":46.0,"enemies":"The Guardian","floor":16.0,"turns":16.0},{"damage":0.0,"enemies":"Spheric Guardian","floor":18.0,"turns":3.0},{"damage":16.0,"enemies":"Chosen","floor":20.0,"turns":5.0},{"damage":20.0,"enemies":"Snake Plant","floor":21.0,"turns":4.0},{"damage":59.0,"enemies":"Shelled Parasite and Fungi","floor":22.0,"turns":5.0},{"damage":47,"enemies":"Gremlin Leader","floor":24,"turns":5}],"seed_played":"-2935683046649434785","potions_obtained":[{"floor":1.0,"key":"Explosive Potion"},{"floor":4.0,"key":"SmokeBomb"},{"floor":5.0,"key":"Ancient Potion"},{"floor":17.0,"key":"Strength Potion"},{"floor":22.0,"key":"SkillPotion"}],"is_trial":false,"path_per_floor":["M","M","?","M","M","R","M","E","T","?","$","R","E","?","R","B",null,"M","$","M","M","M","R","E"],"character_chosen":"DEFECT","items_purchased":["Buffer","Hello World","Potion Belt"],"campfire_rested":2,"item_purchase_floors":[11,19,19],"current_hp_per_floor":[63,63,63,63,65,65,57,30,30,19,19,40,44,67,67,25,65,71,71,68,56,5,27,0],"gold":86,"neow_bonus":"ONE_RARE_RELIC","is_prod":false,"is_daily":false,"chose_seed":false,"campfire_upgraded":2,"win_rate":0,"timestamp":1553223458,"path_taken":["M","M","?","?","M","R","M","E","T","?","?","R","E","?","R","BOSS","M","$","M","M","M","R","E"],"build_version":"2019-01-23","purchased_purges":1,"victory":false,"max_hp_per_floor":[71,71,71,71,71,71,71,71,71,71,71,71,71,71,71,71,76,76,76,76,76,76,76,76],"card_choices":[{"not_picked":["Go for the Eyes","Ball Lightning"],"picked":"Conserve Battery","floor":1.0},{"not_picked":["Turbo","Sweeping Beam"],"picked":"Hello World","floor":2.0},{"not_picked":["Go for the Eyes","Force Field","Steam"],"picked":"SKIP","floor":4.0},{"not_picked":["Barrage","Beam Cell"],"picked":"Cold Snap","floor":5.0},{"not_picked":["Go for the Eyes","Redo"],"picked":"Melter","floor":7.0},{"not_picked":["Auto Shields","Streamline"],"picked":"Storm","floor":8.0},{"not_picked":["Electrodynamics","Multi-Cast"],"picked":"Creative AI","floor":16.0},{"not_picked":["Turbo","Fusion"],"picked":"Redo","floor":17.0},{"not_picked":["Gash","Double Energy"],"picked":"Loop","floor":18.0},{"not_picked":["Steam","Skim+1"],"picked":"Static Discharge","floor":20.0},{"not_picked":["Cold Snap+1","Stack"],"picked":"Leap","floor":21.0},{"not_picked":["Barrage","Gash","Hologram"],"picked":"SKIP","floor":22.0}],"player_experience":778363,"relics_obtained":[{"floor":8.0,"key":"Peace Pipe"},{"floor":9.0,"key":"Centennial Puzzle"}],"event_choices":[{"damage_healed":0.0,"max_hp_gain":0.0,"max_hp_loss":0.0,"gold_gain":0.0,"event_name":"Upgrade Shrine","player_choice":"Upgraded","floor":3.0,"gold_loss":0.0,"damage_taken":0.0,"cards_upgraded":["Zap"]},{"damage_healed":0.0,"max_hp_gain":0.0,"max_hp_loss":0.0,"gold_gain":75.0,"event_name":"World of Goop","player_choice":"Gather Gold","floor":10.0,"gold_loss":0.0,"damage_taken":11.0},{"damage_healed":23.0,"max_hp_gain":0.0,"max_hp_loss":0.0,"gold_gain":0.0,"event_name":"Big Fish","player_choice":"Banana","floor":14.0,"gold_loss":0.0,"damage_taken":0.0}],"is_beta":false,"boss_relics":[{"not_picked":["Coffee Dripper","Ectoplasm"],"picked":"Tiny House"}],"items_purged_floors":[11],"is_endless":false,"potions_floor_spawned":[1,4,5,13,18,22],"killed_by":"Gremlin Leader","ascension_level":18}