{"gold_per_floor":[113,113,188,113,125,125,156,156,180,202,222,222,257,275,275,372,372,385,385,385,42,42,76,76,107,107,107,124,124,144,171,183,195],"floor_reached":33,"playtime":1428,"items_purged":["Regret"],"score":442,"play_id":"21bb7db6-0f37-42ff-9ad3-5ce74f6a71fa","local_time":"20181105220136","is_ascension_mode":true,"campfire_choices":[{"data":"Cloak And Dagger","floor":6,"key":"SMITH"},{"data":"Backflip","floor":8,"key":"SMITH"},{"floor":12,"key":"REST"},{"data":"Glass Knife","floor":15,"key":"SMITH"},{"data":"Infinite Blades","floor":24,"key":"SMITH"},{"data":"Calculated Gamble","floor":29,"key":"SMITH"},{"data":"Blade Dance","floor":32,"key":"SMITH"}],"neow_cost":"NONE","seed_source_timestamp":329478167885386,"circlet_count":0,"master_deck":["Defend_G+1","Defend_G+1","Defend_G+1","Defend_G+1","Defend_G+1","Strike_G+1","Strike_G+1","Strike_G+1","Strike_G+1","Strike_G+1","Survivor","Neutralize","Escape Plan","Cloak And Dagger+1","Backflip+1","Dodge and Roll","Prepared","Glass Knife+1","Bane","Glass Knife+1","Backflip","RitualDagger+1","Expertise","Infinite Blades+1","Deadly Poison","Calculated Gamble+1","Blade Dance","Bandage Up","Blade Dance+1","Dodge and Roll"],"relics":["Ring of the Snake","NeowsBlessing","Shuriken","PreservedInsect","Lantern","Odd Mushroom","FossilizedHelix","Sozu","Whetstone","Bronze Scales","Bag of Preparation","Omamori","Blue Candle","MawBank"],"potions_floor_usage":[10,10,18,28],"damage_taken":[{"damage":0,"enemies":"2 Louse","floor":1,"turns":1},{"damage":0,"enemies":"Jaw Worm","floor":5,"turns":1},{"damage":0,"enemies":"3 Sentries","floor":7,"turns":1},{"damage":16,"enemies":"The Mushroom Lair","floor":10,"turns":4},{"damage":8,"enemies":"Small Slimes","floor":11,"turns":5},{"damage":7,"enemies":"Lagavulin","floor":13,"turns":6},{"damage":0,"enemies":"3 Louse","floor":14,"turns":4},{"damage":33,"enemies":"Slime Boss","floor":16,"turns":12},{"damage":7,"enemies":"3 Byrds","floor":18,"turns":4},{"damage":0,"enemies":"Slavers","floor":23,"turns":4},{"damage":0,"enemies":"Gremlin Leader","floor":25,"turns":3},{"damage":0,"enemies":"Shell Parasite","floor":28,"turns":2},{"damage":0,"enemies":"Centurion and Healer","floor":30,"turns":4},{"damage":7,"enemies":"Book of Stabbing","floor":31,"turns":4},{"damage":68,"enemies":"Automaton","floor":33,"turns":6}],"seed_played":"8497504682984157424","potions_obtained":[{"floor":1,"key":"Energy Potion"},{"floor":5,"key":"Poison Potion"},{"floor":7,"key":"LiquidBronze"},{"floor":16,"key":"LiquidBronze"}],"is_trial":false,"path_per_floor":["M","?","?","$","M","R","E","R","T","?","M","R","E","M","R","B",null,"M","?","?","$","?","E","R","E","T","?","M","R","M","E","R","B"],"character_chosen":"THE_SILENT","items_purchased":["Whetstone","Bronze Scales","Expertise"],"campfire_rested":1,"item_purchase_floors":[21,21,21],"current_hp_per_floor":[70,70,59,59,59,59,59,59,59,43,35,56,49,49,49,16,70,63,63,57,57,57,57,57,57,57,57,57,57,61,58,58,0],"gold":195,"neow_bonus":"THREE_ENEMY_KILL","is_prod":false,"is_daily":false,"chose_seed":false,"campfire_upgraded":6,"win_rate":0,"timestamp":1541476896,"path_taken":["M","?","?","?","M","R","E","R","T","?","M","R","E","M","R","BOSS","M","?","?","$","?","E","R","E","T","?","?","R","M","E","R","BOSS"],"build_version":"2018-11-01","purchased_purges":1,"victory":false,"max_hp_per_floor":[70,70,70,70,70,70,70,70,70,70,70,70,70,70,70,70,70,70,70,70,70,70,70,70,70,70,70,70,70,70,70,70,70],"card_choices":[{"not_picked":["Slice","Endless Agony"],"picked":"Escape Plan","floor":1},{"not_picked":["Sucker Punch","Deadly Poison"],"picked":"Cloak And Dagger","floor":5},{"not_picked":["Deflect","Backstab"],"picked":"Backflip","floor":7},{"not_picked":["Burst","Acrobatics"],"picked":"Dodge and Roll","floor":10},{"not_picked":["Bane","Tactician"],"picked":"Prepared","floor":11},{"not_picked":["Underhanded Strike","Escape Plan"],"picked":"Glass Knife","floor":13},{"not_picked":["Terror","Accuracy"],"picked":"Bane","floor":14},{"not_picked":["Die Die Die","Grand Finale"],"picked":"Glass Knife","floor":16},{"not_picked":["Underhanded Strike","Concentrate"],"picked":"Backflip","floor":18},{"not_picked":["PiercingWail","Slice"],"picked":"Deadly Poison","floor":23},{"not_picked":["Venomology","Prepared"],"picked":"Calculated Gamble","floor":25},{"not_picked":["Cloak And Dagger","Finisher"],"picked":"Blade Dance","floor":28},{"not_picked":["PiercingWail","Poisoned Stab","Quick Slash"],"picked":"SKIP","floor":30},{"not_picked":["Underhanded Strike","Deflect+1"],"picked":"Dodge and Roll","floor":31}],"player_experience":321018,"relics_obtained":[{"floor":7,"key":"PreservedInsect"},{"floor":9,"key":"Lantern"},{"floor":10,"key":"Odd Mushroom"},{"floor":13,"key":"FossilizedHelix"},{"floor":23,"key":"Bag of Preparation"},{"floor":25,"key":"Omamori"},{"floor":26,"key":"Blue Candle"},{"floor":31,"key":"MawBank"}],"event_choices":[{"damage_healed":0,"gold_gain":0,"player_choice":"Box","damage_taken":0,"relics_obtained":["Shuriken"],"max_hp_gain":0,"max_hp_loss":0,"event_name":"Big Fish","floor":2,"gold_loss":0,"cards_obtained":["Regret"]},{"damage_healed":0,"gold_gain":75,"player_choice":"Gather Gold","damage_taken":11,"max_hp_gain":0,"max_hp_loss":0,"event_name":"World of Goop","floor":3,"gold_loss":0},{"damage_healed":0,"gold_gain":0,"player_choice":"Fought Mushrooms","damage_taken":0,"max_hp_gain":0,"max_hp_loss":0,"event_name":"Mushrooms","floor":10,"gold_loss":0},{"damage_healed":0,"gold_gain":0,"player_choice":"Simplicity","damage_taken":0,"max_hp_gain":0,"max_hp_loss":0,"event_name":"Back to Basics","floor":19,"gold_loss":0,"cards_upgraded":["Defend_G","Defend_G","Defend_G","Defend_G","Defend_G","Strike_G","Strike_G","Strike_G","Strike_G","Strike_G"]},{"damage_healed":0,"gold_gain":0,"player_choice":"Joined the Cult","damage_taken":6,"max_hp_gain":0,"max_hp_loss":0,"event_name":"Nest","floor":20,"gold_loss":0,"cards_obtained":["RitualDagger"]},{"damage_healed":0,"gold_gain":0,"player_choice":"Read","damage_taken":0,"max_hp_gain":0,"max_hp_loss":0,"event_name":"The Library","floor":22,"gold_loss":0,"cards_obtained":["Infinite Blades"]},{"damage_healed":0,"gold_gain":0,"player_choice":"2 cards matched","damage_taken":0,"max_hp_gain":0,"max_hp_loss":0,"event_name":"Match and Keep!","floor":27,"gold_loss":0,"cards_obtained":["Blade Dance","Bandage Up"]}],"is_beta":false,"boss_relics":[{"not_picked":["Eternal Feather","Coffee Dripper"],"picked":"Sozu"}],"items_purged_floors":[4],"is_endless":false,"potions_floor_spawned":[1,5,7,16,25,28,31],"killed_by":"Automaton","ascension_level":3}