{"gold_per_floor":[11,11,22,22,38,38,52,70,70,105,121,121,23,51,51,147,147,160,160,174,20,40,40],"floor_reached":23,"playtime":968,"items_purged":["Defend_R"],"score":203,"play_id":"e707e3e4-5b9d-40ea-800a-5040fe6dcdd6","local_time":"20181122060052","is_ascension_mode":false,"campfire_choices":[{"data":"Bash","floor":6,"key":"SMITH"},{"data":"Anger","floor":15,"key":"SMITH"}],"neow_cost":"NO_GOLD","seed_source_timestamp":165309638462099,"circlet_count":0,"master_deck":["Strike_R","Strike_R","Defend_R","Defend_R","Defend_R","Bash+1","Anger+1","Shrug It Off","Reaper","Uppercut","Offering","Discovery","Juggernaut","Combust+1","Rupture","Iron Wave+1"],"relics":["Burning Blood","GremlinMask","Omamori","Centennial Puzzle","Singing Bowl","Runic Cube"],"potions_floor_usage":[10,14,16,20],"damage_taken":[{"damage":7,"enemies":"Small Slimes","floor":1,"turns":4},{"damage":1,"enemies":"Cultist","floor":3,"turns":3},{"damage":6,"enemies":"Jaw Worm","floor":5,"turns":3},{"damage":26,"enemies":"Lots of Slimes","floor":7,"turns":5},{"damage":14,"enemies":"Blue Slaver","floor":8,"turns":3},{"damage":14,"enemies":"3 Sentries","floor":10,"turns":8},{"damage":6,"enemies":"2 Fungi Beasts","floor":11,"turns":4},{"damage":17,"enemies":"Lagavulin","floor":14,"turns":4},{"damage":52,"enemies":"Slime Boss","floor":16,"turns":12},{"damage":16,"enemies":"Shell Parasite","floor":18,"turns":4},{"damage":34,"enemies":"2 Thieves","floor":20,"turns":3},{"damage":26,"enemies":"Chosen and Byrds","floor":22,"turns":5},{"damage":44,"enemies":"Gremlin Leader","floor":23,"turns":4}],"seed_played":"6288289063428973976","potions_obtained":[{"floor":1,"key":"SkillPotion"},{"floor":2,"key":"SteroidPotion"},{"floor":2,"key":"Block Potion"},{"floor":2,"key":"Fire Potion"},{"floor":10,"key":"SkillPotion"},{"floor":16,"key":"Dexterity Potion"}],"is_trial":false,"path_per_floor":["M","?","M","?","M","R","M","M","T","E","M","?","$","E","R","B",null,"M","?","M","$","M","E"],"character_chosen":"IRONCLAD","items_purchased":["Discovery","Rupture"],"campfire_rested":0,"item_purchase_floors":[13,21],"current_hp_per_floor":[79,79,80,80,80,80,72,67,67,59,59,59,59,56,56,22,82,72,72,54,54,41,0],"gold":40,"neow_bonus":"REMOVE_TWO","is_prod":false,"is_daily":false,"chose_seed":false,"campfire_upgraded":2,"win_rate":0.0,"timestamp":1542862852,"path_taken":["M","?","?","?","M","R","M","?","T","E","M","?","$","E","R","BOSS","M","?","M","$","?","E"],"build_version":"2018-11-15","purchased_purges":1,"victory":false,"max_hp_per_floor":[80,80,80,80,80,80,80,80,80,80,80,80,80,82,82,82,82,82,82,84,84,84,84],"card_choices":[{"not_picked":["Entrench","Second Wind"],"picked":"Anger","floor":1},{"not_picked":["Headbutt","Thunderclap"],"picked":"Shrug It Off","floor":3},{"not_picked":["Iron Wave","Headbutt"],"picked":"Reaper","floor":5},{"not_picked":["Wild Strike","Body Slam","Sword Boomerang"],"picked":"SKIP","floor":7},{"not_picked":["Havoc","Headbutt"],"picked":"Uppercut","floor":8},{"not_picked":["Havoc","Feel No Pain","Rage"],"picked":"SKIP","floor":10},{"not_picked":["Cleave","Flame Barrier"],"picked":"Offering","floor":11},{"not_picked":["Clothesline","Wild Strike","Evolve"],"picked":"Singing Bowl","floor":14},{"not_picked":["Dark Embrace","Impervious"],"picked":"Juggernaut","floor":16},{"not_picked":["Hemokinesis","Clash"],"picked":"Combust+1","floor":18},{"not_picked":["Carnage","Second Wind","Heavy Blade"],"picked":"Singing Bowl","floor":20},{"not_picked":["Body Slam","Hemokinesis"],"picked":"Iron Wave+1","floor":22}],"player_experience":161666,"relics_obtained":[{"floor":9,"key":"Omamori"},{"floor":10,"key":"Centennial Puzzle"},{"floor":14,"key":"Singing Bowl"}],"event_choices":[{"damage_healed":0,"gold_gain":0,"player_choice":"Got Potions","damage_taken":0,"max_hp_gain":0,"max_hp_loss":0,"event_name":"Lab","floor":2,"gold_loss":0},{"damage_healed":0,"gold_gain":0,"player_choice":"Trade","damage_taken":0,"relics_obtained":["GremlinMask"],"max_hp_gain":0,"max_hp_loss":0,"event_name":"FaceTrader","floor":4,"gold_loss":0},{"cards_removed":["Strike_R"],"damage_healed":0,"gold_gain":0,"player_choice":"Forget","damage_taken":0,"max_hp_gain":0,"max_hp_loss":0,"event_name":"Living Wall","floor":12,"gold_loss":0},{"damage_healed":0,"gold_gain":0,"player_choice":"Ignored","damage_taken":0,"max_hp_gain":0,"max_hp_loss":0,"event_name":"NoteForYourself","floor":19,"gold_loss":0}],"is_beta":false,"boss_relics":[{"not_picked":["Astrolabe","Mark of Pain"],"picked":"Runic Cube"}],"items_purged_floors":[21],"is_endless":false,"potions_floor_spawned":[1,8,10,16],"killed_by":"Gremlin Leader","ascension_level":0}