{"path_per_floor":["M","M","?","M","M","R","E","$","T","E","M","R","M","$","R","B",null,"M","M"],"character_chosen":"DEFECT","items_purchased":["Orichalcum"],"gold_per_floor":[111,125,125,142,156,156,184,109,109,136,148,148,159,9,9,107,107,120,135,135],"floor_reached":20,"campfire_rested":1,"playtime":826,"current_hp_per_floor":[74,62,59,59,57,75,82,82,82,79,77,77,70,70,70,43,82,22,20,0],"items_purged":["Strike_B"],"gold":135,"score":243,"play_id":"1fa7ce08-8002-4c09-a1e9-74fb2b2f47ef","local_time":"20180518041127","is_prod":false,"is_daily":false,"chose_seed":false,"is_ascension_mode":true,"campfire_upgraded":2,"timestamp":1526609487,"campfire_choices":[{"floor":6,"key":"REST"},{"data":"Zap","floor":12,"key":"SMITH"},{"data":"Electrodynamics","floor":15,"key":"SMITH"}],"path_taken":["M","?","?","M","M","R","E","$","T","E","M","R","M","$","R","BOSS","M","M","?"],"build_version":"2018-05-17","seed_source_timestamp":1100526614306659,"purchased_purges":1,"victory":false,"master_deck":["Strike_B","Strike_B","Strike_B","Defend_B","Defend_B","Defend_B","Defend_B","Zap+1","Dualcast","Streamline","Leap","Chill","Coolheaded","Streamline","Seek","Electrodynamics+1","Thunder Strike","Go for the Eyes+1","Reinforced Body"],"max_hp_per_floor":[75,75,75,75,75,75,82,82,82,82,82,82,82,82,82,82,82,82,82,82],"relics":["Cracked Core","Strawberry","Toolbox","Bird Faced Urn","Orichalcum","Inserter"],"card_choices":[{"not_picked":["Cold Snap","Stack"],"picked":"Streamline","floor":1},{"not_picked":["Hologram","Darkness"],"picked":"Leap","floor":2},{"not_picked":["Darkness","Fusion"],"picked":"Chill","floor":4},{"not_picked":["Beam Cell","Ball Lightning"],"picked":"Coolheaded","floor":5},{"not_picked":["Hello World","Conserve Battery"],"picked":"Streamline","floor":7},{"not_picked":["Skim","Stack"],"picked":"Seek","floor":10},{"not_picked":["Aggregate","Beam Cell","Streamline"],"picked":"SKIP","floor":11},{"not_picked":["Heatsinks","Coolheaded"],"picked":"Electrodynamics","floor":13},{"not_picked":["Amplify","Creative AI"],"picked":"Thunder Strike","floor":16},{"not_picked":["Barrage","Turbo"],"picked":"Go for the Eyes+1","floor":18},{"not_picked":["Reprogram","Capacitor"],"picked":"Reinforced Body","floor":19}],"player_experience":69735,"potions_floor_usage":[7,7,7,10,10,10,16,16,20,20],"damage_taken":[{"damage":1,"enemies":"Cultist","floor":1,"turns":3},{"damage":12,"enemies":"Jaw Worm","floor":2,"turns":3},{"damage":0,"enemies":"2 Louse","floor":4,"turns":2},{"damage":2,"enemies":"Looter","floor":5,"turns":3},{"damage":0,"enemies":"3 Sentries","floor":7,"turns":8},{"damage":3,"enemies":"Gremlin Nob","floor":10,"turns":3},{"damage":4,"enemies":"3 Louse","floor":11,"turns":3},{"damage":11,"enemies":"Large Slime","floor":13,"turns":6},{"damage":29,"enemies":"The Guardian","floor":16,"turns":9},{"damage":60,"enemies":"3 Byrds","floor":18,"turns":7},{"damage":4,"enemies":"Shell Parasite","floor":19,"turns":7},{"damage":22,"enemies":"Snake Plant","floor":20,"turns":5}],"relics_obtained":[{"floor":7,"key":"Strawberry"},{"floor":9,"key":"Toolbox"},{"floor":10,"key":"Bird Faced Urn"}],"event_choices":[{"event_name":"Scrap Ooze","player_choice":"unsuccessful","floor":3,"damage_taken":3}],"boss_relics":[{"not_picked":["Sozu","Nuclear Battery"],"picked":"Inserter"}],"potions_floor_spawned":[4,5,7,11,13,18,19],"seed_played":"7996078026731664385","killed_by":"Snake Plant","ascension_level":3,"potions_obtained":[{"floor":4,"key":"SkillPotion"},{"floor":5,"key":"EntropicBrew"},{"floor":7,"key":"SkillPotion"},{"floor":11,"key":"LiquidBronze"},{"floor":13,"key":"Fire Potion"},{"floor":18,"key":"AttackPotion"},{"floor":19,"key":"Block Potion"}],"is_trial":false}