{"gold_per_floor":[118,118,118,129,2,31,106,6,6,22,22,22,42,42],"floor_reached":14,"playtime":291,"items_purged":["Regret","Doubt"],"score":128,"play_id":"e3dbb0a1-016a-4260-ab82-f2a4eefcac03","local_time":"20190228220339","is_ascension_mode":true,"campfire_choices":[],"neow_cost":"CURSE","seed_source_timestamp":940949708954507,"circlet_count":0,"master_deck":["Strike_B","Strike_B","Strike_B","Strike_B","Defend_B","Defend_B","Defend_B","Defend_B","Zap","Dualcast","Core Surge","Coolheaded","Leap","Redo","Self Repair"],"relics":["Cracked Core","Cables","Shuriken","Molten Egg 2","Pantograph"],"potions_floor_usage":[6,13],"damage_taken":[{"damage":6,"enemies":"2 Louse","floor":1,"turns":2},{"damage":5,"enemies":"Jaw Worm","floor":4,"turns":4},{"damage":34,"enemies":"Gremlin Nob","floor":6,"turns":4},{"damage":0,"enemies":"Cultist","floor":10,"turns":2},{"damage":0,"enemies":"Red Slaver","floor":13,"turns":2},{"damage":0,"enemies":"Exordium Wildlife","floor":14,"turns":1}],"seed_played":"3687271265243873666","potions_obtained":[{"floor":1,"key":"AttackPotion"},{"floor":6,"key":"LiquidBronze"}],"is_trial":false,"path_per_floor":["M","?","?","M","$","E","?","$","T","M","$","?","M","M"],"character_chosen":"DEFECT","items_purchased":["Fire Potion"],"campfire_rested":0,"item_purchase_floors":[5],"current_hp_per_floor":[62,62,62,57,57,23,12,12,12,12,12,12,12,12],"gold":42,"neow_bonus":"THREE_RARE_CARDS","is_prod":false,"is_daily":false,"chose_seed":false,"campfire_upgraded":0,"win_rate":0,"timestamp":1551413019,"path_taken":["M","?","?","M","$","E","?","?","T","M","$","?","M","M"],"build_version":"2019-01-23","purchased_purges":2,"victory":false,"max_hp_per_floor":[75,75,75,75,75,75,75,75,75,75,75,75,75,75],"card_choices":[{"not_picked":["Hyperbeam","Rainbow"],"picked":"Core Surge","floor":0},{"not_picked":["Go for the Eyes","Hologram"],"picked":"Coolheaded","floor":1},{"not_picked":["Chaos","Reprogram"],"picked":"Leap","floor":4},{"not_picked":["Turbo","Sweeping Beam"],"picked":"Redo","floor":6},{"not_picked":["Streamline+1","Reprogram","Heatsinks"],"picked":"SKIP","floor":10},{"not_picked":["Sweeping Beam+1","Double Energy"],"picked":"Self Repair","floor":13}],"player_experience":578406,"relics_obtained":[{"floor":6,"key":"Shuriken"},{"floor":9,"key":"Molten Egg 2"}],"event_choices":[{"damage_healed":0,"gold_gain":0,"player_choice":"Box","damage_taken":0,"relics_obtained":["Cables"],"max_hp_gain":0,"max_hp_loss":0,"event_name":"Big Fish","floor":2,"gold_loss":0,"cards_obtained":["Regret"]},{"damage_healed":0,"gold_gain":0,"player_choice":"Ignored","damage_taken":0,"max_hp_gain":0,"max_hp_loss":0,"event_name":"Shining Light","floor":3,"gold_loss":0},{"damage_healed":0,"gold_gain":75,"player_choice":"Gather Gold","damage_taken":11,"max_hp_gain":0,"max_hp_loss":0,"event_name":"World of Goop","floor":7,"gold_loss":0},{"damage_healed":0,"gold_gain":0,"player_choice":"Gave Potion","damage_taken":0,"relics_obtained":["Pantograph"],"max_hp_gain":0,"max_hp_loss":0,"event_name":"WeMeetAgain","floor":12,"gold_loss":0}],"is_beta":false,"boss_relics":[],"items_purged_floors":[5,8],"is_endless":false,"potions_floor_spawned":[1,6],"killed_by":"Exordium Wildlife","ascension_level":9}