{"gold_per_floor":[111,126,137,11,26,26,45,10,56,67,82,92,92,124,124,219,219,202,202,217,252,11,11,37,50,99,99,111,123,123,151,151,251,251,271,288,300,319,126,126,139,154,154,154,29,46,61,61,61,61],"floor_reached":50,"playtime":5186,"items_purged":["Strike_G","Defend_G","Strike_G"],"score":542,"play_id":"fd702040-6fac-4516-a83b-5cde53d9f08f","local_time":"20190407142603","is_ascension_mode":true,"campfire_choices":[{"data":"Footwork","floor":6.0,"key":"SMITH"},{"data":"Malaise","floor":15.0,"key":"SMITH"},{"floor":23.0,"key":"REST"},{"floor":27.0,"key":"REST"},{"floor":30.0,"key":"REST"},{"floor":32.0,"key":"REST"},{"floor":40,"key":"REST"},{"floor":44,"key":"REST"},{"floor":49,"key":"REST"}],"neow_cost":"NONE","seed_source_timestamp":0,"circlet_count":0,"master_deck":["Defend_G","Defend_G","Defend_G","Defend_G","Strike_G","Strike_G","Survivor","Neutralize","Bane","Blade Dance","Deadly Poison+1","Footwork+1","Poisoned Stab","Acrobatics","Bane","Dagger Spray","Terror","Malaise+1","Tools of the Trade","Bane+1","Outmaneuver+1","Deep Breath","Neutralize","Flying Knee+1","Backflip+1","Underhanded Strike","Noxious Fumes","Deadly Poison","Heel Hook+1","Dodge and Roll","Dagger Throw","Glass Knife","Deadly Poison+1","Dash+1","Slice","Backflip+1","Heel Hook","Poisoned Stab","Calculated Gamble+1","Sucker Punch+1","Prepared+1","Terror+1"],"special_seed":0,"relics":["Ring of the Snake","Anchor","Art of War","Shuriken","Runic Pyramid","Red Mask","Bronze Scales","Omamori","War Paint","Peace Pipe","Fusion Hammer","Torii"],"potions_floor_usage":[50,50,50],"damage_taken":[{"damage":5.0,"enemies":"2 Louse","floor":1.0,"turns":5.0},{"damage":0.0,"enemies":"Small Slimes","floor":2.0,"turns":3.0},{"damage":1.0,"enemies":"Cultist","floor":3.0,"turns":4.0},{"damage":8.0,"enemies":"Exordium Wildlife","floor":5.0,"turns":5.0},{"damage":0.0,"enemies":"Looter","floor":7.0,"turns":2.0},{"damage":0.0,"enemies":"Large Slime","floor":10.0,"turns":7.0},{"damage":0.0,"enemies":"Lots of Slimes","floor":11.0,"turns":6.0},{"damage":0.0,"enemies":"2 Fungi Beasts","floor":12.0,"turns":5.0},{"damage":10.0,"enemies":"Lagavulin","floor":14.0,"turns":7.0},{"damage":6.0,"enemies":"The Guardian","floor":16.0,"turns":10.0},{"damage":10.0,"enemies":"2 Thieves","floor":18.0,"turns":4.0},{"damage":6.0,"enemies":"Spheric Guardian","floor":20.0,"turns":7.0},{"damage":22.0,"enemies":"Masked Bandits","floor":21.0,"turns":6.0},{"damage":15.0,"enemies":"Book of Stabbing","floor":24.0,"turns":7.0},{"damage":9.0,"enemies":"Snake Plant","floor":25.0,"turns":4.0},{"damage":0.0,"enemies":"Chosen and Byrds","floor":28.0,"turns":4.0},{"damage":11.0,"enemies":"3 Cultists","floor":29.0,"turns":6.0},{"damage":36.0,"enemies":"Gremlin Leader","floor":31.0,"turns":6.0},{"damage":33.0,"enemies":"Automaton","floor":33.0,"turns":11.0},{"damage":0,"enemies":"Orb Walker","floor":35,"turns":4},{"damage":9,"enemies":"3 Shapes","floor":36,"turns":3},{"damage":23,"enemies":"Jaw Worm Horde","floor":37,"turns":6},{"damage":0,"enemies":"Maw","floor":38,"turns":6},{"damage":7,"enemies":"Writhing Mass","floor":41,"turns":5},{"damage":18,"enemies":"3 Darklings","floor":42,"turns":5},{"damage":23,"enemies":"4 Shapes","floor":46,"turns":4},{"damage":0,"enemies":"Maw","floor":47,"turns":6},{"damage":57,"enemies":"Time Eater","floor":50,"turns":8}],"seed_played":"6112055747281278158","potions_obtained":[{"floor":1.0,"key":"Energy Potion"},{"floor":5.0,"key":"FearPotion"},{"floor":7.0,"key":"AttackPotion"},{"floor":18.0,"key":"EntropicBrew"},{"floor":21.0,"key":"Regen Potion"},{"floor":31.0,"key":"PowerPotion"},{"floor":35,"key":"SpeedPotion"},{"floor":42,"key":"Weak Potion"}],"is_trial":false,"path_per_floor":["M","M","M","$","M","R","M","?","T","M","M","M","?","E","R","B",null,"M","?","M","?","$","R","E","M","T","R","M","M","R","E","R","B",null,"M","M","M","M","$","R","M","M","T","R","$","M","M","?","R","B"],"character_chosen":"THE_SILENT","items_purchased":["Deadly Poison","Footwork","Underhanded Strike","Bronze Scales","Heel Hook","Poisoned Stab"],"campfire_rested":7,"item_purchase_floors":[4,4,22,22,39,39],"current_hp_per_floor":[65,65,64,64,56,56,56,70,70,70,70,70,63,53,53,47,70,60,60,54,32,32,53,47,38,38,59,59,48,69,33,54,21,70,70,61,38,38,38,59,52,34,34,55,55,32,32,32,53,0],"gold":61,"neow_bonus":"RANDOM_COMMON_RELIC","is_prod":false,"is_daily":false,"chose_seed":false,"campfire_upgraded":2,"win_rate":0,"timestamp":1554661563,"path_taken":["M","M","M","$","M","R","M","?","T","M","M","M","?","E","R","BOSS","M","?","?","?","$","R","E","M","T","R","M","M","R","E","R","BOSS","M","M","M","M","$","R","M","M","T","R","$","M","M","?","R","BOSS"],"build_version":"2019-01-23","purchased_purges":3,"victory":false,"max_hp_per_floor":[70,70,70,70,70,70,70,70,70,70,70,70,70,70,70,70,70,70,70,70,70,70,70,70,70,70,70,70,70,70,70,70,70,70,70,70,70,70,70,70,70,70,70,70,70,70,70,70,70,70],"card_choices":[{"not_picked":["Expertise","Dagger Throw","Outmaneuver"],"picked":"SKIP","floor":1.0},{"not_picked":["Backstab","Endless Agony"],"picked":"Bane","floor":2.0},{"not_picked":["Expertise","Bane"],"picked":"Blade Dance","floor":3.0},{"not_picked":["Endless Agony","Bane"],"picked":"Poisoned Stab","floor":5.0},{"not_picked":["Quick Slash","Predator"],"picked":"Acrobatics","floor":7.0},{"not_picked":["Deflect","Backstab"],"picked":"Bane","floor":10.0},{"not_picked":["Prepared","Well Laid Plans"],"picked":"Dagger Spray","floor":11.0},{"not_picked":["Prepared","Dodge and Roll"],"picked":"Terror","floor":12.0},{"not_picked":["Backflip","Reflex"],"picked":"Malaise","floor":14.0},{"not_picked":["Storm of Steel","Wraith Form v2"],"picked":"Tools of the Trade","floor":16.0},{"not_picked":["Backstab+1","Cloak And Dagger"],"picked":"Bane+1","floor":18.0},{"not_picked":["Well Laid Plans","Terror"],"picked":"Flying Knee+1","floor":20.0},{"not_picked":["Blade Dance","Footwork"],"picked":"Backflip+1","floor":21.0},{"not_picked":["Footwork","Dodge and Roll"],"picked":"Noxious Fumes","floor":24.0},{"not_picked":["Sucker Punch","Underhanded Strike"],"picked":"Deadly Poison","floor":25.0},{"not_picked":["Flying Knee","Dagger Spray"],"picked":"Heel Hook+1","floor":28.0},{"not_picked":["Slice","Underhanded Strike"],"picked":"Dodge and Roll","floor":29.0},{"not_picked":["A Thousand Cuts","Acrobatics"],"picked":"Dagger Throw","floor":31.0},{"not_picked":["Unload","After Image"],"picked":"Glass Knife","floor":33.0},{"not_picked":["Dagger Throw","Calculated Gamble"],"picked":"Deadly Poison+1","floor":35},{"not_picked":["Underhanded Strike","All Out Attack+1"],"picked":"Dash+1","floor":36},{"not_picked":["Acrobatics","Choke"],"picked":"Slice","floor":37},{"not_picked":["Deflect+1","Bane"],"picked":"Backflip+1","floor":38},{"not_picked":["Flying Knee","Endless Agony"],"picked":"Calculated Gamble+1","floor":41},{"not_picked":["Infinite Blades","All Out Attack+1"],"picked":"Sucker Punch+1","floor":42},{"not_picked":["Escape Plan","Calculated Gamble"],"picked":"Prepared+1","floor":46},{"not_picked":["Backstab","Quick Slash+1"],"picked":"Terror+1","floor":47}],"player_experience":78686,"relics_obtained":[{"floor":9.0,"key":"Art of War"},{"floor":14.0,"key":"Shuriken"},{"floor":21.0,"key":"Red Mask"},{"floor":24.0,"key":"Omamori"},{"floor":26.0,"key":"War Paint"},{"floor":31.0,"key":"Peace Pipe"},{"floor":43,"key":"Torii"}],"event_choices":[{"damage_healed":17.0,"max_hp_gain":0.0,"max_hp_loss":0.0,"gold_gain":0.0,"event_name":"The Cleric","player_choice":"Healed","floor":8.0,"gold_loss":35.0,"damage_taken":0.0},{"cards_removed":["Strike_G"],"damage_healed":0.0,"max_hp_gain":0.0,"max_hp_loss":0.0,"gold_gain":0.0,"event_name":"Golden Wing","player_choice":"Card Removal","floor":13.0,"gold_loss":0.0,"damage_taken":7.0},{"damage_healed":0.0,"max_hp_gain":0.0,"max_hp_loss":0.0,"gold_gain":0.0,"event_name":"Match and Keep!","player_choice":"3 cards matched","floor":19.0,"gold_loss":0.0,"damage_taken":0.0,"cards_obtained":["Outmaneuver","Deep Breath","Neutralize"]},{"damage_healed":0.0,"max_hp_gain":0.0,"max_hp_loss":0.0,"gold_gain":0.0,"event_name":"Match and Keep!","player_choice":"3 cards matched","floor":19.0,"gold_loss":0.0,"damage_taken":0.0,"cards_obtained":["Outmaneuver","Deep Breath","Neutralize"]},{"damage_healed":0.0,"max_hp_gain":0.0,"max_hp_loss":0.0,"gold_gain":0.0,"event_name":"Masked Bandits","player_choice":"Fought Bandits","floor":21.0,"gold_loss":0.0,"damage_taken":0.0},{"damage_healed":0,"gold_gain":0,"player_choice":"Ignored","damage_taken":0,"max_hp_gain":0,"max_hp_loss":0,"event_name":"Mysterious Sphere","floor":48,"gold_loss":0}],"is_beta":false,"boss_relics":[{"not_picked":["White Beast Statue","Coffee Dripper"],"picked":"Runic Pyramid"},{"not_picked":["Lizard Tail","Empty Cage"],"picked":"Fusion Hammer"}],"items_purged_floors":[22,39,45],"is_endless":false,"potions_floor_spawned":[1,5,7,12,16,18,21,31,35,37,42,46],"killed_by":"Time Eater","ascension_level":1}