{"path_per_floor":["M","$","M","?","?","E","R","?","T","?","?","?","M","$","R","B",null,"M","?","$","?","?"],"character_chosen":"THE_SILENT","items_purchased":["Catalyst","War Paint","Regal Pillow"],"gold_per_floor":[211,18,36,36,36,67,67,67,94,194,255,255,271,42,42,142,142,123,123,23,23,23],"floor_reached":23,"campfire_rested":2,"playtime":1108,"current_hp_per_floor":[64,64,64,61,61,26,47,52,52,52,20,20,18,18,55,33,75,61,61,61,61,61],"items_purged":["Decay","A Thousand Cuts"],"gold":23,"score":183,"play_id":"33f8ae26-067a-414c-9376-68182b359a21","is_prod":false,"is_daily":false,"is_ascension_mode":false,"campfire_upgraded":0,"path_taken":["M","$","M","?","?","E","R","?","T","?","?","?","M","$","R","BOSS","M","?","$","?","?","E"],"build_version":"2018-02-22-PROD2","purchased_purges":2,"victory":false,"master_deck":["Defend_G","Defend_G","Defend_G","Defend_G","Defend_G","Strike_G","Strike_G","Strike_G","Strike_G","Strike_G","Survivor+1","Neutralize","Catalyst+1","Bouncing Flask+1","Neutralize","Doppelganger","Adrenaline","Bouncing Flask+1"],"max_hp_per_floor":[70,70,70,70,70,70,70,75,75,75,75,75,75,75,75,75,75,75,75,75,75,75],"relics":["Ring of the Snake","War Paint","Shuriken","Dream Catcher","Pen Nib","Juzu Bracelet","Regal Pillow","Black Star","Prayer Wheel"],"card_choices":[{"not_picked":["Dagger Throw","Underhanded Strike"],"picked":"Bouncing Flask"},{"not_picked":["Slice","Dagger Throw"],"picked":"Doppelganger"},{"not_picked":["Burst","Wraith Form"],"picked":"Adrenaline"},{"not_picked":["Predator","Backflip"],"picked":"Bouncing Flask"}],"player_experience":35446,"potions_floor_usage":[6,16,23],"damage_taken":[{"damage":6,"enemies":"2 Louse","floor":1,"turns":4},{"damage":0,"enemies":"Small Slimes","floor":3,"turns":5},{"damage":35,"enemies":"3 Sentries","floor":6,"turns":10},{"damage":32,"enemies":"Lagavulin Event","floor":11,"turns":4},{"damage":2,"enemies":"Cultist","floor":13,"turns":2},{"damage":22,"enemies":"The Guardian","floor":16,"turns":9},{"damage":14,"enemies":"2 Thieves","floor":18,"turns":4},{"damage":63,"enemies":"Slavers","floor":23,"turns":3}],"event_choices":[{"event_name":"Scrap Ooze","player_choice":"success","floor":4,"damage_taken":3},{"event_name":"Upgrade Shrine","player_choice":"Upgraded","floor":5,"damage_taken":0},{"event_name":"Big Fish","player_choice":"Donut","floor":8,"damage_taken":0},{"event_name":"Wheel of Change","player_choice":"Gold","floor":10,"damage_taken":0},{"event_name":"Dead Adventurer","player_choice":"Searched \u00273\u0027 times","floor":11,"damage_taken":0},{"event_name":"Match and Keep!","player_choice":"3 cards matched","floor":12,"damage_taken":0},{"event_name":"Drug Dealer","player_choice":"Ignored","floor":19,"damage_taken":0},{"event_name":"Cursed Tome","player_choice":"Ignored","floor":21,"damage_taken":0},{"event_name":"The Mausoleum","player_choice":"Yes","floor":22,"damage_taken":0}],"boss_relics":[{"not_picked":["Tiny House","Eternal Feather"],"picked":"Black Star"}],"potions_floor_spawned":[1,6,11,18],"seed_played":"-8550915018274136315","killed_by":"Slavers","ascension_level":0,"is_trial":false}