{"path_per_floor":["M","M","M","M","M","R","?","R","T","M","M","?","M","?","R","B",null,"M","M","?","M"],"character_chosen":"IRONCLAD","items_purchased":[],"gold_per_floor":[110,120,140,156,175,175,175,175,198,208,218,218,235,264,264,364,364,380,396,396,414],"floor_reached":22,"campfire_rested":1,"playtime":1338,"current_hp_per_floor":[75,73,77,71,62,62,62,62,62,68,63,47,51,43,67,58,80,63,48,48,13],"items_purged":[],"gold":414,"score":182,"play_id":"1a7aac08-b8c9-40d3-a06b-8d0724e40062","is_prod":false,"is_daily":false,"is_ascension_mode":false,"campfire_upgraded":2,"path_taken":["M","M","M","M","M","R","?","R","T","M","M","?","M","?","R","BOSS","M","M","?","?","M"],"build_version":"2018-02-15-PROD1","purchased_purges":0,"victory":false,"master_deck":["Strike_R","Strike_R","Strike_R","Strike_R","Strike_R","Defend_R","Defend_R+1","Defend_R+1","Defend_R","Bash","Barricade","Pummel+1","Offering","Headbutt","Heavy Blade","Metallicize+1","Pummel","Inflame+1","Metallicize","Seeing Red","Offering","Armaments","Clash","Pummel","Pommel Strike"],"max_hp_per_floor":[80,80,80,80,80,80,80,80,80,80,80,80,80,80,80,80,80,80,80,80,80],"relics":["Burning Blood","Happy Flower","Odd Mushroom","Question Card"],"card_choices":[{"not_picked":["Fire Breathing","Armaments"],"picked":"Pummel"},{"not_picked":["Flex","Dropkick"],"picked":"Offering"},{"not_picked":["Cleave","Perfected Strike"],"picked":"Headbutt"},{"not_picked":["Berserk","Flex"],"picked":"Heavy Blade"},{"not_picked":["Disarm","True Grit"],"picked":"Metallicize"},{"not_picked":["Shrug It Off","Inflame"],"picked":"Pummel"},{"not_picked":["Clothesline","Burning Pact"],"picked":"Inflame"},{"not_picked":["Berserk","Thunderclap"],"picked":"Metallicize"},{"not_picked":["Thunderclap","Headbutt"],"picked":"Seeing Red"},{"not_picked":["Berserk","Fiend Fire"],"picked":"Offering"},{"not_picked":["Shrug It Off","Pommel Strike","Clothesline"],"picked":"Armaments"},{"not_picked":["Pummel","Shrug It Off","Cleave"],"picked":"Clash"},{"not_picked":["True Grit","Flame Barrier","Reckless Charge"],"picked":"Pommel Strike"}],"player_experience":10392,"potions_floor_usage":[14,14,16,21,21],"damage_taken":[{"damage":11,"enemies":"Small Slimes","floor":1,"turns":3},{"damage":8,"enemies":"Jaw Worm","floor":2,"turns":4},{"damage":2,"enemies":"2 Louse","floor":3,"turns":3},{"damage":12,"enemies":"Exordium Wildlife","floor":4,"turns":4},{"damage":15,"enemies":"Large Slime","floor":5,"turns":8},{"damage":0,"enemies":"2 Fungi Beasts","floor":10,"turns":3},{"damage":11,"enemies":"Looter","floor":11,"turns":3},{"damage":2,"enemies":"Large Slime","floor":13,"turns":8},{"damage":14,"enemies":"The Mushroom Lair","floor":14,"turns":2},{"damage":15,"enemies":"Slime Boss","floor":16,"turns":16},{"damage":23,"enemies":"Shell Parasite","floor":18,"turns":3},{"damage":21,"enemies":"Chosen","floor":19,"turns":8},{"damage":41,"enemies":"Slaver and Parasite","floor":21,"turns":6},{"damage":14,"enemies":"Centurion and Healer","floor":22,"turns":3}],"event_choices":[{"event_name":"Living Wall","player_choice":"Grow","floor":7,"damage_taken":0},{"event_name":"Shining Light","player_choice":"Entered Light","floor":12,"damage_taken":0},{"event_name":"Mushrooms","player_choice":"Fought Mushrooms","floor":14,"damage_taken":0},{"event_name":"Duplicator","player_choice":"One dupe","floor":20,"damage_taken":0}],"boss_relics":[{"not_picked":["Cursed Key","Velvet Choker"],"picked":"Question Card"}],"potions_floor_spawned":[2,3,5,10,16,18],"seed_played":"-7357839326874665783","killed_by":"Centurion and Healer","ascension_level":0,"is_trial":false}