{"gold_per_floor":[114,133,152,21,33,64,64,64,64,64,98,98,125,143,143,240,240,258,258,273,273,198,198,215,215,215,228,228,12,22,37,37,132,132,145,145,190,47,47,65,65,90,160,160,176,176,193,211,211,211],"floor_reached":51,"playtime":3689,"items_purged":[],"score":672,"play_id":"ab630100-9d65-4312-8c4a-9c1d5d23766a","local_time":"20180703040255","is_ascension_mode":false,"campfire_choices":[{"data":"Redo","floor":7,"key":"SMITH"},{"data":"Conserve Battery","floor":10,"key":"SMITH"},{"data":"Electrodynamics","floor":12,"key":"SMITH"},{"data":"Zap","floor":15,"key":"SMITH"},{"data":"Coolheaded","floor":23,"key":"SMITH"},{"data":"Conserve Battery","floor":25,"key":"SMITH"},{"data":"FTL","floor":28,"key":"SMITH"},{"data":"White Noise","floor":32,"key":"SMITH"},{"data":"Seek","floor":41,"key":"SMITH"},{"floor":44,"key":"REST"},{"data":"Coolheaded","floor":46,"key":"SMITH"},{"data":"Blizzard","floor":49,"key":"SMITH"}],"neow_cost":"NONE","seed_source_timestamp":95183320811409,"circlet_count":0,"master_deck":["Strike_B","Strike_B","Defend_B","Defend_B","Defend_B","Defend_B","Zap+1","Dualcast","Steam","Leap","Compile Driver+1","Self Repair","Cold Snap+1","Redo+1","Conserve Battery+1","Stack","Electrodynamics+1","Skim","Chill+1","All For One","Steam Power","Coolheaded+1","Conserve Battery+1","Leap+1","FTL+1","Coolheaded+1","Gash","White Noise+1","Genetic Algorithm","Seek+1","Hologram+1","Zap","White Noise+1","Madness","Madness","Reboot","Conserve Battery+1","Blizzard+1","Skim+1","Glacier+1"],"relics":["Cracked Core","Bag of Preparation","Kunai","Cables","Ginger","Inserter","Meat on the Bone","Whetstone","Nuclear Battery","Shovel","Bronze Scales","Toxic Egg 2","Bottled Lightning"],"potions_floor_usage":[6,13,20,31,33,33,37,42,50],"damage_taken":[{"damage":0,"enemies":"Cultist","floor":1,"turns":3},{"damage":5,"enemies":"Jaw Worm","floor":2,"turns":3},{"damage":4,"enemies":"Small Slimes","floor":3,"turns":4},{"damage":11,"enemies":"Gremlin Gang","floor":5,"turns":5},{"damage":16,"enemies":"Gremlin Nob","floor":6,"turns":4},{"damage":1,"enemies":"Lagavulin","floor":11,"turns":8},{"damage":43,"enemies":"Gremlin Nob","floor":13,"turns":5},{"damage":0,"enemies":"Blue Slaver","floor":14,"turns":4},{"damage":37,"enemies":"The Guardian","floor":16,"turns":15},{"damage":4,"enemies":"Shell Parasite","floor":18,"turns":7},{"damage":1,"enemies":"2 Thieves","floor":20,"turns":4},{"damage":0,"enemies":"3 Cultists","floor":24,"turns":3},{"damage":0,"enemies":"Snake Plant","floor":27,"turns":6},{"damage":11,"enemies":"Chosen and Byrds","floor":30,"turns":5},{"damage":1,"enemies":"Centurion and Healer","floor":31,"turns":7},{"damage":75,"enemies":"Champ","floor":33,"turns":14},{"damage":5,"enemies":"3 Shapes","floor":35,"turns":3},{"damage":0,"floor":37,"turns":6},{"damage":2,"enemies":"Orb Walker","floor":40,"turns":4},{"damage":47,"enemies":"Nemesis","floor":42,"turns":9},{"damage":0,"enemies":"Sphere and 2 Shapes","floor":45,"turns":3},{"damage":6,"enemies":"Maw","floor":47,"turns":9},{"damage":0,"enemies":"3 Darklings","floor":48,"turns":4},{"damage":21,"enemies":"Awakened One","floor":50,"turns":17}],"seed_played":"6291204843242029216","potions_obtained":[{"floor":5,"key":"AttackPotion"},{"floor":6,"key":"SneckoOil"},{"floor":11,"key":"SkillPotion"},{"floor":16,"key":"Explosive Potion"},{"floor":27,"key":"Strength Potion"},{"floor":30,"key":"SkillPotion"},{"floor":31,"key":"PowerPotion"},{"floor":35,"key":"SkillPotion"},{"floor":40,"key":"PowerPotion"},{"floor":42,"key":"Energy Potion"},{"floor":48,"key":"AttackPotion"}],"is_trial":false,"path_per_floor":["M","M","M","$","M","E","R","?","T","R","E","R","E","M","R","B",null,"M","?","M","?","?","R","M","R","T","M","R","$","M","M","R","B",null,"M","?","?","$","?","M","R","E","T","R","M","R","M","M","R","B"],"character_chosen":"DEFECT","items_purchased":["Self Repair","Cold Snap","Redo","Coolheaded","Whetstone","Gash","Bronze Scales"],"campfire_rested":1,"item_purchase_floors":[4,4,4,29,29,29,38],"current_hp_per_floor":[75,70,66,66,62,53,53,85,85,85,85,85,49,56,56,26,85,85,85,85,85,85,85,85,85,85,85,85,85,81,85,85,29,85,80,80,85,85,74,79,79,58,58,83,85,85,85,85,85,71],"gold":211,"neow_bonus":"ONE_RANDOM_RARE_CARD","is_prod":false,"is_daily":false,"chose_seed":false,"campfire_upgraded":11,"win_rate":0.0,"timestamp":1530612175,"path_taken":["M","M","M","$","?","E","R","?","T","R","E","R","E","M","R","BOSS","M","?","M","?","?","R","M","R","T","M","R","?","M","M","R","BOSS","M","?","?","$","?","M","R","E","T","R","M","R","M","M","R","BOSS"],"build_version":"2018-06-28","purchased_purges":0,"victory":true,"max_hp_per_floor":[75,75,75,75,75,75,75,85,85,85,85,85,85,85,85,85,85,85,85,85,85,85,85,85,85,85,85,85,85,85,85,85,85,85,85,85,85,85,85,85,85,85,85,85,85,85,85,85,85,85],"card_choices":[{"not_picked":["Go for the Eyes","Ball Lightning"],"picked":"Steam","floor":1},{"not_picked":["Scrape","Gash"],"picked":"Leap","floor":2},{"not_picked":["Aggregate","Undo"],"picked":"Compile Driver","floor":3},{"not_picked":["Barrage","Amplify"],"picked":"Conserve Battery","floor":5},{"not_picked":["Doom and Gloom","Compile Driver"],"picked":"Stack","floor":6},{"not_picked":["Ball Lightning","Streamline"],"picked":"Electrodynamics","floor":11},{"not_picked":["Compile Driver","Undo"],"picked":"Skim","floor":13},{"not_picked":["Coolheaded","Beam Cell"],"picked":"Chill","floor":14},{"not_picked":["Multi-Cast","Fission"],"picked":"All For One","floor":16},{"not_picked":["Redo","Steam"],"picked":"Steam Power","floor":18},{"not_picked":["Ball Lightning","Stack"],"picked":"Conserve Battery","floor":20},{"not_picked":["Ball Lightning","Hyperbeam"],"picked":"Leap+1","floor":24},{"not_picked":["Gash","Redo"],"picked":"FTL","floor":27},{"not_picked":["Compile Driver+1","Ball Lightning"],"picked":"White Noise","floor":30},{"not_picked":["Scrape","Fusion"],"picked":"Genetic Algorithm","floor":31},{"not_picked":["Hyperbeam","Amplify"],"picked":"Seek","floor":33},{"not_picked":["Turbo+1","Redo+1"],"picked":"Hologram+1","floor":35},{"not_picked":["Coolheaded","Redo"],"picked":"White Noise+1","floor":37},{"not_picked":["Steam+1","Go for the Eyes+1"],"picked":"Reboot","floor":40},{"not_picked":["Storm","Go for the Eyes+1"],"picked":"Conserve Battery","floor":42},{"not_picked":["Leap+1","Steam+1"],"picked":"Blizzard","floor":45},{"not_picked":["Steam+1","Lockon"],"picked":"Skim+1","floor":47},{"not_picked":["Doom and Gloom+1","Gash+1"],"picked":"Glacier+1","floor":48}],"player_experience":53480,"relics_obtained":[{"floor":6,"key":"Bag of Preparation"},{"floor":9,"key":"Kunai"},{"floor":11,"key":"Cables"},{"floor":13,"key":"Ginger"},{"floor":26,"key":"Meat on the Bone"},{"floor":37,"key":"Shovel"},{"floor":42,"key":"Toxic Egg 2"},{"floor":43,"key":"Bottled Lightning"}],"event_choices":[{"event_name":"Bonfire Elementals","player_choice":"RARE","floor":8,"damage_taken":0},{"event_name":"Transmorgrifier","player_choice":"Transform","floor":19,"damage_taken":0},{"event_name":"Upgrade Shrine","player_choice":"Upgraded","floor":21,"damage_taken":0},{"event_name":"Beggar","player_choice":"Gave Gold","floor":22,"damage_taken":0},{"event_name":"Match and Keep!","player_choice":"1 cards matched","floor":36,"damage_taken":0},{"event_name":"Mysterious Sphere","player_choice":"Fight","floor":37,"damage_taken":0},{"event_name":"Winding Halls","player_choice":"Embrace Madness","floor":39,"damage_taken":0}],"boss_relics":[{"not_picked":["Empty Cage","Astrolabe"],"picked":"Inserter"},{"not_picked":["Fusion Hammer","Tiny House"],"picked":"Nuclear Battery"}],"items_purged_floors":[],"is_endless":false,"potions_floor_spawned":[5,6,11,16,27,30,31,35,40,42,48],"ascension_level":0}