{"gold_per_floor":[110,110,130,149,160,194,194,227,251,266,284,17,37,37,37,133,133,149,149,164,184,196,196,228,37,37,71,71,87,87,112,112,214,214,226,0,0,0,18,18],"floor_reached":40,"playtime":2917,"items_purged":[],"score":482,"play_id":"ac5c3138-5814-4ca0-8a04-f8a6924df303","local_time":"20190131231437","is_ascension_mode":true,"campfire_choices":[{"floor":7,"key":"RECALL"},{"floor":15,"key":"REST"},{"floor":23,"key":"REST"},{"floor":28,"key":"REST"},{"floor":30,"key":"REST"},{"floor":32,"key":"REST"}],"neow_cost":"NONE","seed_source_timestamp":202447261163214,"circlet_count":0,"master_deck":["Strike_R","Strike_R","Defend_R","Defend_R","Defend_R","Defend_R","Bash","Pommel Strike","Pommel Strike+1","Headbutt+1","Warcry","Anger","Battle Trance","Clash","Inflame","Flex","Double Tap+1","Seeing Red+1","Clothesline+1","Battle Trance+1","Fire Breathing","Wild Strike","Fire Breathing","Headbutt","Panache","Anger","Burning Pact+1","Warcry+1","Second Wind"],"relics":["Burning Blood","Bag of Marbles","Bronze Scales","Blood Vial","Oddly Smooth Stone","Astrolabe","Smiling Mask","Potion Belt","Unceasing Top","Dream Catcher","Black Star","Red Mask"],"potions_floor_usage":[6,24,33,33,40],"damage_taken":[{"damage":8,"enemies":"Jaw Worm","floor":1,"turns":4},{"damage":1,"enemies":"Cultist","floor":3,"turns":3},{"damage":3,"enemies":"2 Louse","floor":4,"turns":2},{"damage":11,"enemies":"Blue Slaver","floor":5,"turns":3},{"damage":16,"enemies":"Gremlin Nob","floor":6,"turns":4},{"damage":31,"enemies":"3 Sentries","floor":8,"turns":8},{"damage":4,"enemies":"Lots of Slimes","floor":10,"turns":4},{"damage":7,"enemies":"Exordium Thugs","floor":11,"turns":3},{"damage":0,"enemies":"Large Slime","floor":13,"turns":3},{"damage":45,"enemies":"The Guardian","floor":16,"turns":10},{"damage":12,"enemies":"Chosen","floor":18,"turns":3},{"damage":18,"enemies":"Spheric Guardian","floor":20,"turns":3},{"damage":36,"enemies":"Snake Plant","floor":21,"turns":3},{"damage":16,"enemies":"3 Cultists","floor":22,"turns":3},{"damage":21,"enemies":"Slavers","floor":24,"turns":3},{"damage":18,"enemies":"Book of Stabbing","floor":27,"turns":3},{"damage":12,"enemies":"Cultist and Chosen","floor":29,"turns":4},{"damage":68,"enemies":"Champ","floor":33,"turns":9},{"damage":21,"enemies":"3 Shapes","floor":35,"turns":3},{"damage":7,"enemies":"3 Darklings","floor":39,"turns":2},{"damage":43,"enemies":"Giant Head","floor":40,"turns":7}],"seed_played":"472428335181814230","potions_obtained":[{"floor":2,"key":"BloodPotion"},{"floor":2,"key":"Block Potion"},{"floor":2,"key":"BloodPotion"},{"floor":10,"key":"SteroidPotion"},{"floor":29,"key":"Dexterity Potion"},{"floor":39,"key":"Weak Potion"}],"is_trial":false,"path_per_floor":["M","?","M","M","M","E","R","E","T","M","M","$","M","?","R","B",null,"M","?","M","M","M","R","E","$","T","E","R","M","R","T","R","B",null,"M","?","?","$","M","E"],"character_chosen":"IRONCLAD","items_purchased":["Inflame","Flex","Oddly Smooth Stone","Panache"],"campfire_rested":5,"item_purchase_floors":[12,12,12,25],"current_hp_per_floor":[78,78,80,80,75,65,65,40,40,44,45,45,53,37,61,24,80,74,74,64,36,28,52,39,39,39,29,53,49,73,73,80,34,80,65,65,65,65,66,25],"gold":18,"neow_bonus":"THREE_CARDS","is_prod":false,"is_daily":false,"chose_seed":false,"campfire_upgraded":0,"win_rate":0,"timestamp":1548998077,"path_taken":["M","?","?","M","M","E","R","E","T","M","M","?","?","?","R","BOSS","M","?","M","?","M","R","E","$","T","E","R","?","R","?","R","BOSS","M","?","?","?","M","E"],"build_version":"2019-01-23","purchased_purges":0,"victory":false,"max_hp_per_floor":[80,80,80,80,80,80,80,80,80,80,80,80,80,80,80,80,80,80,80,80,80,80,80,80,80,80,80,80,80,80,80,80,80,80,80,80,80,80,80,80],"card_choices":[{"not_picked":["Warcry","Bloodletting"],"picked":"Pommel Strike","floor":0},{"not_picked":["Havoc","Warcry"],"picked":"Wild Strike","floor":1},{"not_picked":["Whirlwind","Shockwave"],"picked":"Pommel Strike","floor":3},{"not_picked":["Disarm","Intimidate"],"picked":"Headbutt","floor":4},{"not_picked":["Bloodletting","Shockwave"],"picked":"Warcry","floor":5},{"not_picked":["Bludgeon","Flex"],"picked":"Anger","floor":6},{"not_picked":["Fiend Fire","Thunderclap","Warcry"],"picked":"SKIP","floor":8},{"not_picked":["Body Slam","Pommel Strike"],"picked":"Battle Trance","floor":10},{"not_picked":["Body Slam","Warcry"],"picked":"Clash","floor":11},{"not_picked":["Pommel Strike","Searing Blow","Clothesline"],"picked":"SKIP","floor":13},{"not_picked":["Dark Embrace","Bludgeon"],"picked":"Double Tap","floor":16},{"not_picked":["Disarm","Cleave"],"picked":"Fire Breathing","floor":18},{"not_picked":["Twin Strike+1","Thunderclap"],"picked":"Wild Strike","floor":20},{"not_picked":["Armaments+1","Heavy Blade"],"picked":"Fire Breathing","floor":21},{"not_picked":["Thunderclap","Body Slam"],"picked":"Headbutt","floor":22},{"not_picked":["Reckless Charge","Havoc","Twin Strike"],"picked":"SKIP","floor":24},{"not_picked":["Wild Strike","Fiend Fire"],"picked":"Anger","floor":27},{"not_picked":["Flame Barrier","Flex+1"],"picked":"Burning Pact+1","floor":29},{"not_picked":["Sentinel","Metallicize+1"],"picked":"Warcry+1","floor":32},{"not_picked":["Havoc","Ghostly Armor+1","Iron Wave+1"],"picked":"SKIP","floor":35},{"not_picked":["Clothesline","True Grit+1"],"picked":"Second Wind","floor":39}],"player_experience":443775,"relics_obtained":[{"floor":6,"key":"Bag of Marbles"},{"floor":8,"key":"Bronze Scales"},{"floor":9,"key":"Blood Vial"},{"floor":24,"key":"Smiling Mask"},{"floor":26,"key":"Potion Belt"},{"floor":27,"key":"Unceasing Top"},{"floor":31,"key":"Dream Catcher"}],"event_choices":[{"damage_healed":0,"gold_gain":0,"player_choice":"Got Potions","damage_taken":0,"max_hp_gain":0,"max_hp_loss":0,"event_name":"Lab","floor":2,"gold_loss":0},{"damage_healed":0,"gold_gain":0,"player_choice":"Entered Light","damage_taken":16,"max_hp_gain":0,"max_hp_loss":0,"event_name":"Shining Light","floor":14,"gold_loss":0,"cards_upgraded":["Headbutt","Pommel Strike"]},{"damage_healed":0,"gold_gain":0,"player_choice":"Upgraded","damage_taken":0,"max_hp_gain":0,"max_hp_loss":0,"event_name":"Upgrade Shrine","floor":19,"gold_loss":0,"cards_upgraded":["Double Tap"]},{"damage_healed":0,"gold_gain":0,"player_choice":"Paid","damage_taken":0,"relics_obtained":["Red Mask"],"max_hp_gain":0,"max_hp_loss":0,"event_name":"Tomb of Lord Red Mask","floor":36,"gold_loss":226},{"cards_removed":["Wild Strike"],"damage_healed":0,"gold_gain":0,"player_choice":"Removed Attack","damage_taken":0,"max_hp_gain":0,"max_hp_loss":0,"event_name":"Falling","floor":37,"gold_loss":0}],"is_beta":false,"boss_relics":[{"not_picked":["Runic Cube","Snecko Eye"],"picked":"Astrolabe"},{"not_picked":["Sozu","Black Blood"],"picked":"Black Star"}],"items_purged_floors":[],"is_endless":false,"potions_floor_spawned":[4,10,11,13,16,21,22,29,39],"killed_by":"Giant Head","ascension_level":2}