{"gold_per_floor":[119,119,8,8,8,47,96,96,96,109,109,133,173,197,197,325,325,340,340,364,364,364],"floor_reached":22,"playtime":1099,"items_purged":["Doubt"],"score":307,"play_id":"a59f1e70-0c6b-4f32-aa4f-851f3b1269cc","local_time":"20190224183025","is_ascension_mode":true,"campfire_choices":[{"floor":8.0,"key":"REST"},{"data":"Loop","floor":11.0,"key":"SMITH"},{"floor":15.0,"key":"REST"}],"neow_cost":"CURSE","seed_source_timestamp":0,"circlet_count":0,"master_deck":["Strike_B","Strike_B","Defend_B","Defend_B","Defend_B","Defend_B","Zap","Dualcast","Fusion","Chaos","Barrage","Loop+1","Stack","Gash+1","Stack","Compile Driver+1","Echo Form","Reboot","Barrage+1","Chaos","Skim"],"special_seed":0,"relics":["Cracked Core","Golden Idol","Molten Egg 2","Orichalcum","Mango","Torii","Inserter"],"potions_floor_usage":[],"damage_taken":[{"damage":6.0,"enemies":"Cultist","floor":1.0,"turns":4.0},{"damage":20.0,"enemies":"Lagavulin","floor":6.0,"turns":6.0},{"damage":9.0,"enemies":"Jaw Worm","floor":10.0,"turns":4.0},{"damage":6.0,"enemies":"2 Louse","floor":12.0,"turns":2.0},{"damage":29.0,"enemies":"3 Sentries","floor":13.0,"turns":9.0},{"damage":9.0,"enemies":"Blue Slaver","floor":14.0,"turns":3.0},{"damage":32.0,"enemies":"The Guardian","floor":16.0,"turns":11.0},{"damage":14.0,"enemies":"Shell Parasite","floor":18.0,"turns":7.0},{"damage":55.0,"enemies":"3 Byrds","floor":20.0,"turns":6.0},{"damage":0,"floor":22,"turns":1}],"seed_played":"6955856681180532169","potions_obtained":[{"floor":10.0,"key":"Fruit Juice"},{"floor":13.0,"key":"Fruit Juice"}],"is_trial":false,"path_per_floor":["M","?","$","?","$","E","T","R","T","M","R","M","E","M","R","B",null,"M","?","M","?","?"],"character_chosen":"DEFECT","items_purchased":["Loop"],"campfire_rested":2,"item_purchase_floors":[3],"current_hp_per_floor":[62,62,62,62,62,42,42,64,78,74,74,68,44,35,64,32,82,68,68,13,13,13],"gold":364,"neow_bonus":"TRANSFORM_TWO_CARDS","is_prod":false,"is_daily":false,"chose_seed":false,"campfire_upgraded":1,"win_rate":0,"timestamp":1551054625,"path_taken":["M","?","?","?","$","E","?","R","T","M","R","M","E","?","R","BOSS","M","?","M","?","?"],"build_version":"2019-01-23","purchased_purges":1,"victory":false,"max_hp_per_floor":[75,75,75,75,75,75,75,75,89,94,94,94,99,99,99,99,99,99,99,99,99,99],"card_choices":[{"not_picked":["Steam Power","FTL"],"picked":"Barrage","floor":1.0},{"not_picked":["Steam Power","Hologram"],"picked":"Stack","floor":6.0},{"not_picked":["Heatsinks","Chill"],"picked":"Gash+1","floor":10.0},{"not_picked":["Recycle","Aggregate"],"picked":"Stack","floor":12.0},{"not_picked":["Stack","Coolheaded"],"picked":"Compile Driver+1","floor":13.0},{"not_picked":["Redo","Lockon+1"],"picked":"Echo Form","floor":14.0},{"not_picked":["Biased Cognition","Amplify"],"picked":"Reboot","floor":16.0},{"not_picked":["Hello World","Scrape+1"],"picked":"Barrage+1","floor":18.0},{"not_picked":["Compile Driver+1","Conserve Battery"],"picked":"Skim","floor":20.0}],"player_experience":553501,"relics_obtained":[{"floor":6.0,"key":"Molten Egg 2"},{"floor":7.0,"key":"Orichalcum"},{"floor":9.0,"key":"Mango"},{"floor":13.0,"key":"Torii"}],"event_choices":[{"damage_healed":0.0,"max_hp_gain":0.0,"max_hp_loss":0.0,"gold_gain":0.0,"event_name":"Golden Idol","player_choice":"Take Wound","floor":2.0,"gold_loss":0.0,"damage_taken":0.0,"relics_obtained":["Golden Idol"],"cards_obtained":["Injury"]},{"cards_removed":["Injury"],"damage_healed":0.0,"max_hp_gain":0.0,"max_hp_loss":0.0,"gold_gain":0.0,"event_name":"Living Wall","player_choice":"Forget","floor":4.0,"gold_loss":0.0,"damage_taken":0.0},{"damage_healed":0.0,"max_hp_gain":0.0,"max_hp_loss":0.0,"gold_gain":0.0,"event_name":"The Library","player_choice":"Read","floor":19.0,"gold_loss":0.0,"damage_taken":0.0,"cards_obtained":["Chaos"]},{"damage_healed":0,"gold_gain":0,"player_choice":"Ignored","damage_taken":0,"max_hp_gain":0,"max_hp_loss":0,"event_name":"Cursed Tome","floor":21,"gold_loss":0}],"is_beta":false,"boss_relics":[{"not_picked":["Philosopher\u0027s Stone","Runic Dome"],"picked":"Inserter"}],"items_purged_floors":[3],"is_endless":false,"potions_floor_spawned":[10,13],"ascension_level":6}