{"gold_per_floor":[118,193,207,207,207,237,249,276,299,299,332,347,123,137,137,234,284,299,105,305,318,187,198,198,216,216,316,331,356,356,367,367,367],"floor_reached":33,"playtime":2772,"items_purged":["Strike_R","Strike_R","Defend_R"],"score":343,"play_id":"d2ed3948-84da-4fdf-9994-c5a8595b2e7e","local_time":"20190411221245","is_ascension_mode":true,"campfire_choices":[{"floor":10,"key":"REST"},{"data":"Body Slam","floor":15,"key":"SMITH"},{"data":"Body Slam","floor":24,"key":"SMITH"},{"floor":32,"key":"REST"}],"neow_cost":"NONE","seed_source_timestamp":610480874380630,"circlet_count":0,"master_deck":["Strike_R+1","Strike_R","Strike_R+1","Defend_R","Defend_R","Defend_R+1","Bash","Armaments","Infernal Blade+1","Impervious","Flex","Cleave","Shockwave","Dark Shackles","Intimidate","Body Slam+1","Heavy Blade","Bludgeon","Body Slam+1","Warcry","Flex","Power Through","Feel No Pain+1","Double Tap","Evolve","Pommel Strike+1"],"relics":["Burning Blood","NeowsBlessing","Smiling Mask","Pen Nib","Centennial Puzzle","Regal Pillow","Tiny House","Happy Flower","PreservedInsect","Mummified Hand"],"potions_floor_usage":[11,16,16,23,33,33],"damage_taken":[{"damage":0,"enemies":"2 Louse","floor":1,"turns":1},{"damage":0,"enemies":"Small Slimes","floor":3,"turns":2},{"damage":0,"enemies":"3 Sentries","floor":6,"turns":1},{"damage":0,"enemies":"Cultist","floor":7,"turns":2},{"damage":17,"enemies":"Gremlin Nob","floor":8,"turns":4},{"damage":19,"enemies":"3 Sentries","floor":11,"turns":10},{"damage":1,"enemies":"Large Slime","floor":12,"turns":4},{"damage":1,"enemies":"Gremlin Gang","floor":14,"turns":5},{"damage":1,"enemies":"Hexaghost","floor":16,"turns":8},{"damage":11,"enemies":"Spheric Guardian","floor":18,"turns":3},{"damage":14,"enemies":"Shell Parasite","floor":21,"turns":6},{"damage":13,"enemies":"Centurion and Healer","floor":23,"turns":5},{"damage":0,"enemies":"Snake Plant","floor":25,"turns":4},{"damage":3,"enemies":"Chosen and Byrds","floor":28,"turns":8},{"damage":22,"enemies":"Slavers","floor":29,"turns":4},{"damage":13,"enemies":"3 Cultists","floor":31,"turns":5},{"damage":111,"enemies":"Champ","floor":33,"turns":11}],"seed_played":"-3877768114048228186","potions_obtained":[{"floor":7,"key":"Swift Potion"},{"floor":8,"key":"SteroidPotion"},{"floor":11,"key":"Dexterity Potion"},{"floor":12,"key":"FearPotion"},{"floor":17,"key":"Energy Potion"},{"floor":23,"key":"Dexterity Potion"},{"floor":28,"key":"Fire Potion"},{"floor":29,"key":"SteroidPotion"}],"is_trial":false,"path_per_floor":["M","?","M","?","?","E","M","E","T","R","E","M","$","M","R","B",null,"M","$","?","M","$","M","R","M","T","?","M","E","?","M","R","B"],"character_chosen":"IRONCLAD","items_purchased":["Dark Shackles","Intimidate","Body Slam","Happy Flower","Power Through"],"campfire_rested":2,"item_purchase_floors":[13,13,13,19,22],"current_hp_per_floor":[80,69,75,59,59,65,71,60,60,80,67,72,72,77,77,80,85,80,80,80,72,72,65,65,71,71,71,74,58,58,51,85,0],"gold":367,"neow_bonus":"THREE_ENEMY_KILL","is_prod":false,"is_daily":false,"chose_seed":false,"campfire_upgraded":2,"win_rate":0,"timestamp":1555035165,"path_taken":["M","?","M","?","?","E","M","E","T","R","E","M","$","?","R","BOSS","M","$","?","?","$","M","R","M","T","?","?","E","?","M","R","BOSS"],"build_version":"2019-01-23","purchased_purges":3,"victory":false,"max_hp_per_floor":[80,80,80,80,80,80,80,80,80,80,80,80,80,80,80,80,85,85,85,85,85,85,85,85,85,85,85,85,85,85,85,85,85],"card_choices":[{"not_picked":["Headbutt","Second Wind"],"picked":"Armaments","floor":1},{"not_picked":["Havoc","Power Through"],"picked":"Infernal Blade","floor":3},{"not_picked":["Wild Strike","Headbutt"],"picked":"Impervious","floor":6},{"not_picked":["Pommel Strike","Carnage"],"picked":"Flex","floor":7},{"not_picked":["Cleave","Rupture"],"picked":"Clash","floor":8},{"not_picked":["Armaments","Clash"],"picked":"Cleave","floor":11},{"not_picked":["Entrench","Cleave"],"picked":"Shockwave","floor":12},{"not_picked":["Perfected Strike","Blood for Blood"],"picked":"Heavy Blade","floor":14},{"not_picked":["Brutality","Fiend Fire"],"picked":"Bludgeon","floor":16},{"not_picked":["Havoc","Combust"],"picked":"Body Slam","floor":17},{"not_picked":["Clothesline","Infernal Blade"],"picked":"Warcry","floor":18},{"not_picked":["Sentinel","Armaments"],"picked":"Flex","floor":21},{"not_picked":["Sword Boomerang","Wild Strike"],"picked":"Feel No Pain+1","floor":23},{"not_picked":["Clash","Combust"],"picked":"Double Tap","floor":25},{"not_picked":["Reckless Charge","Heavy Blade","Blood for Blood+1"],"picked":"SKIP","floor":28},{"not_picked":["Power Through+1","Flex","Clash+1"],"picked":"SKIP","floor":29},{"not_picked":["Intimidate","Anger"],"picked":"Pommel Strike+1","floor":31}],"player_experience":128292,"relics_obtained":[{"floor":6,"key":"Smiling Mask"},{"floor":8,"key":"Pen Nib"},{"floor":9,"key":"Centennial Puzzle"},{"floor":11,"key":"Regal Pillow"},{"floor":26,"key":"PreservedInsect"},{"floor":29,"key":"Mummified Hand"}],"event_choices":[{"damage_healed":0,"gold_gain":75,"player_choice":"Gather Gold","damage_taken":11,"max_hp_gain":0,"max_hp_loss":0,"event_name":"World of Goop","floor":2,"gold_loss":0},{"damage_healed":0,"gold_gain":0,"player_choice":"Entered Light","damage_taken":16,"max_hp_gain":0,"max_hp_loss":0,"event_name":"Shining Light","floor":4,"gold_loss":0,"cards_upgraded":["Defend_R","Strike_R"]},{"damage_healed":0,"gold_gain":0,"player_choice":"Forge","damage_taken":0,"max_hp_gain":0,"max_hp_loss":0,"event_name":"Accursed Blacksmith","floor":5,"gold_loss":0,"cards_upgraded":["Infernal Blade"]},{"damage_healed":0,"gold_gain":250,"player_choice":"Bet on Owner","damage_taken":0,"max_hp_gain":0,"max_hp_loss":0,"event_name":"The Joust","floor":20,"gold_loss":50},{"damage_healed":0,"gold_gain":100,"player_choice":"Pray","damage_taken":0,"max_hp_gain":0,"max_hp_loss":0,"event_name":"Golden Shrine","floor":27,"gold_loss":0},{"damage_healed":0,"gold_gain":0,"cards_transformed":["Clash"],"player_choice":"Transformed","damage_taken":0,"max_hp_gain":0,"max_hp_loss":0,"event_name":"Transmorgrifier","floor":30,"gold_loss":0,"cards_obtained":["Evolve"]}],"is_beta":false,"boss_relics":[{"not_picked":["Calling Bell","Busted Crown"],"picked":"Tiny House"}],"items_purged_floors":[13,19,22],"is_endless":false,"potions_floor_spawned":[7,8,11,12,14,23,28,29,31],"killed_by":"Champ","ascension_level":2}