{"gold_per_floor":[112,62,62,82,102,102,112,141,193,207,225,239,254,222,222,319,319,337,348,14,14,14,14,33,33,33,33,63,63,63],"floor_reached":30,"playtime":1481,"items_purged":[],"score":277,"play_id":"f98aebb0-912c-47a4-903b-1fc090abceac","local_time":"20180712031537","is_ascension_mode":true,"campfire_choices":[{"data":"Backflip","floor":6.0,"key":"SMITH"},{"floor":15.0,"key":"REST"},{"floor":23.0,"key":"REST"},{"floor":25.0,"key":"REST"},{"data":"Storm of Steel","floor":29.0,"key":"SMITH"}],"neow_cost":"","seed_source_timestamp":871915822492801,"circlet_count":0,"master_deck":["Defend_G","Defend_G","Defend_G","Defend_G","Strike_G","Strike_G","Strike_G+1","Survivor","Neutralize","All Out Attack+1","Grand Finale","Quick Slash","Backflip+1","Deadly Poison","Cloak And Dagger","Well Laid Plans","Bane","Flying Knee","Deflect","Storm of Steel+1","Flechettes+1","Expertise+1","Burst","Dodge and Roll","Necronomicurse","Leg Sweep+1"],"special_seed":0,"relics":["Ring of the Snake","Kunai","Whetstone","Runic Pyramid","Shuriken","Toxic Egg 2","Necronomicon","Snake Skull"],"potions_floor_usage":[],"damage_taken":[{"damage":0.0,"enemies":"Jaw Worm","floor":1.0,"turns":5.0},{"damage":0.0,"enemies":"Small Slimes","floor":4.0,"turns":2.0},{"damage":0.0,"enemies":"2 Louse","floor":5.0,"turns":2.0},{"damage":29.0,"enemies":"Gremlin Gang","floor":7.0,"turns":6.0},{"damage":17.0,"enemies":"3 Sentries","floor":8.0,"turns":9.0},{"damage":3.0,"enemies":"Large Slime","floor":10.0,"turns":6.0},{"damage":0.0,"enemies":"3 Louse","floor":11.0,"turns":2.0},{"damage":2.0,"enemies":"Looter","floor":12.0,"turns":4.0},{"damage":0.0,"enemies":"2 Fungi Beasts","floor":13.0,"turns":2.0},{"damage":22.0,"enemies":"The Guardian","floor":16.0,"turns":9.0},{"damage":24.0,"enemies":"Shell Parasite","floor":18.0,"turns":5.0},{"damage":29.0,"enemies":"2 Thieves","floor":19.0,"turns":5.0},{"damage":0.0,"enemies":"3 Cultists","floor":24.0,"turns":4.0},{"damage":11.0,"enemies":"Gremlin Leader","floor":28.0,"turns":6.0},{"damage":64,"enemies":"Slavers","floor":30,"turns":5}],"seed_played":"8367801558515845764","potions_obtained":[{"floor":1.0,"key":"SteroidPotion"},{"floor":8.0,"key":"AttackPotion"},{"floor":12.0,"key":"SkillPotion"},{"floor":13.0,"key":"Explosive Potion"},{"floor":18.0,"key":"Ancient Potion"},{"floor":24.0,"key":"Regen Potion"}],"is_trial":false,"path_per_floor":["M","?","?","M","M","R","M","E","T","M","M","M","M","?","R","B",null,"M","M","$","?","$","R","M","R","T","?","E","R"],"character_chosen":"THE_SILENT","items_purchased":["Shuriken","Burst"],"campfire_rested":3,"item_purchase_floors":[20,20],"current_hp_per_floor":[70,70,70,70,70,70,41,24,24,21,21,19,19,19,40,18,70,46,17,17,17,17,38,38,59,59,43,47,47,0],"gold":63,"neow_bonus":"","is_prod":false,"is_daily":false,"chose_seed":false,"campfire_upgraded":2,"win_rate":0,"timestamp":1531386937,"path_taken":["M","?","?","?","M","R","M","E","T","M","M","M","M","?","R","BOSS","M","M","$","?","$","R","M","R","T","?","E","R","E"],"build_version":"2018-07-05","purchased_purges":0,"victory":false,"max_hp_per_floor":[70,70,70,70,70,70,70,70,70,70,70,70,70,70,70,70,70,70,70,70,70,70,70,70,70,70,70,70,70,70],"card_choices":[{"not_picked":["Dagger Throw","Dagger Spray"],"picked":"All Out Attack","floor":1.0},{"not_picked":["Bane","Slice"],"picked":"Quick Slash","floor":4.0},{"not_picked":["Concentrate","Quick Slash"],"picked":"Backflip","floor":5.0},{"not_picked":["Heel Hook","Slice"],"picked":"Deadly Poison","floor":7.0},{"not_picked":["Well Laid Plans","Choke"],"picked":"Cloak And Dagger","floor":8.0},{"not_picked":["Reflex","Deflect"],"picked":"Well Laid Plans","floor":10.0},{"not_picked":["Masterful Stab","Tools of the Trade"],"picked":"Bane","floor":11.0},{"not_picked":["Prepared","Backstab"],"picked":"Flying Knee","floor":12.0},{"not_picked":["Well Laid Plans","Outmaneuver"],"picked":"Deflect","floor":13.0},{"not_picked":["Adrenaline","After Image"],"picked":"Storm of Steel","floor":16.0},{"not_picked":["Acrobatics+1","Underhanded Strike"],"picked":"Flechettes+1","floor":18.0},{"not_picked":["Slice","Underhanded Strike"],"picked":"Expertise+1","floor":19.0},{"not_picked":["Eviscerate+1","Escape Plan"],"picked":"Dodge and Roll","floor":24.0},{"not_picked":["Heel Hook","Poisoned Stab"],"picked":"Leg Sweep+1","floor":28.0}],"player_experience":97861,"relics_obtained":[{"floor":8.0,"key":"Kunai"},{"floor":9.0,"key":"Whetstone"},{"floor":26.0,"key":"Toxic Egg 2"},{"floor":27.0,"key":"Necronomicon"},{"floor":28.0,"key":"Snake Skull"}],"event_choices":[{"event_name":"The Cleric","player_choice":"Card Removal","floor":2.0,"damage_taken":0.0},{"event_name":"Living Wall","player_choice":"Change","floor":3.0,"damage_taken":0.0},{"event_name":"World of Goop","player_choice":"Left","floor":14.0,"damage_taken":0.0},{"event_name":"Purifier","player_choice":"One Purge","floor":21.0,"damage_taken":0.0},{"event_name":"Cursed Tome","player_choice":"Obtained Book","floor":27.0,"damage_taken":0.0}],"boss_relics":[{"not_picked":["Velvet Choker","Lizard Tail"],"picked":"Runic Pyramid"}],"items_purged_floors":[],"is_endless":false,"potions_floor_spawned":[1,8,12,13,18,24],"killed_by":"Slavers","ascension_level":2}