{"gold_per_floor":[115,65,14,24,38,38,12,47,47,47,76,76,56,81,81,185,185,204,238,81,94,109,141,141,173,173,173,21,56,56,76,76,172,172,190,209,221,241,34,62,62,87,112,125,85,85,96,106,106,106],"floor_reached":51,"playtime":6181,"items_purged":[],"score":1214,"play_id":"e75d112a-41bb-4a2f-be86-2bfdf1aa056b","local_time":"20190407093009","is_ascension_mode":true,"campfire_choices":[{"data":"Go for the Eyes","floor":6.0,"key":"SMITH"},{"data":"Defragment","floor":10.0,"key":"SMITH"},{"floor":12.0,"key":"REST"},{"floor":15.0,"key":"REST"},{"floor":24.0,"key":"REST"},{"floor":27.0,"key":"RECALL"},{"floor":30.0,"key":"REST"},{"floor":32.0,"key":"REST"},{"floor":46,"key":"REST"},{"floor":49,"key":"REST"}],"neow_cost":"PERCENT_DAMAGE","seed_source_timestamp":0,"circlet_count":0,"master_deck":["AscendersBane","Strike_B","Strike_B","Strike_B","Defend_B","Defend_B","Defend_B","Defend_B","Zap","Dualcast","Go for the Eyes+1","Defragment+1","Electrodynamics","Steam","Echo Form","White Noise","Coolheaded+1","Glacier+1","Defragment","Force Field","Conserve Battery","Echo Form","White Noise","Go for the Eyes","Finesse","Ball Lightning","Rip and Tear+1","Capacitor","Rip and Tear+1","Stack+1"],"special_seed":0,"relics":["Cracked Core","Torii","FossilizedHelix","Emotion Chip","Blood Vial","Kunai","Fusion Hammer","Red Mask","Strawberry","Bottled Flame","Bottled Tornado","Darkstone Periapt","Oddly Smooth Stone","Ornamental Fan","Lizard Tail","ClockworkSouvenir","Matryoshka","Centennial Puzzle","Art of War","Dream Catcher"],"potions_floor_usage":[40,48,50],"damage_taken":[{"damage":1.0,"enemies":"2 Louse","floor":1.0,"turns":2.0},{"damage":2.0,"enemies":"Cultist","floor":4.0,"turns":4.0},{"damage":1.0,"enemies":"Jaw Worm","floor":5.0,"turns":5.0},{"damage":14.0,"enemies":"Gremlin Nob","floor":8.0,"turns":4.0},{"damage":10.0,"enemies":"3 Sentries","floor":11.0,"turns":4.0},{"damage":12.0,"enemies":"Lagavulin","floor":14.0,"turns":7.0},{"damage":7.0,"enemies":"The Guardian","floor":16.0,"turns":11.0},{"damage":0.0,"enemies":"Chosen","floor":18.0,"turns":4.0},{"damage":12.0,"enemies":"Masked Bandits","floor":19.0,"turns":3.0},{"damage":22.0,"enemies":"2 Thieves","floor":21.0,"turns":3.0},{"damage":12.0,"enemies":"Shelled Parasite and Fungi","floor":22.0,"turns":6.0},{"damage":20.0,"enemies":"Gremlin Leader","floor":23.0,"turns":5.0},{"damage":7.0,"enemies":"Book of Stabbing","floor":25.0,"turns":6.0},{"damage":2.0,"enemies":"Gremlin Leader","floor":29.0,"turns":7.0},{"damage":2.0,"enemies":"Cultist and Chosen","floor":31.0,"turns":6.0},{"damage":1.0,"enemies":"Automaton","floor":33.0,"turns":23.0},{"damage":0.0,"enemies":"Orb Walker","floor":35.0,"turns":6.0},{"damage":10,"enemies":"3 Darklings","floor":36,"turns":6},{"damage":6,"enemies":"Spire Growth","floor":37,"turns":5},{"damage":11,"enemies":"Transient","floor":38,"turns":5},{"damage":0,"enemies":"Nemesis","floor":40,"turns":13},{"damage":0,"enemies":"Giant Head","floor":42,"turns":18},{"damage":30,"enemies":"3 Darklings","floor":44,"turns":4},{"damage":0,"enemies":"Spire Growth","floor":47,"turns":7},{"damage":24,"enemies":"Jaw Worm Horde","floor":48,"turns":5},{"damage":33,"enemies":"Time Eater","floor":50,"turns":11}],"seed_played":"-4672459417451058572","potions_obtained":[{"floor":5.0,"key":"EssenceOfSteel"},{"floor":11.0,"key":"FearPotion"},{"floor":13.0,"key":"Poison Potion"},{"floor":14.0,"key":"GamblersBrew"},{"floor":16.0,"key":"Block Potion"},{"floor":23.0,"key":"Weak Potion"},{"floor":29.0,"key":"SteroidPotion"},{"floor":31.0,"key":"EssenceOfSteel"},{"floor":42,"key":"Block Potion"},{"floor":47,"key":"Strength Potion"}],"is_trial":false,"path_per_floor":["M","?","$","M","M","R","$","E","T","R","E","R","?","E","R","B",null,"M","?","$","M","M","E","R","E","T","R","$","E","R","M","R","B",null,"M","M","M","M","$","E","?","E","T","M","$","R","M","M","R","B",null],"character_chosen":"DEFECT","items_purchased":["Go for the Eyes","Steam","Strawberry","Oddly Smooth Stone","ClockworkSouvenir","Capacitor"],"campfire_rested":7,"item_purchase_floors":[3,7,20,28,39,45],"current_hp_per_floor":[49,49,49,47,46,46,46,32,32,32,22,44,44,34,56,51,69,71,61,68,48,38,20,44,39,39,39,39,39,63,63,82,81,82,82,72,68,59,59,61,51,53,53,25,25,49,51,29,53,22],"gold":106,"neow_bonus":"ONE_RARE_RELIC","is_prod":false,"is_daily":false,"chose_seed":false,"campfire_upgraded":2,"win_rate":0,"timestamp":1554647409,"path_taken":["M","?","$","M","M","R","$","E","T","R","E","R","?","E","R","BOSS","M","?","$","M","M","E","R","E","T","R","$","E","R","M","R","BOSS","M","M","M","M","$","E","?","E","T","M","$","R","M","M","R","BOSS"],"build_version":"2019-01-23","purchased_purges":0,"victory":true,"max_hp_per_floor":[75,75,75,75,75,75,75,75,75,75,75,75,75,75,75,75,75,75,75,82,82,82,82,82,82,82,82,82,82,82,82,82,82,82,82,82,82,82,82,82,82,82,82,82,82,82,82,82,82,82],"card_choices":[{"not_picked":["Beam Cell","Doom and Gloom","Redo"],"picked":"SKIP","floor":1.0},{"not_picked":["Redo","Barrage"],"picked":"Defragment","floor":4.0},{"not_picked":["Compile Driver","Ball Lightning"],"picked":"Electrodynamics","floor":5.0},{"not_picked":["Blizzard","Consume","Turbo"],"picked":"SKIP","floor":8.0},{"not_picked":["Fusion","Hello World","Recycle"],"picked":"SKIP","floor":11.0},{"not_picked":["Beam Cell","Darkness","Compile Driver"],"picked":"SKIP","floor":14.0},{"not_picked":["Seek","Hyperbeam"],"picked":"Echo Form","floor":16.0},{"not_picked":["Capacitor","Gash"],"picked":"White Noise","floor":18.0},{"not_picked":["Barrage","Turbo+1"],"picked":"Coolheaded+1","floor":19.0},{"not_picked":["Hologram","Chill"],"picked":"Glacier+1","floor":21.0},{"not_picked":["Sweeping Beam+1","BootSequence"],"picked":"Defragment","floor":22.0},{"not_picked":["Reinforced Body","Storm"],"picked":"Force Field","floor":23.0},{"not_picked":["Redo","Barrage"],"picked":"Conserve Battery","floor":25.0},{"not_picked":["Ball Lightning+1","Redo+1","Streamline+1"],"picked":"SKIP","floor":29.0},{"not_picked":["Reprogram+1","Rainbow","Doom and Gloom"],"picked":"SKIP","floor":31.0},{"not_picked":["Electrodynamics","Core Surge"],"picked":"Echo Form","floor":33.0},{"not_picked":["Genetic Algorithm","Heatsinks+1","Stack+1"],"picked":"SKIP","floor":35.0},{"not_picked":["Doom and Gloom","Storm+1"],"picked":"White Noise","floor":36},{"not_picked":["Fusion","Streamline+1","Chaos"],"picked":"SKIP","floor":37},{"not_picked":["Turbo+1","Rebound+1","Barrage+1"],"picked":"SKIP","floor":38},{"not_picked":["Sweeping Beam+1","Genetic Algorithm+1"],"picked":"Go for the Eyes","floor":40},{"not_picked":["Deep Breath","Swift Strike"],"picked":"Finesse","floor":41},{"not_picked":["Lockon","Go for the Eyes+1"],"picked":"Ball Lightning","floor":42},{"not_picked":["Loop","Stack"],"picked":"Rip and Tear+1","floor":44},{"not_picked":["Compile Driver+1","Redo+1"],"picked":"Rip and Tear+1","floor":47},{"not_picked":["Reinforced Body","Auto Shields"],"picked":"Stack+1","floor":48}],"player_experience":270754,"relics_obtained":[{"floor":8.0,"key":"FossilizedHelix"},{"floor":9.0,"key":"Emotion Chip"},{"floor":11.0,"key":"Blood Vial"},{"floor":14.0,"key":"Kunai"},{"floor":19.0,"key":"Red Mask"},{"floor":23.0,"key":"Bottled Flame"},{"floor":25.0,"key":"Bottled Tornado"},{"floor":26.0,"key":"Darkstone Periapt"},{"floor":29.0,"key":"Ornamental Fan"},{"floor":40,"key":"Matryoshka"},{"floor":42,"key":"Centennial Puzzle"},{"floor":43,"key":"Art of War"},{"floor":43,"key":"Dream Catcher"}],"event_choices":[{"cards_removed":["Strike_B"],"damage_healed":0.0,"max_hp_gain":0.0,"max_hp_loss":0.0,"gold_gain":0.0,"event_name":"The Cleric","player_choice":"Card Removal","floor":2.0,"gold_loss":50.0,"damage_taken":0.0},{"damage_healed":0.0,"max_hp_gain":0.0,"max_hp_loss":0.0,"gold_gain":0.0,"event_name":"The Woman in Blue","player_choice":"Bought 1 Potion","floor":13.0,"gold_loss":0.0,"damage_taken":0.0},{"damage_healed":0.0,"max_hp_gain":0.0,"max_hp_loss":0.0,"gold_gain":0.0,"event_name":"Masked Bandits","player_choice":"Fought Bandits","floor":19.0,"gold_loss":0.0,"damage_taken":0.0},{"damage_healed":0,"gold_gain":0,"player_choice":"Memory 3","damage_taken":10,"max_hp_gain":0,"max_hp_loss":0,"event_name":"SensoryStone","floor":41,"gold_loss":0}],"is_beta":false,"boss_relics":[{"not_picked":["Runic Dome","Tiny House"],"picked":"Fusion Hammer"},{"not_picked":["Snecko Eye","Velvet Choker"],"picked":"Lizard Tail"}],"items_purged_floors":[],"is_endless":false,"potions_floor_spawned":[5,11,14,16,22,23,29,31,36,38,42,44,47],"ascension_level":11}