{"gold_per_floor":[113,288,288,153,170,170,185,185],"floor_reached":8,"playtime":7908,"items_purged":[],"score":71,"play_id":"ffd24e6c-f8b1-4d0d-b4a6-180d2f6d6ed2","local_time":"20190304002644","is_ascension_mode":true,"campfire_choices":[{"data":"Echo Form","floor":6,"key":"SMITH"}],"neow_cost":"NONE","seed_source_timestamp":124340884960676,"circlet_count":0,"master_deck":["AscendersBane","Strike_B","Strike_B","Strike_B","Defend_B","Defend_B","Defend_B","Defend_B","Zap","Dualcast","Self Repair","Conserve Battery","Coolheaded","Rebound","Auto Shields","Aggregate","Doubt","Skim","Echo Form+1","Redo","Capacitor"],"relics":["Orrery"],"potions_floor_usage":[],"damage_taken":[{"damage":0,"enemies":"Jaw Worm","floor":1,"turns":8},{"damage":5,"enemies":"2 Louse","floor":5,"turns":5},{"damage":12,"enemies":"Cultist","floor":7,"turns":8},{"damage":18,"enemies":"Gremlin Gang","floor":8,"turns":3}],"seed_played":"749053931540580593","potions_obtained":[{"floor":5,"key":"Regen Potion"}],"is_trial":false,"path_per_floor":["M","?","?","$","M","R","M","M"],"character_chosen":"DEFECT","items_purchased":["Echo Form"],"campfire_rested":0,"item_purchase_floors":[4],"current_hp_per_floor":[75,75,75,75,75,75,70,52],"gold":185,"neow_bonus":"BOSS_RELIC","is_prod":false,"is_daily":false,"chose_seed":false,"campfire_upgraded":1,"win_rate":0,"timestamp":1551680804,"path_taken":["M","?","?","$","?","R","?","?"],"build_version":"2019-01-23","purchased_purges":0,"victory":false,"max_hp_per_floor":[75,75,75,75,75,75,75,75],"card_choices":[{"not_picked":["Amplify","Doom and Gloom"],"picked":"Self Repair","floor":0},{"not_picked":["Barrage","Melter"],"picked":"Conserve Battery","floor":0},{"not_picked":["Turbo","Hologram"],"picked":"Coolheaded","floor":0},{"not_picked":["Beam Cell","Storm"],"picked":"Rebound","floor":0},{"not_picked":["Beam Cell","Hologram"],"picked":"Auto Shields","floor":0},{"not_picked":["Coolheaded","Go for the Eyes"],"picked":"Aggregate","floor":1},{"not_picked":["Turbo","Reprogram"],"picked":"Redo","floor":5},{"not_picked":["Compile Driver","Echo Form"],"picked":"Capacitor","floor":7}],"player_experience":617871,"relics_obtained":[],"event_choices":[{"damage_healed":0,"gold_gain":175,"player_choice":"AGREE","damage_taken":0,"max_hp_gain":0,"max_hp_loss":0,"event_name":"Liars Game","floor":2,"gold_loss":0,"cards_obtained":["Doubt"]},{"damage_healed":0,"gold_gain":0,"cards_transformed":["Strike_B"],"player_choice":"Transformed","damage_taken":0,"max_hp_gain":0,"max_hp_loss":0,"event_name":"Transmorgrifier","floor":3,"gold_loss":0,"cards_obtained":["Skim"]}],"is_beta":false,"boss_relics":[],"items_purged_floors":[],"is_endless":false,"potions_floor_spawned":[5],"killed_by":"Gremlin Gang","ascension_level":11}