{"gold_per_floor":[114,131,131,151,151,182,182,202,227,240,16,0,22,22,22,126,126,138,53,66,66],"floor_reached":21,"playtime":1329,"items_purged":["Strike_B"],"score":197,"play_id":"b9dfbd66-3ab2-4910-8153-ca912512820a","local_time":"20190410222120","is_ascension_mode":true,"campfire_choices":[{"floor":7,"key":"REST"},{"floor":15,"key":"REST"}],"neow_cost":"NONE","seed_source_timestamp":526042816711385,"circlet_count":0,"master_deck":["Strike_B","Defend_B","Defend_B","Defend_B","Defend_B","Zap","Dualcast","Lockon","Coolheaded","Gash","Capacitor","Barrage","Ball Lightning","Gash","Melter","Loop","Blizzard","Echo Form","Heatsinks","Cold Snap"],"relics":["Cracked Core","Ancient Tea Set","Bag of Marbles","Odd Mushroom","Ornamental Fan","Busted Crown","Vajra"],"potions_floor_usage":[13,13],"damage_taken":[{"damage":2,"enemies":"Jaw Worm","floor":1,"turns":3},{"damage":1,"enemies":"Cultist","floor":2,"turns":4},{"damage":2,"enemies":"2 Louse","floor":4,"turns":4},{"damage":25,"enemies":"Lagavulin","floor":6,"turns":7},{"damage":10,"enemies":"2 Fungi Beasts","floor":8,"turns":5},{"damage":10,"enemies":"Looter","floor":10,"turns":3},{"damage":18,"enemies":"The Mushroom Lair","floor":13,"turns":3},{"damage":31,"enemies":"Slime Boss","floor":16,"turns":9},{"damage":54,"enemies":"3 Byrds","floor":18,"turns":5},{"damage":20,"enemies":"Spheric Guardian","floor":20,"turns":4},{"damage":6,"enemies":"Snecko","floor":21,"turns":2}],"seed_played":"8546283766886087641","potions_obtained":[{"floor":2,"key":"Fire Potion"},{"floor":6,"key":"Fire Potion"},{"floor":8,"key":"Energy Potion"},{"floor":13,"key":"Ancient Potion"}],"is_trial":false,"path_per_floor":["M","M","?","M","?","E","R","M","T","M","$","?","?","T","R","B",null,"M","?","M","M"],"character_chosen":"DEFECT","items_purchased":["Melter","Loop"],"campfire_rested":2,"item_purchase_floors":[11,11],"current_hp_per_floor":[73,72,72,70,75,50,74,64,64,54,54,54,36,36,60,29,80,26,26,6,0],"gold":66,"neow_bonus":"TRANSFORM_CARD","is_prod":false,"is_daily":false,"chose_seed":false,"campfire_upgraded":0,"win_rate":0,"timestamp":1554949280,"path_taken":["M","M","?","?","?","E","R","M","T","M","$","?","?","?","R","BOSS","M","?","M","M"],"build_version":"2019-01-23","purchased_purges":1,"victory":false,"max_hp_per_floor":[75,75,75,75,80,80,80,80,80,80,80,80,80,80,80,80,80,80,80,80,80],"card_choices":[{"not_picked":["Heatsinks","Streamline"],"picked":"Coolheaded","floor":1},{"not_picked":["Sweeping Beam","Hologram"],"picked":"Gash","floor":2},{"not_picked":["Beam Cell","Cold Snap"],"picked":"Capacitor","floor":4},{"not_picked":["Sweeping Beam","Fusion"],"picked":"Barrage","floor":6},{"not_picked":["Chill","Scrape"],"picked":"Ball Lightning","floor":8},{"not_picked":["Rebound","Sunder"],"picked":"Gash","floor":10},{"not_picked":["Conserve Battery","Skim"],"picked":"Blizzard","floor":13},{"not_picked":["Fission","Biased Cognition"],"picked":"Echo Form","floor":16},{"not_picked":[],"picked":"Heatsinks","floor":18},{"not_picked":[],"picked":"Cold Snap","floor":20}],"player_experience":118320,"relics_obtained":[{"floor":6,"key":"Ancient Tea Set"},{"floor":9,"key":"Bag of Marbles"},{"floor":13,"key":"Odd Mushroom"},{"floor":14,"key":"Ornamental Fan"}],"event_choices":[{"cards_removed":["Strike_B"],"damage_healed":0,"gold_gain":0,"player_choice":"Card Removal","damage_taken":0,"max_hp_gain":0,"max_hp_loss":0,"event_name":"Wheel of Change","floor":3,"gold_loss":0},{"damage_healed":0,"gold_gain":0,"player_choice":"Donut","damage_taken":0,"max_hp_gain":5,"max_hp_loss":0,"event_name":"Big Fish","floor":5,"gold_loss":0},{"damage_healed":0,"gold_gain":0,"player_choice":"Left Gold","damage_taken":0,"max_hp_gain":0,"max_hp_loss":0,"event_name":"World of Goop","floor":12,"gold_loss":16},{"damage_healed":0,"gold_gain":0,"player_choice":"Fought Mushrooms","damage_taken":0,"max_hp_gain":0,"max_hp_loss":0,"event_name":"Mushrooms","floor":13,"gold_loss":0},{"damage_healed":0,"gold_gain":0,"player_choice":"Obtained Relic","damage_taken":0,"relics_obtained":["Vajra"],"max_hp_gain":0,"max_hp_loss":0,"event_name":"Addict","floor":19,"gold_loss":85}],"is_beta":false,"boss_relics":[{"not_picked":["Coffee Dripper","Ectoplasm"],"picked":"Busted Crown"}],"items_purged_floors":[11],"is_endless":false,"potions_floor_spawned":[2,6,8,13],"killed_by":"Snecko","ascension_level":2}