{"gold_per_floor":[116,135,210,21,36,14,14,49,96,111,111,131,131,142,142,242,242,257,270,290,205,63,63,90,52,78,78,78,78,93,104,104,199,199,213,113,113,125,140,140,174,174,174,194,205,222,240,254,254,254],"floor_reached":51,"playtime":5794,"items_purged":["Strike_B","Strike_B"],"score":680,"play_id":"798f3b75-0d1e-4765-9903-01ee378b665f","local_time":"20190324011035","is_ascension_mode":false,"campfire_choices":[{"data":"Chill","floor":7.0,"key":"SMITH"},{"floor":11.0,"key":"REST"},{"data":"Defragment","floor":13.0,"key":"SMITH"},{"data":"Fission","floor":15.0,"key":"SMITH"},{"data":"Creative AI","floor":23,"key":"SMITH"},{"data":"Heatsinks","floor":27,"key":"SMITH"},{"data":"Storm","floor":29,"key":"SMITH"},{"data":"Coolheaded","floor":32,"key":"SMITH"},{"data":"Seek","floor":40,"key":"SMITH"},{"data":"Electrodynamics","floor":42,"key":"SMITH"},{"floor":49,"key":"REST"}],"neow_cost":"NONE","seed_source_timestamp":131698057955865,"circlet_count":0,"master_deck":["Defend_B","Defend_B","Defend_B","Defend_B","Zap","Dualcast","Coolheaded+1","Conserve Battery","Chill+1","Capacitor","Hologram","Defragment+1","Auto Shields","Fission+1","Creative AI+1","Auto Shields+1","Heatsinks+1","Force Field","Storm","Multi-Cast","Storm+1","Double Energy","Leap","Seek+1","BootSequence+1","Electrodynamics+1","Force Field+1"],"special_seed":0,"relics":["Cracked Core","NeowsBlessing","Meat on the Bone","PreservedInsect","Sozu","Blood Vial","Pantograph","Lantern","Velvet Choker","Boot","Oddly Smooth Stone"],"potions_floor_usage":[],"damage_taken":[{"damage":0.0,"enemies":"Cultist","floor":1.0,"turns":1.0},{"damage":0.0,"enemies":"Jaw Worm","floor":2.0,"turns":1.0},{"damage":0.0,"enemies":"2 Louse","floor":5.0,"turns":1.0},{"damage":22.0,"enemies":"Exordium Thugs","floor":6.0,"turns":5.0},{"damage":40.0,"enemies":"Gremlin Nob","floor":8.0,"turns":6.0},{"damage":5.0,"enemies":"Blue Slaver","floor":10.0,"turns":5.0},{"damage":0.0,"enemies":"Red Slaver","floor":12.0,"turns":6.0},{"damage":0.0,"enemies":"3 Louse","floor":14.0,"turns":5.0},{"damage":34.0,"enemies":"Hexaghost","floor":16.0,"turns":15.0},{"damage":0,"enemies":"Chosen","floor":18,"turns":6},{"damage":1,"enemies":"Spheric Guardian","floor":19,"turns":7},{"damage":0,"enemies":"Centurion and Healer","floor":20,"turns":14},{"damage":7,"enemies":"Slavers","floor":24,"turns":6},{"damage":23,"enemies":"3 Cultists","floor":30,"turns":4},{"damage":12,"enemies":"Snake Plant","floor":31,"turns":3},{"damage":31,"enemies":"Collector","floor":33,"turns":8},{"damage":1,"enemies":"3 Shapes","floor":35,"turns":4},{"damage":9,"enemies":"3 Darklings","floor":38,"turns":4},{"damage":4,"enemies":"Transient","floor":39,"turns":5},{"damage":0,"enemies":"Reptomancer","floor":41,"turns":4},{"damage":25,"enemies":"Spire Growth","floor":44,"turns":5},{"damage":0,"enemies":"Sphere and 2 Shapes","floor":45,"turns":4},{"damage":6,"enemies":"Maw","floor":46,"turns":7},{"damage":0,"enemies":"3 Darklings","floor":47,"turns":2},{"damage":12,"enemies":"Writhing Mass","floor":48,"turns":4},{"damage":6,"enemies":"Donu and Deca","floor":50,"turns":7}],"seed_played":"8124375208768540142","potions_obtained":[{"floor":1.0,"key":"SneckoOil"},{"floor":5.0,"key":"Regen Potion"},{"floor":10.0,"key":"Poison Potion"},{"floor":14.0,"key":"Strength Potion"}],"is_trial":false,"path_per_floor":["M","M","?","$","M","M","R","E","T","M","R","M","R","M","R","B",null,"M","M","M","?","$","R","E","$","T","R","?","R","M","M","R","B",null,"M","$","?","M","M","R","E","R","T","M","M","M","M","M","R","B",null],"character_chosen":"DEFECT","items_purchased":["Chill","Capacitor","Force Field","Storm","Storm"],"campfire_rested":2,"item_purchase_floors":[4,4,22,22,25],"current_hp_per_floor":[75,75,68,68,68,46,46,20,20,27,49,49,49,49,49,27,75,75,74,74,74,74,74,68,68,68,68,68,68,47,49,49,44,75,74,74,74,66,64,64,66,66,66,43,45,41,43,45,67,69],"gold":254,"neow_bonus":"THREE_ENEMY_KILL","is_prod":false,"is_daily":false,"chose_seed":false,"campfire_upgraded":9,"win_rate":0.0,"timestamp":1553407835,"path_taken":["M","?","?","$","M","?","R","E","T","M","R","M","R","M","R","BOSS","M","M","M","?","$","R","E","$","T","R","?","R","M","?","R","BOSS","M","$","?","M","M","R","E","R","T","M","M","M","M","M","R","BOSS"],"build_version":"2019-01-23","purchased_purges":2,"victory":true,"max_hp_per_floor":[75,75,75,75,75,75,75,75,75,75,75,75,75,75,75,75,75,75,75,75,75,75,75,75,75,75,75,75,75,75,75,75,75,75,75,75,75,75,75,75,75,75,75,75,75,75,75,75,75,75],"card_choices":[{"not_picked":["Ball Lightning","Steam Power"],"picked":"Coolheaded","floor":1.0},{"not_picked":["Gash","Hello World"],"picked":"Conserve Battery","floor":2.0},{"not_picked":["Compile Driver","Storm","Streamline"],"picked":"SKIP","floor":5.0},{"not_picked":["Beam Cell","Force Field","Gash"],"picked":"SKIP","floor":6.0},{"not_picked":["Chaos","Redo"],"picked":"Hologram","floor":8.0},{"not_picked":["Beam Cell","Sweeping Beam"],"picked":"Defragment","floor":10.0},{"not_picked":["Redo","Cold Snap"],"picked":"Auto Shields","floor":12.0},{"not_picked":["Redo","Doom and Gloom"],"picked":"Fission","floor":14.0},{"not_picked":["Amplify","Reboot"],"picked":"Creative AI","floor":16.0},{"not_picked":["Reprogram","BootSequence","Steam Power"],"picked":"SKIP","floor":18},{"not_picked":["Static Discharge+1","Gash"],"picked":"Auto Shields+1","floor":19},{"not_picked":["Go for the Eyes","Compile Driver"],"picked":"Heatsinks","floor":20},{"not_picked":["Gash","Leap"],"picked":"Multi-Cast","floor":24},{"not_picked":["Steam Power","Barrage","Chaos"],"picked":"SKIP","floor":30},{"not_picked":["Cold Snap","Rip and Tear"],"picked":"Leap","floor":31},{"not_picked":["Buffer","Machine Learning"],"picked":"Seek","floor":33},{"not_picked":["Conserve Battery","Barrage","Streamline"],"picked":"SKIP","floor":35},{"not_picked":["Stack+1","Leap"],"picked":"BootSequence+1","floor":38},{"not_picked":["Hologram+1","Lockon"],"picked":"Electrodynamics","floor":39},{"not_picked":["Hologram","Doom and Gloom","Steam Power"],"picked":"SKIP","floor":41},{"not_picked":["Genetic Algorithm+1","Cold Snap"],"picked":"Force Field+1","floor":44},{"not_picked":["Sweeping Beam+1","Capacitor+1","Steam"],"picked":"SKIP","floor":45},{"not_picked":["Barrage+1","Stack","Hello World+1"],"picked":"SKIP","floor":46},{"not_picked":["Redo","Capacitor+1","Aggregate+1"],"picked":"SKIP","floor":47},{"not_picked":["Sweeping Beam","Coolheaded","Redo+1"],"picked":"SKIP","floor":48}],"player_experience":52941,"relics_obtained":[{"floor":8.0,"key":"Meat on the Bone"},{"floor":9.0,"key":"PreservedInsect"},{"floor":24,"key":"Pantograph"},{"floor":26,"key":"Lantern"},{"floor":41,"key":"Boot"},{"floor":43,"key":"Oddly Smooth Stone"}],"event_choices":[{"damage_healed":0.0,"max_hp_gain":0.0,"max_hp_loss":0.0,"gold_gain":75.0,"event_name":"FaceTrader","player_choice":"Touch","floor":3.0,"gold_loss":0.0,"damage_taken":7.0},{"damage_healed":0,"gold_gain":0,"player_choice":"Obtained Relic","damage_taken":0,"relics_obtained":["Blood Vial"],"max_hp_gain":0,"max_hp_loss":0,"event_name":"Addict","floor":21,"gold_loss":85},{"damage_healed":0,"gold_gain":0,"cards_transformed":["Strike_B"],"player_choice":"Transformed","damage_taken":0,"max_hp_gain":0,"max_hp_loss":0,"event_name":"Transmorgrifier","floor":28,"gold_loss":0,"cards_obtained":["Double Energy"]},{"cards_removed":["Strike_B"],"damage_healed":0,"gold_gain":0,"player_choice":"Offered Basic","damage_taken":0,"max_hp_gain":0,"max_hp_loss":0,"event_name":"Bonfire Elementals","floor":37,"gold_loss":0}],"is_beta":false,"boss_relics":[{"not_picked":["White Beast Statue","Coffee Dripper"],"picked":"Sozu"},{"not_picked":["Orrery","Fusion Hammer"],"picked":"Velvet Choker"}],"items_purged_floors":[4,36],"is_endless":false,"potions_floor_spawned":[1,5,10,14,19,20,24,33,38,47,48],"ascension_level":0}