{"gold_per_floor":[117,136,136,136,16,16,45,19,19,46,62,62,95,95,95,194,194,211,229,3,14,29,29,29,62,87,103,118,118,118,118,118,217,217,235,249,249,261,6,6,6,306,331,331,382,392,392],"floor_reached":47,"playtime":2427,"items_purged":["Defend_G","Defend_G"],"score":666,"play_id":"87fea6b0-97c9-4c8b-946e-39777cca4d3e","local_time":"20180709205657","is_ascension_mode":true,"campfire_choices":[{"data":"Dagger Spray","floor":6,"key":"SMITH"},{"data":"Noxious Fumes","floor":12,"key":"SMITH"},{"data":"Blur","floor":15,"key":"SMITH"},{"floor":23,"key":"REST"},{"floor":30,"key":"REST"},{"floor":32,"key":"REST"},{"data":"Cloak And Dagger","floor":40,"key":"SMITH"},{"floor":44,"key":"REST"}],"neow_cost":"CURSE","seed_source_timestamp":675629966008671,"circlet_count":0,"master_deck":["Defend_G","Defend_G","Strike_G","Strike_G","Survivor","Neutralize+1","PiercingWail","Quick Slash","Dagger Spray+1","Noxious Fumes+1","Outmaneuver","Skewer+1","Underhanded Strike+1","Blur+1","Die Die Die+1","Riddle With Holes+1","Dash+1","Leg Sweep","Bane+1","Dagger Throw+1","Dagger Throw+1","Flying Knee+1","Footwork+1","Flying Knee+1","Flechettes+1","Deflect","Leg Sweep","Acrobatics","Bane+1","Storm of Steel","Phantasmal Killer+1","Dagger Spray+1","Masterful Stab+1","Backflip","Dagger Throw+1","Slice+1","Cloak And Dagger+1","Backflip+1","Catalyst+1","Reflex"],"relics":["Ring of the Snake","Incense Burner","Spirit Poop","Omamori","Molten Egg 2","Regal Pillow","Juzu Bracelet","Orrery","Happy Flower","Boot","Astrolabe","Lee\u0027s Waffle","Old Coin","Singing Bowl","Peace Pipe"],"potions_floor_usage":[10,16,21,22,25,25,33,36,42,45,46,46,47],"damage_taken":[{"damage":0,"enemies":"Cultist","floor":1,"turns":4},{"damage":0,"enemies":"Small Slimes","floor":2,"turns":4},{"damage":14,"enemies":"Lagavulin","floor":7,"turns":8},{"damage":8,"enemies":"3 Sentries","floor":10,"turns":6},{"damage":0,"enemies":"Jaw Worm","floor":11,"turns":3},{"damage":8,"enemies":"Lagavulin","floor":13,"turns":6},{"damage":35,"enemies":"Slime Boss","floor":16,"turns":8},{"damage":12,"enemies":"3 Byrds","floor":18,"turns":5},{"damage":0,"enemies":"Chosen","floor":19,"turns":4},{"damage":13,"enemies":"Slaver and Parasite","floor":21,"turns":7},{"damage":12,"enemies":"3 Cultists","floor":22,"turns":5},{"damage":43,"enemies":"Slavers","floor":25,"turns":5},{"damage":0,"enemies":"Centurion and Healer","floor":27,"turns":6},{"damage":16,"enemies":"Snecko","floor":28,"turns":6},{"damage":69,"enemies":"Champ","floor":33,"turns":15},{"damage":1,"enemies":"Orb Walker","floor":35,"turns":4},{"damage":11,"enemies":"3 Darklings","floor":36,"turns":4},{"damage":42,"enemies":"Maw","floor":38,"turns":9},{"damage":31,"floor":42,"turns":8},{"damage":45,"floor":45,"turns":5},{"damage":27,"enemies":"4 Shapes","floor":46,"turns":5},{"damage":5,"enemies":"3 Darklings","floor":47,"turns":4}],"seed_played":"-4964102311914353274","potions_obtained":[{"floor":1,"key":"Dexterity Potion"},{"floor":10,"key":"Swift Potion"},{"floor":16,"key":"FearPotion"},{"floor":18,"key":"FearPotion"},{"floor":19,"key":"SkillPotion"},{"floor":21,"key":"GamblersBrew"},{"floor":28,"key":"FearPotion"},{"floor":33,"key":"Energy Potion"},{"floor":35,"key":"Fire Potion"},{"floor":38,"key":"LiquidBronze"},{"floor":42,"key":"Poison Potion"},{"floor":45,"key":"SteroidPotion"},{"floor":46,"key":"GhostInAJar"}],"is_trial":false,"path_per_floor":["M","M","?","?","$","R","E","$","T","E","M","R","E","?","R","B",null,"M","M","$","M","M","R","?","E","T","M","M","?","R","?","R","B",null,"M","M","?","M","$","R","$","?","T","R","?","M"],"character_chosen":"THE_SILENT","items_purchased":["Dagger Spray","Outmaneuver","Footwork","Flying Knee+1","Lee\u0027s Waffle","Cloak And Dagger"],"campfire_rested":4,"item_purchase_floors":[5,8,20,20,39,39],"current_hp_per_floor":[70,70,70,70,70,70,56,56,56,48,48,48,40,57,57,22,70,58,58,58,45,33,69,69,26,26,26,10,10,46,37,70,1,70,69,58,58,16,77,77,77,46,46,77,32,5,0],"gold":392,"neow_bonus":"ONE_RARE_RELIC","is_prod":false,"is_daily":false,"chose_seed":false,"campfire_upgraded":4,"win_rate":0,"timestamp":1531191417,"path_taken":["M","?","?","?","$","R","E","$","T","E","M","R","E","?","R","BOSS","M","M","$","M","M","R","?","E","T","M","M","?","R","?","R","BOSS","M","M","?","M","$","R","$","?","T","R","?","M","M"],"build_version":"2018-07-05","purchased_purges":2,"victory":false,"max_hp_per_floor":[70,70,70,70,70,70,70,70,70,70,70,70,70,70,70,70,70,70,70,70,70,70,70,70,70,70,70,70,70,70,70,70,70,70,70,70,70,70,77,77,77,77,77,77,77,77,77],"card_choices":[{"not_picked":["Slice","Acrobatics"],"picked":"PiercingWail","floor":1},{"not_picked":["Dagger Spray","Choke"],"picked":"Quick Slash","floor":2},{"not_picked":["Riddle With Holes","Leg Sweep"],"picked":"Noxious Fumes","floor":7},{"not_picked":["Slice+1","Dash+1"],"picked":"Skewer+1","floor":10},{"not_picked":["Night Terror","Crippling Poison"],"picked":"Underhanded Strike+1","floor":11},{"not_picked":["Dodge and Roll","Calculated Gamble"],"picked":"Blur","floor":13},{"not_picked":["Tactician","Phantasmal Killer"],"picked":"Die Die Die+1","floor":16},{"not_picked":["Acrobatics","Deadly Poison"],"picked":"Riddle With Holes+1","floor":17},{"not_picked":["Bouncing Flask","Backflip"],"picked":"Dash+1","floor":17},{"not_picked":["Blade Dance","PiercingWail"],"picked":"Leg Sweep","floor":17},{"not_picked":["Backflip","Acrobatics"],"picked":"Bane+1","floor":17},{"not_picked":["Choke+1","Acrobatics"],"picked":"Dagger Throw+1","floor":17},{"not_picked":["Escape Plan+1","Backflip"],"picked":"Dagger Throw+1","floor":18},{"not_picked":["Dagger Spray+1","Prepared+1"],"picked":"Flying Knee+1","floor":19},{"not_picked":["PiercingWail","All Out Attack+1"],"picked":"Flechettes+1","floor":21},{"not_picked":["Outmaneuver","Accuracy+1"],"picked":"Deflect","floor":22},{"not_picked":["Bouncing Flask","Reflex","Eviscerate+1"],"picked":"SKIP","floor":25},{"not_picked":["Flying Knee+1","Quick Slash+1"],"picked":"Acrobatics","floor":27},{"not_picked":["Wraith Form v2","Dodge and Roll"],"picked":"Bane+1","floor":28},{"not_picked":["Night Terror","Envenom"],"picked":"Storm of Steel","floor":33},{"not_picked":["Dagger Spray+1","Prepared"],"picked":"Backflip","floor":35},{"not_picked":["Bouncing Flask","Acrobatics+1"],"picked":"Dagger Throw+1","floor":36},{"not_picked":["Die Die Die+1","Predator+1"],"picked":"Slice+1","floor":38},{"not_picked":["Distraction","Dodge and Roll"],"picked":"Backflip+1","floor":42},{"not_picked":["Riddle With Holes+1","Prepared+1"],"picked":"Catalyst+1","floor":45},{"not_picked":["Backflip+1","Predator+1"],"picked":"Reflex","floor":46}],"player_experience":86121,"relics_obtained":[{"floor":7,"key":"Omamori"},{"floor":9,"key":"Molten Egg 2"},{"floor":10,"key":"Regal Pillow"},{"floor":13,"key":"Juzu Bracelet"},{"floor":25,"key":"Happy Flower"},{"floor":26,"key":"Boot"},{"floor":42,"key":"Old Coin"},{"floor":43,"key":"Singing Bowl"},{"floor":45,"key":"Peace Pipe"}],"event_choices":[{"event_name":"Upgrade Shrine","player_choice":"Upgraded","floor":3,"damage_taken":0},{"event_name":"Bonfire Elementals","player_choice":"CURSE","floor":4,"damage_taken":0},{"event_name":"Mushrooms","player_choice":"Healed and dodged fight","floor":14,"damage_taken":0},{"event_name":"Transmorgrifier","player_choice":"Transform","floor":24,"damage_taken":0},{"event_name":"Upgrade Shrine","player_choice":"Upgraded","floor":29,"damage_taken":0},{"event_name":"Cursed Tome","player_choice":"Stopped","floor":31,"damage_taken":0},{"event_name":"Tomb of Lord Red Mask","player_choice":"Ignored","floor":37,"damage_taken":0},{"event_name":"MindBloom","player_choice":"Fight","floor":42,"damage_taken":0},{"event_name":"Mysterious Sphere","player_choice":"Fight","floor":45,"damage_taken":0}],"boss_relics":[{"not_picked":["Fusion Hammer","Busted Crown"],"picked":"Orrery"},{"not_picked":["Lizard Tail","Black Star"],"picked":"Astrolabe"}],"items_purged_floors":[5,20],"is_endless":false,"potions_floor_spawned":[1,10,16,18,19,21,28,33,35,38,42,45,46],"killed_by":"3 Darklings","ascension_level":1}