{"gold_per_floor":[111,111,135,7,7,7,45,60,60,60],"floor_reached":10,"playtime":469,"items_purged":["Doubt"],"score":79,"play_id":"10aa2d5c-56f8-4b37-bdae-52cd47412b2f","local_time":"20190302222606","is_ascension_mode":true,"campfire_choices":[{"data":"Evolve","floor":6,"key":"SMITH"}],"neow_cost":"CURSE","seed_source_timestamp":38141086520292,"circlet_count":0,"master_deck":["Strike_R","Strike_R","Defend_R","Defend_R","Defend_R","Defend_R","Bash","Evolve+1","Headbutt","Shrug It Off","Fire Breathing","Wild Strike","Fire Breathing","Ghostly Armor","Ghostly Armor"],"relics":["Burning Blood","Golden Idol","Letter Opener","Potion Belt"],"potions_floor_usage":[3],"damage_taken":[{"damage":4,"enemies":"Small Slimes","floor":1,"turns":4},{"damage":0,"enemies":"2 Louse","floor":3,"turns":2},{"damage":50,"enemies":"Lagavulin","floor":7,"turns":8},{"damage":2,"enemies":"Cultist","floor":8,"turns":4},{"damage":32,"enemies":"Gremlin Nob","floor":10,"turns":4}],"seed_played":"4006370789498654921","potions_obtained":[{"floor":1,"key":"Explosive Potion"},{"floor":7,"key":"LiquidBronze"}],"is_trial":false,"path_per_floor":["M","?","M","$","?","R","E","M","T","E"],"character_chosen":"IRONCLAD","items_purchased":["Wild Strike"],"campfire_rested":0,"item_purchase_floors":[4],"current_hp_per_floor":[80,74,74,74,74,74,30,34,34,2],"gold":60,"neow_bonus":"TRANSFORM_TWO_CARDS","is_prod":false,"is_daily":false,"chose_seed":false,"campfire_upgraded":1,"win_rate":0,"timestamp":1551587166,"path_taken":["M","?","M","$","?","R","E","?","T","E"],"build_version":"2019-01-23","purchased_purges":1,"victory":false,"max_hp_per_floor":[80,74,74,74,74,74,74,74,74,74],"card_choices":[{"not_picked":["Warcry","Cleave"],"picked":"Shrug It Off","floor":1},{"not_picked":["Entrench","Havoc"],"picked":"Fire Breathing","floor":3},{"not_picked":["Burning Pact","Cleave"],"picked":"Ghostly Armor","floor":7},{"not_picked":["Rage","Sentinel"],"picked":"Ghostly Armor","floor":8}],"player_experience":596489,"relics_obtained":[{"floor":7,"key":"Letter Opener"},{"floor":9,"key":"Potion Belt"}],"event_choices":[{"damage_healed":0,"gold_gain":0,"player_choice":"Lose Max HP","damage_taken":0,"relics_obtained":["Golden Idol"],"max_hp_gain":0,"max_hp_loss":6,"event_name":"Golden Idol","floor":2,"gold_loss":0},{"damage_healed":0,"gold_gain":0,"cards_transformed":["Strike_R"],"player_choice":"Transformed","damage_taken":0,"max_hp_gain":0,"max_hp_loss":0,"event_name":"Transmorgrifier","floor":5,"gold_loss":0,"cards_obtained":["Fire Breathing"]}],"is_beta":false,"boss_relics":[],"items_purged_floors":[4],"is_endless":false,"potions_floor_spawned":[1,7],"killed_by":"Gremlin Nob","ascension_level":4}