{"gold_per_floor":[114,125,125,135,150,150,3,3,3,19,47,60,60,76,76,176,176,195,195,56,56,56],"floor_reached":22,"playtime":1173,"items_purged":["Strike_G","Strike_G"],"score":211,"play_id":"4e28132e-f5e1-4e80-ae68-632ed761492f","local_time":"20180702191938","is_ascension_mode":false,"campfire_choices":[{"data":"After Image","floor":6,"key":"SMITH"},{"data":"Blade Dance","floor":8,"key":"SMITH"},{"floor":15,"key":"REST"}],"neow_cost":"TEN_PERCENT_HP_LOSS","seed_source_timestamp":66320871735867,"circlet_count":0,"master_deck":["Defend_G","Defend_G","Defend_G","Defend_G","Defend_G","Strike_G","Survivor","Neutralize","Caltrops","After Image+1","Skewer","Underhanded Strike","Deadly Poison","Dagger Throw","Blade Dance+1","PiercingWail","Backflip","Venomology","Backflip","Bullet Time","Pain","Writhe","Writhe","All Out Attack","Writhe","Well Laid Plans+1","Ghostly","Ghostly","Ghostly","Ghostly","Ghostly"],"relics":["Ring of the Snake","Meat on the Bone","Peace Pipe","Bottled Tornado","Calling Bell","Pen Nib","Dodecahedron","Tingsha","Frozen Egg 2"],"potions_floor_usage":[14,16,16,16,16,18,22],"damage_taken":[{"damage":6,"enemies":"Small Slimes","floor":1,"turns":5},{"damage":1,"enemies":"Jaw Worm","floor":2,"turns":6},{"damage":3,"enemies":"Cultist","floor":4,"turns":3},{"damage":10,"enemies":"Looter","floor":5,"turns":3},{"damage":10,"enemies":"2 Fungi Beasts","floor":10,"turns":3},{"damage":7,"enemies":"Lagavulin","floor":11,"turns":8},{"damage":0,"enemies":"Exordium Wildlife","floor":12,"turns":5},{"damage":1,"enemies":"Looter","floor":14,"turns":4},{"damage":23,"enemies":"The Guardian","floor":16,"turns":10},{"damage":50,"enemies":"Spheric Guardian","floor":18,"turns":9},{"damage":28,"enemies":"Chosen","floor":22,"turns":6}],"seed_played":"3416508672821670350","potions_obtained":[{"floor":1,"key":"Strength Potion"},{"floor":4,"key":"GamblersBrew"},{"floor":11,"key":"FearPotion"},{"floor":12,"key":"SteroidPotion"}],"is_trial":false,"path_per_floor":["M","M","?","M","M","R","$","R","T","M","E","M","T","M","R","B",null,"M","?","$","?"],"character_chosen":"THE_SILENT","items_purchased":["Blade Dance","Well Laid Plans+1"],"campfire_rested":1,"item_purchase_floors":[7,20],"current_hp_per_floor":[57,56,56,53,43,43,43,43,43,33,38,38,38,37,55,32,63,25,25,25,25,0],"gold":56,"neow_bonus":"TRANSFORM_TWO_CARDS","is_prod":false,"is_daily":false,"chose_seed":false,"campfire_upgraded":2,"win_rate":0,"timestamp":1530580778,"path_taken":["M","M","?","M","M","R","$","R","T","M","E","M","?","?","R","BOSS","M","?","$","?","M"],"build_version":"2018-06-28","purchased_purges":2,"victory":false,"max_hp_per_floor":[63,63,63,63,63,63,63,63,63,63,63,63,63,63,63,63,63,63,63,63,31,31],"card_choices":[{"not_picked":["Choke","Distraction"],"picked":"Skewer","floor":1},{"not_picked":["Dagger Throw","Predator"],"picked":"Underhanded Strike","floor":2},{"not_picked":["Leg Sweep","Reflex"],"picked":"Deadly Poison","floor":4},{"not_picked":["Bane","Dodge and Roll"],"picked":"Dagger Throw","floor":5},{"not_picked":["Outmaneuver","Poisoned Stab"],"picked":"PiercingWail","floor":10},{"not_picked":["Predator","Reflex"],"picked":"Backflip","floor":11},{"not_picked":["Underhanded Strike","Dagger Spray"],"picked":"Venomology","floor":12},{"not_picked":["Well Laid Plans","Predator"],"picked":"Backflip","floor":14},{"not_picked":["Wraith Form v2","Doppelganger"],"picked":"Bullet Time","floor":16},{"not_picked":["PiercingWail+1","Dodge and Roll+1"],"picked":"All Out Attack","floor":18}],"player_experience":50541,"relics_obtained":[{"floor":9,"key":"Meat on the Bone"},{"floor":11,"key":"Peace Pipe"},{"floor":13,"key":"Bottled Tornado"},{"floor":17,"key":"Pen Nib"},{"floor":17,"key":"Dodecahedron"},{"floor":17,"key":"Tingsha"}],"event_choices":[{"event_name":"Liars Game","player_choice":"disagreed","floor":3,"damage_taken":0},{"event_name":"The Mausoleum","player_choice":"Yes","floor":19,"damage_taken":0},{"event_name":"Ghosts","player_choice":"Became a Ghost","floor":21,"damage_taken":0}],"boss_relics":[{"not_picked":["Empty Cage","White Beast Statue"],"picked":"Calling Bell"}],"items_purged_floors":[7,20],"is_endless":false,"potions_floor_spawned":[1,4,11,12,14],"killed_by":"Chosen","ascension_level":0}