{"path_per_floor":["M","$","M","?","M","E","R","M","T","$","?","R","M","M","R","B",null,"M","M","?","M","M","R","M","?","T"],"character_chosen":"DEFECT","items_purchased":["Capacitor","FTL"],"gold_per_floor":[117,19,36,36,46,71,71,85,85,12,12,12,31,47,47,151,151,161,177,177,191,202,202,218,218,218,218],"floor_reached":27,"campfire_rested":4,"playtime":1185,"current_hp_per_floor":[75,75,73,73,61,17,39,9,9,9,9,31,47,40,62,52,75,53,52,52,13,24,46,33,19,19,0],"items_purged":["Strike_B"],"gold":218,"score":217,"play_id":"4d3e83d3-7ad6-4b10-a96e-6852cb65779d","local_time":"20180428160703","is_prod":false,"is_daily":false,"chose_seed":false,"is_ascension_mode":false,"campfire_upgraded":0,"timestamp":1524924423,"path_taken":["M","$","M","?","M","E","R","M","T","$","?","R","?","?","R","BOSS","M","M","?","M","M","R","M","?","T","?"],"build_version":"2018-04-27v3","seed_source_timestamp":288794039439118,"purchased_purges":1,"victory":false,"master_deck":["Strike_B","Strike_B","Strike_B","Defend_B","Defend_B","Defend_B","Defend_B","Zap","Dualcast","Thunder Strike","Cold Snap","Capacitor","Capacitor","Cold Snap","Self Repair","Go for the Eyes","FTL","Defragment","Cold Snap","Prime","Melter","Glacier+1","Stack","Beam Cell+1"],"max_hp_per_floor":[75,75,75,75,75,75,75,75,75,75,75,75,75,75,75,75,75,75,75,75,75,75,75,75,80,80,80],"relics":["Cracked Core","Bottled Tornado","Meat on the Bone","Black Star","Letter Opener"],"card_choices":[{"not_picked":["Leap","Skim"],"picked":"Cold Snap","floor":1},{"not_picked":["Leap","Loop"],"picked":"Capacitor","floor":3},{"not_picked":["Leap","Impulse"],"picked":"Cold Snap","floor":5},{"not_picked":["Aggregate","Capacitor"],"picked":"Self Repair","floor":6},{"not_picked":["Blaster","Undo"],"picked":"Go for the Eyes","floor":8},{"not_picked":["Auto Shields","Stack"],"picked":"Defragment","floor":13},{"not_picked":["Heatsinks","Leap"],"picked":"Cold Snap","floor":14},{"not_picked":["Seek","Multi-Cast"],"picked":"Prime","floor":16},{"not_picked":["Skim","Impulse"],"picked":"Melter","floor":19},{"not_picked":["Rebound","Skim"],"picked":"Glacier","floor":21},{"not_picked":["Streamline","Go for the Eyes"],"picked":"Stack","floor":22},{"not_picked":["Cold Snap","Undo"],"picked":"Beam Cell","floor":24}],"player_experience":10951,"potions_floor_usage":[13,16,19,21],"damage_taken":[{"damage":0,"enemies":"Small Slimes","floor":1,"turns":3},{"damage":2,"enemies":"Cultist","floor":3,"turns":4},{"damage":12,"enemies":"2 Louse","floor":5,"turns":2},{"damage":44,"enemies":"Gremlin Nob","floor":6,"turns":6},{"damage":37,"enemies":"Exordium Thugs","floor":8,"turns":7},{"damage":3,"enemies":"Looter","floor":13,"turns":4},{"damage":26,"enemies":"Lots of Slimes","floor":14,"turns":4},{"damage":29,"enemies":"Slime Boss","floor":16,"turns":11},{"damage":29,"enemies":"Spheric Guardian","floor":18,"turns":6},{"damage":20,"enemies":"Shell Parasite","floor":19,"turns":8},{"damage":51,"enemies":"3 Cultists","floor":21,"turns":7},{"damage":8,"enemies":"Centurion and Healer","floor":22,"turns":14},{"damage":32,"enemies":"Slaver and Parasite","floor":24,"turns":12},{"damage":19,"enemies":"Snake Plant","floor":27,"turns":2}],"event_choices":[{"event_name":"The Cleric","player_choice":"Leave","floor":4,"damage_taken":0},{"event_name":"The Lab","player_choice":"Got Potions","floor":11,"damage_taken":0},{"event_name":"Vampires","player_choice":"Ignored","floor":20,"damage_taken":0},{"event_name":"Forgotten Altar","player_choice":"Shed Blood","floor":25,"damage_taken":0}],"boss_relics":[{"not_picked":["Runic Pyramid","Orrery"],"picked":"Black Star"}],"potions_floor_spawned":[5,6,16,18,22],"seed_played":"-1502661373863165777","killed_by":"Snake Plant","ascension_level":0,"is_trial":false}