{"path_per_floor":["M","?","$","M","M","M","M","M","T","?","M","R","E","M","R","B",null,"M","?","?","$","M"],"character_chosen":"DEFECT","items_purchased":["Happy Flower","White Noise","Bag of Preparation","Blizzard"],"gold_per_floor":[114,289,63,73,91,101,112,122,200,200,218,218,247,261,261,362,362,380,380,380,20,39,39],"floor_reached":23,"campfire_rested":1,"playtime":942,"current_hp_per_floor":[77,77,77,74,67,59,53,53,53,53,49,73,61,58,58,50,82,55,55,82,82,82,0],"items_purged":["Doubt","Normality"],"gold":39,"score":195,"play_id":"3fe1e51d-d8b7-4807-87d8-04675156eac4","local_time":"20180428162254","is_prod":false,"is_daily":false,"chose_seed":false,"is_ascension_mode":false,"campfire_upgraded":1,"timestamp":1524925374,"path_taken":["M","?","?","M","?","?","M","M","T","?","M","R","E","M","R","BOSS","M","?","?","$","M","E"],"build_version":"2018-04-27v3","seed_source_timestamp":289990110980993,"purchased_purges":2,"victory":false,"master_deck":["Strike_B","Strike_B","Strike_B","Strike_B","Defend_B","Defend_B","Defend_B","Defend_B","Zap+1","Dualcast","Melter","Cold Snap","Barrage+1","Cold Snap","Ball Lightning","Genetic Algorithm","Leap","Coolheaded","Echo Form","Auto Shields","White Noise","Blizzard","Darkness"],"max_hp_per_floor":[82,82,82,82,82,82,82,82,82,82,82,82,82,82,82,82,82,82,82,82,82,82,82],"relics":["Cracked Core","Strawberry","Happy Flower","Pantograph","Bag of Marbles","Eternal Feather","Unceasing Top","Bag of Preparation"],"card_choices":[{"not_picked":["Axe Kick","Hologram"],"picked":"Melter","floor":1},{"not_picked":["Beam Cell","Self Repair"],"picked":"Cold Snap","floor":4},{"not_picked":["Rebound","Beam Cell"],"picked":"Barrage","floor":5},{"not_picked":["Machine Learning","Sweeping Beam"],"picked":"Cold Snap","floor":6},{"not_picked":["Beam Cell","Stack"],"picked":"Ball Lightning","floor":7},{"not_picked":["Undo","Hologram"],"picked":"Genetic Algorithm","floor":8},{"not_picked":["Coolheaded","Cold Snap"],"picked":"Leap","floor":11},{"not_picked":["Force Field","Reprogram"],"picked":"Coolheaded","floor":13},{"not_picked":["Meteor Strike","Prime"],"picked":"Echo Form","floor":16},{"not_picked":["Rebound","Rip and Tear"],"picked":"Auto Shields","floor":18},{"not_picked":["Impulse","Rebound"],"picked":"Darkness","floor":22}],"player_experience":12136,"potions_floor_usage":[16,16,23],"damage_taken":[{"damage":5,"enemies":"Cultist","floor":1,"turns":4},{"damage":3,"enemies":"Jaw Worm","floor":4,"turns":3},{"damage":7,"enemies":"Small Slimes","floor":5,"turns":3},{"damage":8,"enemies":"Looter","floor":6,"turns":3},{"damage":6,"enemies":"Gremlin Gang","floor":7,"turns":5},{"damage":0,"enemies":"Large Slime","floor":8,"turns":4},{"damage":4,"enemies":"Looter","floor":11,"turns":3},{"damage":12,"enemies":"3 Sentries","floor":13,"turns":6},{"damage":3,"enemies":"Blue Slaver","floor":14,"turns":3},{"damage":32,"enemies":"Hexaghost","floor":16,"turns":10},{"damage":27,"enemies":"2 Thieves","floor":18,"turns":4},{"damage":0,"enemies":"Chosen","floor":22,"turns":6},{"damage":85,"enemies":"Gremlin Leader","floor":23,"turns":8}],"event_choices":[{"event_name":"Liars Game","player_choice":"agreed","floor":2,"damage_taken":0},{"event_name":"Living Wall","player_choice":"Grow","floor":10,"damage_taken":0},{"event_name":"Accursed Blacksmith","player_choice":"Rummage","floor":19,"damage_taken":0},{"event_name":"The Library","player_choice":"Heal","floor":20,"damage_taken":0}],"boss_relics":[{"not_picked":["Sozu","Tiny House"],"picked":"Eternal Feather"}],"potions_floor_spawned":[4,6,11,14,18],"seed_played":"-767017111208102750","killed_by":"Gremlin Leader","ascension_level":0,"is_trial":false}