{"path_per_floor":["M","?","M","?","M","E","R","M","T","M","M","M","M","M","R","B",null,"M","?","M","M","$","R","M","M","T"],"character_chosen":"IRONCLAD","items_purchased":["Paper Frog"],"gold_per_floor":[119,119,137,137,151,185,185,196,196,214,229,244,260,279,279,379,379,398,398,414,427,101,101,115,132,203],"floor_reached":27,"campfire_rested":3,"playtime":1492,"current_hp_per_floor":[75,59,65,53,59,57,80,62,62,53,52,51,62,54,81,18,95,53,53,47,29,29,62,46,33,33],"items_purged":["Strike_R"],"gold":203,"score":273,"play_id":"88cd0262-14cc-44b9-b5e5-1fcbaac7fbc0","is_prod":false,"is_daily":false,"is_ascension_mode":false,"campfire_upgraded":0,"path_taken":["M","?","M","?","M","E","R","?","T","M","M","M","?","M","R","BOSS","M","?","?","M","$","R","M","M","T","M"],"build_version":"2018-02-22-PROD2","purchased_purges":1,"victory":false,"master_deck":["Strike_R","Strike_R","Strike_R+1","Strike_R","Defend_R","Defend_R","Defend_R+1","Defend_R+1","Bash","Feed","Inflame","Feed","Iron Wave+1","Warcry+1"],"max_hp_per_floor":[80,80,80,80,80,80,80,80,80,80,83,86,89,92,92,95,95,101,101,104,110,110,110,113,119,119],"relics":["Burning Blood","Ornamental Fan","Blood Vial","Ice Cream","White Beast Statue","Paper Frog","Pantograph"],"card_choices":[{"not_picked":["Iron Wave","Warcry"],"picked":"Feed"},{"not_picked":["Limit Break","Carnage"],"picked":"Inflame"},{"not_picked":["Demon Form","Bludgeon"],"picked":"Feed"},{"not_picked":["Corruption","Armaments"],"picked":"Iron Wave"},{"not_picked":["Corruption","Anger"],"picked":"Warcry"}],"player_experience":27541,"potions_floor_usage":[6,8,13,13,16,20,21,24,25,27],"damage_taken":[{"damage":11,"enemies":"Jaw Worm","floor":1,"turns":3},{"damage":0,"enemies":"Small Slimes","floor":3,"turns":3},{"damage":0,"enemies":"Cultist","floor":5,"turns":3},{"damage":8,"enemies":"Gremlin Nob","floor":6,"turns":4},{"damage":24,"enemies":"Exordium Thugs","floor":8,"turns":5},{"damage":17,"enemies":"Red Slaver","floor":10,"turns":3},{"damage":12,"enemies":"2 Fungi Beasts","floor":11,"turns":4},{"damage":12,"enemies":"Looter","floor":12,"turns":4},{"damage":0,"enemies":"Large Slime","floor":13,"turns":6},{"damage":19,"enemies":"Gremlin Gang","floor":14,"turns":5},{"damage":74,"enemies":"The Guardian","floor":16,"turns":17},{"damage":54,"enemies":"3 Byrds","floor":18,"turns":9},{"damage":17,"enemies":"Spheric Guardian","floor":20,"turns":5},{"damage":32,"enemies":"Centurion and Healer","floor":21,"turns":6},{"damage":42,"enemies":"Snake Plant","floor":24,"turns":7},{"damage":27,"enemies":"3 Cultists","floor":25,"turns":7},{"damage":47,"enemies":"Chosen and Byrds","floor":27,"turns":10}],"event_choices":[{"event_name":"Shining Light","player_choice":"Entered Light","floor":2,"damage_taken":0},{"event_name":"Scrap Ooze","player_choice":"success","floor":4,"damage_taken":12},{"event_name":"Beggar","player_choice":"Ignored","floor":19,"damage_taken":0}],"boss_relics":[{"not_picked":["Mark of Pain","Runic Dome"],"picked":"White Beast Statue"}],"potions_floor_spawned":[1,5,10,11,12,18,20,21,24,25],"seed_played":"-6644134260711930393","killed_by":"Chosen and Byrds","ascension_level":0,"is_trial":false}