{"gold_per_floor":[119,135,154,154,171,171,196,214,214,17,51,69,80,144,144,243,243,256,274,224,243,260,260,260],"floor_reached":24,"playtime":2519,"items_purged":["Dual Wield+1"],"score":347,"play_id":"17633443-fb1a-4429-b723-a789cce43777","local_time":"20190311134032","daily_mods":["Draft","Hoarder","Vintage","Green Cards","Elite Swarm"],"is_ascension_mode":false,"campfire_choices":[{"data":"Cloak And Dagger","floor":6,"key":"SMITH"},{"data":"Cloak And Dagger","floor":15,"key":"SMITH"},{"data":"conspire:DoublingDagger","floor":23,"key":"SMITH"}],"neow_cost":"","seed_source_timestamp":0,"circlet_count":0,"master_deck":["Warcry","Warcry","Warcry","Fire Breathing","Fire Breathing","Fire Breathing","Combust","Combust","Combust","Hidden Blade","Hidden Blade","Hidden Blade","Uppercut","Uppercut","Uppercut","Cloak And Dagger","Cloak And Dagger+1","Cloak And Dagger+1","Flex","Flex","Flex","conspire:DoublingDagger+1","conspire:DoublingDagger","conspire:DoublingDagger+1","Blade Dance+1","Blade Dance","Blade Dance","Acrobatics","Acrobatics","Acrobatics","Deadly Poison","Deadly Poison","Deadly Poison","Backflip","Backflip","Backflip","Flex","Flex","Flex","PiercingWail","PiercingWail","PiercingWail","Thunderclap","Thunderclap","Thunderclap","Venomology+1","Venomology+1","Venomology+1","Noxious Fumes+1","Noxious Fumes+1","Noxious Fumes+1","Backflip+1","Backflip+1","Backflip+1","Hemogenesis","Hemogenesis","Hemogenesis","Impervious+1","Impervious+1","Impervious+1","Bullet Time+1","Bullet Time+1","Bullet Time+1","Well Laid Plans+1","Well Laid Plans+1","Well Laid Plans+1","Rage+1","Rage+1","Rage+1","Armaments+1","Armaments+1","Armaments+1","Deadly Poison+1","Deadly Poison+1","Deadly Poison+1","Metallicize+1","Metallicize+1","Metallicize+1"],"relics":["Burning Blood","replay:Trail_Library","ReplayTheSpireMod:TigerMarble","Toxic Egg 2","Regal Pillow","hubris:Towel","Oddly Smooth Stone","hubris:SphereOfDissonance","conspire:DeflatedDodgeball","Frozen Egg 2","ReplayTheSpireMod:Spearhead","hubris:Metronome","Anchor","Tiny Chest","Orrery","Bag of Marbles","hubris:Zylophone","War Paint","Molten Egg 2"],"potions_floor_usage":[7,11,11,12,12,14,14,16,16,16,16,18,21,21,22,22,22,22,22,24],"damage_taken":[{"damage":20,"enemies":"Jaw Worm","floor":1,"turns":4},{"damage":1,"enemies":"Cultist","floor":2,"turns":3},{"damage":0,"enemies":"Small Slimes","floor":3,"turns":2},{"damage":13,"enemies":"Red Slaver","floor":5,"turns":2},{"damage":31,"enemies":"Lagavulin","floor":7,"turns":5},{"damage":4,"enemies":"Looter","floor":8,"turns":3},{"damage":7,"enemies":"3 Sentries","floor":11,"turns":4},{"damage":0,"enemies":"Blue Slaver","floor":12,"turns":2},{"damage":3,"enemies":"3 Louse","floor":13,"turns":3},{"damage":38,"enemies":"Gremlin Nob","floor":14,"turns":4},{"damage":21,"enemies":"The Guardian","floor":16,"turns":8},{"damage":16,"enemies":"Shell Parasite","floor":18,"turns":4},{"damage":9,"enemies":"2 Thieves","floor":19,"turns":2},{"damage":0,"enemies":"Chosen and Byrds","floor":21,"turns":6},{"damage":48,"enemies":"Sentry and Sphere","floor":22,"turns":7},{"damage":52,"enemies":"Book of Stabbing","floor":24,"turns":4}],"seed_played":"-7100027974563656867","potions_obtained":[{"floor":7,"key":"SteroidPotion"},{"floor":8,"key":"SkillPotion"},{"floor":11,"key":"SpeedPotion"},{"floor":14,"key":"Poison Potion"},{"floor":16,"key":"Weak Potion"}],"is_trial":true,"path_per_floor":["M","M","M","?","M","R","E","M","T","$","E","M","M","E","R","B",null,"M","M","?","M","M","R","E"],"character_chosen":"IRONCLAD","items_purchased":["Noxious Fumes+1","Backflip+1"],"campfire_rested":0,"item_purchase_floors":[10,10],"current_hp_per_floor":[66,71,77,77,70,70,54,56,56,56,55,66,69,41,41,31,80,70,67,67,80,48,48,0],"gold":260,"neow_bonus":"","is_prod":false,"is_daily":false,"chose_seed":false,"campfire_upgraded":3,"win_rate":0,"timestamp":1552336832,"path_taken":["M","M","M","?","M","R","E","M","T","$","E","?","M","E","R","BOSS","M","M","?","M","?","R","E"],"build_version":"2019-01-23","purchased_purges":1,"victory":false,"max_hp_per_floor":[80,80,80,80,80,80,80,80,80,80,80,80,80,80,80,80,80,80,80,80,80,80,80,82],"card_choices":[{"not_picked":["Hidden Blade","Underhanded Strike"],"picked":"Warcry","floor":0},{"not_picked":["True Grit","Cleave"],"picked":"Fire Breathing","floor":0},{"not_picked":["Replay:Undeath\u0027s Touch","Acrobatics"],"picked":"Combust","floor":0},{"not_picked":["Dash","Tactician"],"picked":"Hidden Blade","floor":0},{"not_picked":["ReplayTheSpireMod:The Works","Sword Boomerang"],"picked":"Uppercut","floor":0},{"not_picked":["Defy Death","Deadly Poison"],"picked":"Cloak And Dagger","floor":0},{"not_picked":["Dash","Poisoned Stab"],"picked":"Flex","floor":0},{"not_picked":["hubris:SlightOfHand","Clothesline"],"picked":"conspire:DoublingDagger","floor":0},{"not_picked":["Infernal Blade","Armaments"],"picked":"Blade Dance","floor":0},{"not_picked":["conspire:DoublingDagger","Thunderclap"],"picked":"Acrobatics","floor":0},{"not_picked":["hubris:ReadiedAction","Hidden Blade"],"picked":"Deadly Poison","floor":0},{"not_picked":["Dash","Dodge and Roll"],"picked":"Backflip","floor":0},{"not_picked":["Noxious Fumes","Blade Dance"],"picked":"Flex","floor":0},{"not_picked":["ReplayTheSpireMod:Strike From Hell","Bloodletting"],"picked":"PiercingWail","floor":0},{"not_picked":["Flame Barrier","Escape Plan"],"picked":"Thunderclap","floor":0},{"not_picked":["Juggernaut","Atom Bomb"],"picked":"Venomology+1","floor":7},{"not_picked":["Glass Knife","Immolate"],"picked":"Hemogenesis","floor":11},{"not_picked":["Burst+1","Wraith Form v2+1"],"picked":"Impervious+1","floor":14},{"not_picked":["After Image+1","Hemogenesis"],"picked":"Bullet Time+1","floor":16},{"not_picked":["Wild Strike","Sword Boomerang"],"picked":"Well Laid Plans+1","floor":17},{"not_picked":["Fluid Movement+1","Hemokinesis"],"picked":"Rage+1","floor":17},{"not_picked":["Shrug It Off+1","Replay:Undeath\u0027s Touch"],"picked":"Armaments+1","floor":17},{"not_picked":["Thunderclap","Leg Sweep+1"],"picked":"Deadly Poison+1","floor":17},{"not_picked":["Cleave","Escape Plan+1"],"picked":"Metallicize+1","floor":17}],"player_experience":253962,"relics_obtained":[{"floor":1,"key":"ReplayTheSpireMod:TigerMarble"},{"floor":2,"key":"Toxic Egg 2"},{"floor":3,"key":"Regal Pillow"},{"floor":5,"key":"Oddly Smooth Stone"},{"floor":7,"key":"hubris:SphereOfDissonance"},{"floor":8,"key":"conspire:DeflatedDodgeball"},{"floor":9,"key":"Frozen Egg 2"},{"floor":11,"key":"ReplayTheSpireMod:Spearhead"},{"floor":12,"key":"hubris:Metronome"},{"floor":13,"key":"Anchor"},{"floor":14,"key":"Tiny Chest"},{"floor":18,"key":"Bag of Marbles"},{"floor":19,"key":"hubris:Zylophone"},{"floor":21,"key":"War Paint"},{"floor":22,"key":"Molten Egg 2"}],"event_choices":[{"damage_healed":0,"gold_gain":0,"player_choice":"Bet on Murderer","damage_taken":0,"max_hp_gain":0,"max_hp_loss":0,"event_name":"The Joust","floor":20,"gold_loss":50}],"is_beta":false,"boss_relics":[{"not_picked":["conspire:SlowCooker","Snecko Heart"],"picked":"Orrery"}],"items_purged_floors":[10],"is_endless":false,"potions_floor_spawned":[7,8,11,14,16],"killed_by":"Book of Stabbing","ascension_level":0}