{"path_per_floor":["M","M","$","?","M","R","E","M","T","E","M","M","R","M","R","B",null,"M","?","?","M"],"character_chosen":"IRONCLAD","items_purchased":["Flex"],"gold_per_floor":[113,132,8,8,28,28,59,70,70,98,117,127,127,141,141,245,245,155,155,155,169],"floor_reached":22,"campfire_rested":1,"playtime":876,"current_hp_per_floor":[80,80,80,64,69,69,52,58,58,46,50,51,51,57,80,68,80,41,25,10,11],"items_purged":["Strike_R"],"gold":169,"score":196,"play_id":"c32b2cf8-801f-42da-a46c-34a04249278d","is_prod":false,"is_daily":false,"is_ascension_mode":false,"campfire_upgraded":2,"path_taken":["M","M","$","?","M","R","E","M","T","E","M","M","R","M","R","BOSS","M","?","?","M","?"],"build_version":"2018-02-15-PROD1","purchased_purges":1,"victory":false,"master_deck":["Strike_R+1","Defend_R","Defend_R","Defend_R","Bash","Body Slam+1","Flex+1","Sentinel","Shrug It Off","Immolate","Iron Wave","Flame Barrier+1","Disarm","Barricade","Metallicize+1","Disarm+1","Disarm+1","Infernal Blade","Iron Wave"],"max_hp_per_floor":[80,80,80,80,80,80,80,80,80,80,80,80,80,80,80,80,80,80,80,85,85],"relics":["Burning Blood","Oddly Smooth Stone","Ice Cream","Darkstone Periapt","Astrolabe","Nilry\u0027s Codex"],"card_choices":[{"not_picked":["Havoc","Pommel Strike"],"picked":"Body Slam"},{"not_picked":["Clash","Warcry"],"picked":"Sentinel"},{"not_picked":["Thunderclap","Fire Breathing"],"picked":"Shrug It Off"},{"not_picked":["Anger","Wild Strike"],"picked":"Immolate"},{"not_picked":["Second Wind","Heavy Blade"],"picked":"Iron Wave"},{"not_picked":["Flex","Headbutt"],"picked":"Flame Barrier"},{"not_picked":["Iron Wave","Pommel Strike"],"picked":"Disarm"},{"not_picked":["Bludgeon","Limit Break"],"picked":"Barricade"},{"not_picked":["Bloodletting","Shockwave"],"picked":"Infernal Blade"},{"not_picked":["Rampage","Corruption"],"picked":"Iron Wave"}],"player_experience":102330,"potions_floor_usage":[10,22],"damage_taken":[{"damage":6,"enemies":"2 Louse","floor":1,"turns":3},{"damage":5,"enemies":"Small Slimes","floor":2,"turns":6},{"damage":1,"enemies":"Jaw Worm","floor":5,"turns":4},{"damage":23,"enemies":"Gremlin Nob","floor":7,"turns":4},{"damage":0,"enemies":"Blue Slaver","floor":8,"turns":4},{"damage":18,"enemies":"Lagavulin","floor":10,"turns":6},{"damage":2,"enemies":"Exordium Wildlife","floor":11,"turns":3},{"damage":5,"enemies":"3 Louse","floor":12,"turns":4},{"damage":0,"enemies":"Looter","floor":14,"turns":3},{"damage":18,"enemies":"Hexaghost","floor":16,"turns":10},{"damage":45,"enemies":"2 Thieves","floor":18,"turns":5},{"damage":5,"enemies":"Spheric Guardian","floor":21,"turns":8},{"damage":11,"enemies":"3 Cultists","floor":22,"turns":2}],"event_choices":[{"event_name":"Shining Light","player_choice":"Entered Light","floor":4,"damage_taken":0},{"event_name":"Cursed Tome","player_choice":"Obtained Book","floor":19,"damage_taken":0},{"event_name":"Forgotten Altar","player_choice":"Shed Blood","floor":20,"damage_taken":0}],"boss_relics":[{"not_picked":["Pandora\u0027s Box","Philosopher\u0027s Stone"],"picked":"Astrolabe"}],"potions_floor_spawned":[5,7,11,12,14],"seed_played":"-848715697404004838","killed_by":"3 Cultists","ascension_level":0,"is_trial":false}