{"gold_per_floor":[14,24,35,46,46,79,79,106,106,9,24,24],"floor_reached":12,"playtime":483,"items_purged":[],"score":144,"play_id":"e3b180ec-75c5-44e9-b31d-89d4b46ac551","local_time":"20190412144545","is_ascension_mode":true,"campfire_choices":[],"neow_cost":"NO_GOLD","seed_source_timestamp":5453618583956,"circlet_count":0,"master_deck":["AscendersBane","Strike_B","Strike_B","Strike_B","Strike_B","Defend_B","Defend_B","Defend_B","Defend_B","Zap","Dualcast","Loop","Loop","Coolheaded","Cold Snap","Cold Snap","Go for the Eyes","Capacitor","Go for the Eyes","Ball Lightning"],"relics":["Cracked Core","StoneCalendar","Smiling Mask","Blood Vial","Dodecahedron"],"potions_floor_usage":[8,8,8,12],"damage_taken":[{"damage":1,"enemies":"Cultist","floor":1,"turns":3},{"damage":2,"enemies":"Jaw Worm","floor":2,"turns":3},{"damage":3,"enemies":"2 Louse","floor":3,"turns":3},{"damage":31,"enemies":"Gremlin Gang","floor":4,"turns":7},{"damage":6,"enemies":"Lagavulin","floor":6,"turns":7},{"damage":9,"enemies":"Gremlin Nob","floor":8,"turns":5},{"damage":4,"enemies":"Large Slime","floor":11,"turns":7},{"damage":17,"enemies":"3 Sentries","floor":12,"turns":2}],"seed_played":"-8076121779959669421","potions_obtained":[{"floor":2,"key":"Swift Potion"},{"floor":3,"key":"Energy Potion"},{"floor":6,"key":"EntropicBrew"},{"floor":11,"key":"FearPotion"}],"is_trial":false,"path_per_floor":["M","M","M","M","$","E","?","E","T","$","M","E"],"character_chosen":"DEFECT","items_purchased":["Capacitor","Go for the Eyes"],"campfire_rested":0,"item_purchase_floors":[10,10],"current_hp_per_floor":[67,65,62,31,31,25,25,16,16,16,14,0],"gold":24,"neow_bonus":"ONE_RARE_RELIC","is_prod":false,"is_daily":false,"chose_seed":false,"campfire_upgraded":0,"win_rate":0,"timestamp":1555105545,"path_taken":["M","M","M","?","?","E","?","E","T","$","M","E"],"build_version":"2019-01-23","purchased_purges":0,"victory":false,"max_hp_per_floor":[75,75,75,75,75,75,75,75,75,75,75,75],"card_choices":[{"not_picked":["Go for the Eyes","Doom and Gloom"],"picked":"Loop","floor":1},{"not_picked":["Hologram","Barrage"],"picked":"Loop","floor":2},{"not_picked":["Hello World","Beam Cell"],"picked":"Coolheaded","floor":3},{"not_picked":["Rebound","Redo"],"picked":"Cold Snap","floor":4},{"not_picked":["Multi-Cast","Skim"],"picked":"Cold Snap","floor":6},{"not_picked":["Beam Cell","Steam"],"picked":"Go for the Eyes","floor":8},{"not_picked":["Rebound","Beam Cell"],"picked":"Ball Lightning","floor":11}],"player_experience":365127,"relics_obtained":[{"floor":6,"key":"Smiling Mask"},{"floor":8,"key":"Blood Vial"},{"floor":9,"key":"Dodecahedron"}],"event_choices":[{"damage_healed":0,"gold_gain":0,"player_choice":"Got Potions","damage_taken":0,"max_hp_gain":0,"max_hp_loss":0,"event_name":"Lab","floor":7,"gold_loss":0}],"is_beta":false,"boss_relics":[],"items_purged_floors":[],"is_endless":false,"potions_floor_spawned":[2,3,6,11],"killed_by":"3 Sentries","ascension_level":12}