{"gold_per_floor":[115,290,290,290,304,331,342,355,355,355,371,389,409,27,27,129,129,114,0,0,0,15,15,35,70,70,70,70],"floor_reached":28,"playtime":1595,"items_purged":[],"score":385,"play_id":"2d4d7962-4770-4987-b267-8c88e9b65d89","local_time":"20190302225647","is_ascension_mode":true,"campfire_choices":[{"floor":10,"key":"REST"},{"floor":15,"key":"REST"},{"data":"Rainbow","floor":23,"key":"SMITH"}],"neow_cost":"NONE","seed_source_timestamp":38837072141096,"circlet_count":0,"master_deck":["AscendersBane","Defend_B","Defend_B","Defend_B","Defend_B","Zap+1","Dualcast","Cold Snap","Doubt","Barrage","Chaos","Redo","Cold Snap","Capacitor","Undo","Leap","Mayhem","Rainbow+1","Barrage+1","Fusion+1","Capacitor+1","Redo","Bite","Bite","Bite","Bite","Bite"],"special_seed":0,"relics":["Cracked Core","Art of War","Oddly Smooth Stone","Toy Ornithopter","Inserter","Question Card","Bird Faced Urn"],"potions_floor_usage":[11,12,12,13,25],"damage_taken":[{"damage":7.0,"enemies":"Small Slimes","floor":1.0,"turns":3.0},{"damage":3,"enemies":"2 Louse","floor":5,"turns":3},{"damage":35,"enemies":"Lagavulin","floor":6,"turns":7},{"damage":0,"enemies":"Cultist","floor":7,"turns":4},{"damage":14,"enemies":"Exordium Wildlife","floor":8,"turns":3},{"damage":0,"enemies":"Large Slime","floor":11,"turns":6},{"damage":12,"enemies":"3 Louse","floor":12,"turns":4},{"damage":2,"enemies":"Red Slaver","floor":13,"turns":3},{"damage":32,"enemies":"The Guardian","floor":16,"turns":14},{"damage":10,"enemies":"2 Thieves","floor":18,"turns":4},{"damage":0,"enemies":"Spheric Guardian","floor":22,"turns":3},{"damage":18,"enemies":"Centurion and Healer","floor":24,"turns":7},{"damage":34,"enemies":"Book of Stabbing","floor":25,"turns":6},{"damage":8,"enemies":"Snake Plant","floor":28,"turns":2}],"seed_played":"-4794079824946274509","potions_obtained":[{"floor":6,"key":"PowerPotion"},{"floor":7,"key":"SpeedPotion"},{"floor":8,"key":"Swift Potion"},{"floor":11,"key":"EssenceOfSteel"},{"floor":24,"key":"EssenceOfSteel"}],"is_trial":false,"path_per_floor":["M","?","?","?","M","E","M","M","T","R","M","M","M","$","R","B",null,"M","?","?","$","M","R","M","E","T","?","M"],"character_chosen":"DEFECT","items_purchased":["Mayhem","Toy Ornithopter"],"campfire_rested":2,"item_purchase_floors":[14,14],"current_hp_per_floor":[61,61,61,61,58,23,23,9,9,31,33,23,23,23,45,15,60,52,52,52,52,54,54,38,11,11,11,5],"gold":70,"neow_bonus":"RANDOM_COMMON_RELIC","is_prod":false,"is_daily":false,"chose_seed":false,"campfire_upgraded":1,"win_rate":0,"timestamp":1551589007,"path_taken":["M","?","?","?","M","E","M","M","T","R","M","M","M","?","R","BOSS","M","?","?","?","M","R","M","E","T","?","M"],"build_version":"2019-01-23","purchased_purges":0,"victory":false,"max_hp_per_floor":[75,75,75,75,75,75,75,75,75,75,75,75,75,75,75,75,75,75,75,75,75,75,75,75,75,75,75,75],"card_choices":[{"not_picked":["Beam Cell","Heatsinks"],"picked":"Cold Snap","floor":1.0},{"not_picked":["Heatsinks","Steam Power"],"picked":"Barrage","floor":5},{"not_picked":["Tempest","Lockon"],"picked":"Chaos","floor":6},{"not_picked":["Rip and Tear","Storm"],"picked":"Redo","floor":7},{"not_picked":["Barrage","Meteor Strike"],"picked":"Cold Snap","floor":8},{"not_picked":["Defragment","Barrage"],"picked":"Capacitor","floor":11},{"not_picked":["Self Repair","Skim"],"picked":"Undo","floor":12},{"not_picked":["Sweeping Beam","Auto Shields"],"picked":"Leap","floor":13},{"not_picked":["Multi-Cast","Biased Cognition"],"picked":"Rainbow","floor":16},{"not_picked":["Steam Power","Go for the Eyes+1"],"picked":"Barrage+1","floor":18},{"not_picked":["Skim","Reinforced Body"],"picked":"Fusion+1","floor":22},{"not_picked":["Steam Power","Blizzard"],"picked":"Capacitor+1","floor":24},{"not_picked":["Ball Lightning","Stack+1"],"picked":"Redo","floor":25}],"player_experience":596958,"relics_obtained":[{"floor":6,"key":"Oddly Smooth Stone"},{"floor":9,"key":"Blood Vial"},{"floor":25,"key":"Question Card"},{"floor":26,"key":"Bird Faced Urn"}],"event_choices":[{"damage_healed":0.0,"max_hp_gain":0.0,"max_hp_loss":0.0,"gold_gain":175.0,"event_name":"Liars Game","player_choice":"AGREE","floor":2.0,"gold_loss":0.0,"damage_taken":0.0,"cards_obtained":["Doubt"]},{"damage_healed":0.0,"max_hp_gain":0.0,"max_hp_loss":0.0,"gold_gain":0.0,"event_name":"Living Wall","player_choice":"Grow","floor":3.0,"gold_loss":0.0,"damage_taken":0.0,"cards_upgraded":["Zap"]},{"damage_healed":0,"gold_gain":0,"player_choice":"Ignored","damage_taken":0,"max_hp_gain":0,"max_hp_loss":0,"event_name":"Golden Wing","floor":4,"gold_loss":0},{"damage_healed":0,"gold_gain":0,"player_choice":"Paid Fearfully","damage_taken":0,"max_hp_gain":0,"max_hp_loss":0,"event_name":"Masked Bandits","floor":19,"gold_loss":114},{"damage_healed":0,"gold_gain":0,"player_choice":"Ignored","damage_taken":0,"max_hp_gain":0,"max_hp_loss":0,"event_name":"Ghosts","floor":20,"gold_loss":0},{"damage_healed":0,"gold_gain":0,"player_choice":"Became a vampire (Vial)","damage_taken":0,"max_hp_gain":0,"max_hp_loss":0,"event_name":"Vampires","floor":27,"relics_lost":["Blood Vial"],"gold_loss":0,"cards_obtained":["Bite","Bite","Bite","Bite","Bite"]}],"is_beta":false,"boss_relics":[{"not_picked":["Busted Crown","Tiny House"],"picked":"Inserter"}],"items_purged_floors":[],"is_endless":false,"potions_floor_spawned":[6,7,8,11,24],"killed_by":"Snake Plant","ascension_level":10}