{"path_per_floor":["M","$","?","?","?","R","M","M","T","R","E","?","$","?","R","B",null,"M","M","$","?","$","R","?","R","T","E","M","M","?","M","R","B",null,"M","$","?","M","M","E","R","M","T","R","?","M","M","?","R"],"character_chosen":"THE_SILENT","items_purchased":["Snake Skull","Footwork","Matryoshka","Well Laid Plans"],"gold_per_floor":[211,54,54,54,54,54,70,86,86,86,121,121,46,46,46,170,170,194,213,113,113,41,41,141,141,141,180,201,225,150,166,166,291,291,305,27,27,43,58,102,102,116,169,169,469,488,501,501,501],"floor_reached":50,"campfire_rested":5,"playtime":2199,"current_hp_per_floor":[70,70,28,28,28,49,49,49,49,70,65,51,51,51,70,35,70,58,55,55,55,55,55,55,70,70,54,51,61,61,59,59,36,70,63,63,63,70,35,39,60,66,66,66,66,58,67,67,67],"items_purged":["Strike_G","Injury"],"gold":501,"score":489,"play_id":"af3c522e-36ad-4e36-b03d-21c85c74ee6a","is_prod":false,"is_daily":false,"is_ascension_mode":false,"campfire_upgraded":4,"path_taken":["M","$","?","?","?","R","M","M","T","R","E","?","$","?","R","BOSS","M","M","$","?","$","R","?","R","T","E","M","M","?","M","R","BOSS","M","$","?","M","M","E","R","M","T","R","?","M","M","?","R","BOSS"],"build_version":"2018-02-08-PROD1","purchased_purges":2,"victory":false,"master_deck":["Defend_G","Defend_G","Defend_G","Defend_G","Defend_G","Strike_G+1","Survivor+1","Neutralize+1","Deadly Poison","Noxious Fumes+1","Deadly Poison","Adrenaline","Prepared","After Image+1","Leg Sweep","Poisoned Stab","Backstab","Well Laid Plans","Footwork","Backflip","Well Laid Plans","Well Laid Plans","Die Die Die","Backstab+1","Well Laid Plans","Adrenaline","Riddle With Holes","Writhe","After Image+1","Deadly Poison+1","Catalyst+1","Poisoned Stab+1","Normality"],"max_hp_per_floor":[70,70,70,70,70,70,70,70,70,70,70,70,70,70,70,70,70,70,70,70,70,70,70,70,70,70,70,70,70,70,70,70,70,70,70,70,70,70,70,70,70,70,70,70,70,70,70,70,70],"relics":["Ring of the Snake","Snake Skull","Dream Catcher","Sundial","Bottled Lightning","Golden Idol","Orrery","Gambling Chip","Bird Faced Urn","The Specimen","Matryoshka","Vajra","Juzu Bracelet","Bronze Scales","Blood Vial"],"card_choices":[{"not_picked":["Reflex","Backstab"],"picked":"Deadly Poison"},{"not_picked":["Underhanded Strike","Backflip"],"picked":"Noxious Fumes"},{"not_picked":["Dagger Spray","Flechettes"],"picked":"Deadly Poison"},{"not_picked":["Sucker Punch","Backflip"],"picked":"Adrenaline"},{"not_picked":["Quick Slash","Terror"],"picked":"Prepared"},{"not_picked":["Adrenaline","Tools of the Trade"],"picked":"After Image"},{"not_picked":["Deflect","Flying Knee"],"picked":"Leg Sweep"},{"not_picked":["Outmaneuver","Dagger Throw"],"picked":"Poisoned Stab"},{"not_picked":["Terror","Dodge and Roll"],"picked":"Backstab"},{"not_picked":["Cloak And Dagger","Corpse Explosion"],"picked":"Well Laid Plans"},{"not_picked":["Eviscerate","Sucker Punch"],"picked":"Backflip"},{"not_picked":["Crippling Poison","Bane"],"picked":"Well Laid Plans"},{"not_picked":["Dash","Underhanded Strike"],"picked":"Well Laid Plans"},{"not_picked":["Phantasmal Killer","Tactician"],"picked":"Die Die Die"},{"not_picked":["Outmaneuver","Acrobatics"],"picked":"Backstab"},{"not_picked":["Quick Slash","Slice"],"picked":"After Image"},{"not_picked":["Riddle With Holes","Flying Knee"],"picked":"Deadly Poison"},{"not_picked":["Flying Knee","Dagger Throw"],"picked":"Catalyst"},{"not_picked":["Endless Agony","Skewer"],"picked":"Poisoned Stab"}],"player_experience":79909,"potions_floor_usage":[16,16,16,27,29,33,40,50],"damage_taken":[{"damage":0,"enemies":"2 Louse","floor":1,"turns":4},{"damage":0,"enemies":"Cultist","floor":7,"turns":4},{"damage":0,"enemies":"Jaw Worm","floor":8,"turns":4},{"damage":5,"enemies":"Lagavulin","floor":11,"turns":6},{"damage":35,"enemies":"Slime Boss","floor":16,"turns":10},{"damage":12,"enemies":"Spheric Guardian","floor":18,"turns":4},{"damage":3,"enemies":"Chosen","floor":19,"turns":5},{"damage":16,"enemies":"Gremlin Leader","floor":27,"turns":5},{"damage":11,"enemies":"Centurion and Healer","floor":28,"turns":6},{"damage":0,"enemies":"Chosen and Byrds","floor":29,"turns":6},{"damage":11,"enemies":"Snake Plant","floor":31,"turns":4},{"damage":34,"enemies":"Collector","floor":33,"turns":8},{"damage":11,"enemies":"Orb Walker","floor":35,"turns":4},{"damage":0,"enemies":"3 Shapes","floor":38,"turns":5},{"damage":41,"enemies":"3 Darklings","floor":39,"turns":5},{"damage":12,"enemies":"Nemesis","floor":40,"turns":10},{"damage":6,"enemies":"4 Shapes","floor":42,"turns":6},{"damage":14,"enemies":"Sphere and 2 Shapes","floor":46,"turns":6},{"damage":7,"enemies":"3 Darklings","floor":47,"turns":5},{"damage":81,"enemies":"Awakened One","floor":50,"turns":5}],"event_choices":[{"event_name":"Scrap Ooze","player_choice":"success","floor":3,"damage_taken":42},{"event_name":"Living Wall","player_choice":"Forget","floor":4,"damage_taken":0},{"event_name":"Upgrade Shrine","player_choice":"Upgraded","floor":5,"damage_taken":0},{"event_name":"Shining Light","player_choice":"Entered Light","floor":12,"damage_taken":0},{"event_name":"Golden Idol","player_choice":"Take Wound","floor":14,"damage_taken":0},{"event_name":"Purifier","player_choice":"One Purge","floor":21,"damage_taken":0},{"event_name":"Golden Shrine","player_choice":"Pray","floor":24,"damage_taken":0},{"event_name":"Beggar","player_choice":"Gave Gold","floor":30,"damage_taken":0},{"event_name":"Match and Keep!","player_choice":"3 cards matched","floor":37,"damage_taken":0},{"event_name":"Wheel of Change","player_choice":"Gold","floor":45,"damage_taken":0},{"event_name":"Accursed Blacksmith","player_choice":"Rummage","floor":48,"damage_taken":0}],"boss_relics":[{"not_picked":["Snecko Eye","Runic Pyramid"],"picked":"Orrery"},{"not_picked":["Eternal Feather","Sozu"],"picked":"The Specimen"}],"potions_floor_spawned":[1,7,11,19,27,29,35,38],"seed_played":"-4079084736188663655","killed_by":"Awakened One","ascension_level":0,"is_trial":false}