{"gold_per_floor":[113,127,145,160,160,160,188,39,65,79],"floor_reached":10,"playtime":510,"items_purged":[],"score":71,"play_id":"c1111496-dd70-4f4a-9a07-c74a1114cae6","local_time":"20190310160823","is_ascension_mode":true,"campfire_choices":[{"data":"Flex","floor":6,"key":"SMITH"}],"neow_cost":"NONE","seed_source_timestamp":770548218459050,"circlet_count":0,"master_deck":["Strike_R","Strike_R","Strike_R","Strike_R","Strike_R","Defend_R","Defend_R","Defend_R","Defend_R","Warcry","Massacre","Flame Barrier","Flex+1","Hemogenesis"],"relics":["Burning Blood","Bandana","Red Skull","Blue Doll"],"potions_floor_usage":[3,7],"damage_taken":[{"damage":2,"enemies":"Small Slimes","floor":1,"turns":5},{"damage":6,"enemies":"2 Louse","floor":2,"turns":4},{"damage":15,"enemies":"Jaw Worm","floor":3,"turns":5},{"damage":16,"enemies":"Blue Slaver","floor":4,"turns":5},{"damage":53,"enemies":"Gremlin Nob","floor":7,"turns":6},{"damage":25,"enemies":"3 Sentries","floor":10,"turns":6}],"seed_played":"-2596484000001597879","potions_obtained":[{"floor":1,"key":"PowerPotion"},{"floor":4,"key":"Swift Potion"}],"is_trial":false,"path_per_floor":["M","M","M","M","?","R","E","$","T","E"],"character_chosen":"IRONCLAD","items_purchased":["Red Skull"],"campfire_rested":0,"item_purchase_floors":[8],"current_hp_per_floor":[80,80,71,61,66,66,19,19,19,0],"gold":79,"neow_bonus":"REMOVE_CARD","is_prod":false,"is_daily":false,"chose_seed":false,"campfire_upgraded":1,"win_rate":0,"timestamp":1552259303,"path_taken":["M","M","M","M","?","R","E","$","T","E"],"build_version":"2019-01-23","purchased_purges":0,"victory":false,"max_hp_per_floor":[80,80,80,80,85,85,85,85,85,85],"card_choices":[{"not_picked":["Defy Death","Bloodletting"],"picked":"Warcry","floor":1},{"not_picked":["ReplayTheSpireMod:Strike From Hell","Twin Strike"],"picked":"Massacre","floor":2},{"not_picked":["Feel No Pain","Havoc"],"picked":"Flame Barrier","floor":3},{"not_picked":["Twin Strike","Havoc"],"picked":"Flex","floor":4},{"not_picked":["Warcry","Replay:Undeath\u0027s Touch"],"picked":"Hemogenesis","floor":7}],"player_experience":247468,"relics_obtained":[{"floor":7,"key":"Bandana"},{"floor":9,"key":"Blue Doll"}],"event_choices":[{"damage_healed":0,"gold_gain":0,"player_choice":"Donut","damage_taken":0,"max_hp_gain":5,"max_hp_loss":0,"event_name":"Big Fish","floor":5,"gold_loss":0}],"is_beta":false,"boss_relics":[],"items_purged_floors":[],"is_endless":false,"potions_floor_spawned":[1,4],"killed_by":"3 Sentries","ascension_level":1}