{"path_per_floor":["M","$","M","M","M","E","R","?","T","R","M","?","M","M","R","B",null,"M","$","$","M","M","E","$","R","T","?","E","M"],"character_chosen":"THE_SILENT","items_purchased":["Infinite Blades","Panache","Accuracy"],"gold_per_floor":[113,40,50,60,80,112,112,112,112,112,131,96,106,121,121,221,221,233,24,24,41,52,83,26,26,26,26,60,77],"floor_reached":30,"campfire_rested":1,"playtime":1377,"current_hp_per_floor":[76,76,76,76,75,58,58,51,51,51,46,65,61,61,61,21,77,69,69,69,62,38,9,9,32,32,87,24,10],"items_purged":["Strike_G"],"gold":77,"score":323,"play_id":"be0c569d-a904-4717-8b82-8ac092ec2f68","is_prod":false,"is_daily":false,"is_ascension_mode":false,"campfire_upgraded":3,"path_taken":["M","$","M","M","M","E","R","?","T","R","M","?","?","M","R","BOSS","M","?","$","M","M","E","$","R","T","?","E","M","?"],"build_version":"2018-02-15-PROD1","purchased_purges":1,"victory":false,"master_deck":["Defend_G","Defend_G","Defend_G","Defend_G","Defend_G","Strike_G","Strike_G","Strike_G","Strike_G","Survivor","Neutralize","Cloak And Dagger+1","Infinite Blades+1","Cloak And Dagger+1","Infinite Blades","Caltrops","Cloak And Dagger","Panache","Cloak And Dagger","Accuracy"],"max_hp_per_floor":[77,77,77,77,77,77,77,77,77,77,77,77,77,77,77,77,77,77,77,77,77,77,77,77,77,77,87,87,87],"relics":["Ring of the Snake","Bottled Lightning","The Courier","Bag of Preparation","Runic Pyramid","Toolbox","Dead Branch","Calipers"],"card_choices":[{"not_picked":["Sucker Punch","Dagger Spray"],"picked":"Cloak And Dagger"},{"not_picked":["Skewer","Dodge and Roll"],"picked":"Cloak And Dagger"},{"not_picked":["PiercingWail","Cloak And Dagger"],"picked":"Infinite Blades"},{"not_picked":["Bouncing Flask","Slice"],"picked":"Caltrops"},{"not_picked":["Die Die Die","Doppelganger"],"picked":"Tools of the Trade"},{"not_picked":["Quick Slash","Well Laid Plans"],"picked":"Cloak And Dagger"},{"not_picked":["Leg Sweep","Underhanded Strike"],"picked":"Cloak And Dagger"}],"player_experience":103206,"potions_floor_usage":[14,16,18,22,29,30],"damage_taken":[{"damage":1,"enemies":"2 Louse","floor":1,"turns":3},{"damage":0,"enemies":"Small Slimes","floor":3,"turns":4},{"damage":0,"enemies":"Jaw Worm","floor":4,"turns":4},{"damage":1,"enemies":"Blue Slaver","floor":5,"turns":4},{"damage":17,"enemies":"Lagavulin","floor":6,"turns":9},{"damage":5,"enemies":"Looter","floor":11,"turns":4},{"damage":4,"enemies":"Exordium Thugs","floor":13,"turns":5},{"damage":0,"enemies":"Lots of Slimes","floor":14,"turns":2},{"damage":40,"enemies":"Hexaghost","floor":16,"turns":10},{"damage":8,"enemies":"Spheric Guardian","floor":18,"turns":6},{"damage":7,"enemies":"Chosen","floor":21,"turns":5},{"damage":24,"enemies":"3 Cultists","floor":22,"turns":5},{"damage":29,"enemies":"Gremlin Leader","floor":23,"turns":8},{"damage":63,"enemies":"Book of Stabbing","floor":28,"turns":6},{"damage":14,"enemies":"Centurion and Healer","floor":29,"turns":6},{"damage":27,"enemies":"Cultist and Chosen","floor":30,"turns":6}],"event_choices":[{"event_name":"Scrap Ooze","player_choice":"success","floor":8,"damage_taken":7},{"event_name":"The Cleric","player_choice":"Healed","floor":12,"damage_taken":0},{"event_name":"Bonfire Elementals","player_choice":"RARE","floor":27,"damage_taken":0}],"boss_relics":[{"not_picked":["Snecko Eye","Eternal Feather"],"picked":"Runic Pyramid"}],"potions_floor_spawned":[5,13,16,18,21],"seed_played":"5828421016087173001","killed_by":"Cultist and Chosen","ascension_level":0,"is_trial":false}