{"gold_per_floor":[110,88,263,363,378,378,394,425,505,505],"floor_reached":10,"playtime":1413,"items_purged":[],"score":66,"play_id":"7239c69b-80f6-487c-a984-773893c30956","local_time":"20190307073912","is_ascension_mode":false,"campfire_choices":[{"data":"Strike_G","floor":6.0,"key":"SMITH"}],"neow_cost":"NONE","seed_source_timestamp":0,"circlet_count":0,"master_deck":["Defend_G","Defend_G","Defend_G","Defend_G","Defend_G","Strike_G","Strike_G","Strike_G","Strike_G","Strike_G+1","Survivor","Neutralize","Skewer","Deadly Poison","Doubt","Prepared","PiercingWail","Leg Sweep"],"special_seed":0,"relics":["Ring of the Snake","Dream Catcher","Dodecahedron"],"potions_floor_usage":[],"damage_taken":[{"damage":0.0,"enemies":"2 Louse","floor":1.0,"turns":5.0},{"damage":0.0,"enemies":"Cultist","floor":5.0,"turns":4.0},{"damage":4.0,"enemies":"Small Slimes","floor":7.0,"turns":5.0},{"damage":63,"enemies":"Lagavulin","floor":8,"turns":11},{"damage":10,"enemies":"Gremlin Gang","floor":10,"turns":3}],"seed_played":"8206033363393423220","potions_obtained":[{"floor":1.0,"key":"GhostInAJar"}],"is_trial":false,"path_per_floor":["?","?","M","M"],"character_chosen":"THE_SILENT","items_purchased":["Deadly Poison"],"campfire_rested":0,"item_purchase_floors":[2],"current_hp_per_floor":[77,77,77,77,77,77,73,10,10,0],"gold":505,"neow_bonus":"TEN_PERCENT_HP_BONUS","is_prod":false,"is_daily":false,"chose_seed":false,"campfire_upgraded":1,"win_rate":0.0,"timestamp":1551940752,"path_taken":["M","$","?","?","?","R","?","E","T","M"],"build_version":"2019-01-23","purchased_purges":0,"victory":false,"max_hp_per_floor":[77,77,77,77,77,77,77,77,77,77],"card_choices":[{"not_picked":["Terror","Blade Dance"],"picked":"Skewer","floor":1.0},{"not_picked":["Deadly Poison","Leg Sweep"],"picked":"Prepared","floor":5.0},{"not_picked":["Blur","Die Die Die"],"picked":"PiercingWail","floor":7},{"not_picked":["Eviscerate","Reflex"],"picked":"Leg Sweep","floor":8}],"player_experience":8191,"relics_obtained":[{"floor":8,"key":"Dream Catcher"},{"floor":9,"key":"Dodecahedron"}],"event_choices":[{"damage_healed":0.0,"max_hp_gain":0.0,"max_hp_loss":0.0,"gold_gain":175.0,"event_name":"Liars Game","player_choice":"AGREE","floor":3.0,"gold_loss":0.0,"damage_taken":0.0,"cards_obtained":["Doubt"]},{"damage_healed":0.0,"max_hp_gain":0.0,"max_hp_loss":0.0,"gold_gain":100.0,"event_name":"Golden Shrine","player_choice":"Pray","floor":4.0,"gold_loss":0.0,"damage_taken":0.0}],"is_beta":false,"boss_relics":[],"items_purged_floors":[],"is_endless":false,"potions_floor_spawned":[1],"killed_by":"Gremlin Gang","ascension_level":0}