{"gold_per_floor":[119,139,139,159,2,2,30,30,30,43,63,87,125,148,148,278,278,292,292,312,312,312],"floor_reached":22,"playtime":1067,"items_purged":[],"score":248,"play_id":"d714b319-9fe4-4ae4-bd2f-db0b22e66e20","local_time":"20181031155330","is_ascension_mode":true,"campfire_choices":[{"data":"Scrape","floor":6,"key":"SMITH"},{"floor":15,"key":"REST"}],"neow_cost":"NONE","seed_source_timestamp":221912695638372,"circlet_count":0,"master_deck":["Strike_B","Strike_B","Strike_B","Defend_B","Defend_B","Defend_B","Defend_B","Zap","Dualcast","Gash","Scrape+1","Coolheaded","Seek","White Noise","Leap","Gash","Scrape","FTL","Go for the Eyes","Seek","Rebound+1","Rebound"],"relics":["Cracked Core","PreservedInsect","Matryoshka","Golden Idol","DataDisk","Symbiotic Virus","Omamori","Black Star"],"potions_floor_usage":[14,16,22,22],"damage_taken":[{"damage":0,"enemies":"Small Slimes","floor":1,"turns":3},{"damage":1,"enemies":"Cultist","floor":2,"turns":3},{"damage":12,"enemies":"Jaw Worm","floor":4,"turns":2},{"damage":22,"enemies":"Lagavulin","floor":7,"turns":6},{"damage":0,"enemies":"Red Slaver","floor":10,"turns":3},{"damage":0,"enemies":"Looter","floor":11,"turns":4},{"damage":1,"enemies":"Large Slime","floor":12,"turns":5},{"damage":10,"enemies":"3 Sentries","floor":13,"turns":5},{"damage":5,"enemies":"Red Slaver","floor":14,"turns":2},{"damage":18,"enemies":"The Guardian","floor":16,"turns":10},{"damage":14,"enemies":"Shell Parasite","floor":18,"turns":4},{"damage":0,"enemies":"3 Byrds","floor":20,"turns":3},{"damage":44,"enemies":"Masked Bandits","floor":22,"turns":3}],"seed_played":"-5481239655664233495","potions_obtained":[{"floor":2,"key":"SpeedPotion"},{"floor":4,"key":"Dexterity Potion"},{"floor":10,"key":"EssenceOfSteel"},{"floor":12,"key":"Weak Potion"},{"floor":20,"key":"SpeedPotion"}],"is_trial":false,"path_per_floor":["M","M","?","M","$","R","E","?","T","M","M","M","E","M","R","B",null,"M","?","M","?"],"character_chosen":"DEFECT","items_purchased":["Seek"],"campfire_rested":1,"item_purchase_floors":[5],"current_hp_per_floor":[75,74,74,62,62,62,40,40,40,40,40,39,29,24,44,26,58,44,44,44,44,0],"gold":312,"neow_bonus":"RANDOM_COMMON_RELIC","is_prod":false,"is_daily":false,"chose_seed":false,"campfire_upgraded":1,"win_rate":0,"timestamp":1541019210,"path_taken":["M","M","?","M","$","R","E","?","T","M","M","M","E","M","R","BOSS","M","?","?","?","?"],"build_version":"2018-10-25v2","purchased_purges":0,"victory":false,"max_hp_per_floor":[75,75,75,75,75,75,75,69,69,69,69,69,69,69,69,69,69,69,69,69,69,69],"card_choices":[{"not_picked":["Streamline","Consume"],"picked":"Gash","floor":1},{"not_picked":["Sweeping Beam","Go for the Eyes"],"picked":"Scrape","floor":2},{"not_picked":["Storm","Turbo"],"picked":"Coolheaded","floor":4},{"not_picked":["Hologram","Streamline"],"picked":"White Noise","floor":7},{"not_picked":["Redo","Go for the Eyes"],"picked":"Leap","floor":10},{"not_picked":["Cold Snap","Capacitor"],"picked":"Gash","floor":11},{"not_picked":["Reinforced Body","Stack"],"picked":"Scrape","floor":12},{"not_picked":["Fission","Streamline"],"picked":"FTL","floor":13},{"not_picked":["Cold Snap","Darkness"],"picked":"Go for the Eyes","floor":14},{"not_picked":["Rainbow","Multi-Cast"],"picked":"Seek","floor":16},{"not_picked":["Coolheaded","Static Discharge+1"],"picked":"Rebound+1","floor":18},{"not_picked":["Steam","Sweeping Beam"],"picked":"Rebound","floor":20}],"player_experience":235650,"relics_obtained":[{"floor":7,"key":"Matryoshka"},{"floor":9,"key":"DataDisk"},{"floor":9,"key":"Symbiotic Virus"},{"floor":13,"key":"Omamori"}],"event_choices":[{"cards_removed":["Strike_B"],"damage_healed":0,"gold_gain":0,"player_choice":"Card Removal","damage_taken":0,"max_hp_gain":0,"max_hp_loss":0,"event_name":"Wheel of Change","floor":3,"gold_loss":0},{"damage_healed":0,"gold_gain":0,"player_choice":"Lose Max HP","damage_taken":0,"relics_obtained":["Golden Idol"],"max_hp_gain":0,"max_hp_loss":6,"event_name":"Golden Idol","floor":8,"gold_loss":0},{"damage_healed":0,"gold_gain":0,"player_choice":"Ignored","damage_taken":0,"max_hp_gain":0,"max_hp_loss":0,"event_name":"Ghosts","floor":19,"gold_loss":0},{"damage_healed":0,"gold_gain":0,"player_choice":"Ignored","damage_taken":0,"max_hp_gain":0,"max_hp_loss":0,"event_name":"Vampires","floor":21,"gold_loss":0},{"damage_healed":0,"gold_gain":0,"player_choice":"Fought Bandits","damage_taken":0,"max_hp_gain":0,"max_hp_loss":0,"event_name":"Masked Bandits","floor":22,"gold_loss":0}],"is_beta":false,"boss_relics":[{"not_picked":["Tiny House","Inserter"],"picked":"Black Star"}],"items_purged_floors":[],"is_endless":false,"potions_floor_spawned":[2,4,10,12,13,20],"killed_by":"Masked Bandits","ascension_level":5}