{"gold_per_floor":[116,130,130,143,162,162,162,194,220,239,239,164,225,240,240,337,337,354,370,381,281,300,300,329,329,329,343,343,343,368,384,384,489,489,502,514,204,222,241,241,241],"floor_reached":41,"playtime":2003,"items_purged":["Strike_B","Strike_B","Writhe"],"score":462,"play_id":"e894a1fd-9c8c-46f5-9f9e-a27eab714bb8","local_time":"20180723002655","is_ascension_mode":false,"campfire_choices":[{"floor":6,"key":"REST"},{"data":"Dualcast","floor":11,"key":"SMITH"},{"floor":15,"key":"REST"},{"data":"Electrodynamics","floor":23,"key":"SMITH"},{"floor":25,"key":"REST"},{"floor":28,"key":"REST"},{"data":"Zap","floor":32,"key":"SMITH"},{"data":"Redo","floor":40,"key":"PURGE"}],"neow_cost":"NONE","seed_source_timestamp":129513918640463,"circlet_count":0,"master_deck":["Strike_B+1","Defend_B","Defend_B","Defend_B","Defend_B+1","Zap+1","Dualcast+1","Multi-Cast","Ball Lightning","Ball Lightning","Ball Lightning","Electrodynamics+1","Ball Lightning","Stack+1","Thunder Strike","Self Repair+1","Static Discharge+1","Fission","Auto Shields+1","Dramatic Entrance","White Noise+1"],"relics":["Cracked Core","Anchor","Centennial Puzzle","Strawberry","Orrery","Peace Pipe","Potion Belt","Nunchaku","Omamori","Fusion Hammer"],"potions_floor_usage":[8,16,16,16,30,33,38,39,41,41,41],"damage_taken":[{"damage":6,"enemies":"2 Louse","floor":1,"turns":2},{"damage":8,"enemies":"Jaw Worm","floor":2,"turns":3},{"damage":0,"enemies":"Small Slimes","floor":4,"turns":2},{"damage":7,"enemies":"Blue Slaver","floor":5,"turns":3},{"damage":2,"enemies":"Gremlin Nob","floor":8,"turns":3},{"damage":8,"enemies":"Lots of Slimes","floor":10,"turns":3},{"damage":28,"enemies":"Lagavulin Event","floor":13,"turns":4},{"damage":14,"enemies":"Large Slime","floor":14,"turns":4},{"damage":26,"enemies":"Hexaghost","floor":16,"turns":9},{"damage":0,"enemies":"Chosen","floor":18,"turns":3},{"damage":5,"enemies":"Spheric Guardian","floor":19,"turns":3},{"damage":15,"enemies":"Snecko","floor":20,"turns":4},{"damage":10,"enemies":"Sentry and Sphere","floor":22,"turns":3},{"damage":22,"enemies":"Slavers","floor":24,"turns":2},{"damage":18,"enemies":"3 Cultists","floor":27,"turns":3},{"damage":27,"enemies":"Gremlin Leader","floor":30,"turns":6},{"damage":11,"enemies":"Cultist and Chosen","floor":31,"turns":5},{"damage":21,"enemies":"Automaton","floor":33,"turns":5},{"damage":18,"enemies":"Orb Walker","floor":35,"turns":2},{"damage":28,"enemies":"3 Darklings","floor":36,"turns":4},{"damage":6,"enemies":"Sphere and 2 Shapes","floor":38,"turns":4},{"damage":4,"enemies":"Maw","floor":39,"turns":6},{"damage":122,"enemies":"Giant Head","floor":41,"turns":9}],"seed_played":"2525021641773408531","potions_obtained":[{"floor":2,"key":"Block Potion"},{"floor":5,"key":"SpeedPotion"},{"floor":8,"key":"Ancient Potion"},{"floor":13,"key":"Fire Potion"},{"floor":14,"key":"Poison Potion"},{"floor":20,"key":"SteroidPotion"},{"floor":22,"key":"FairyPotion"},{"floor":27,"key":"Fire Potion"},{"floor":33,"key":"PowerPotion"},{"floor":36,"key":"Poison Potion"},{"floor":38,"key":"Fruit Juice"}],"is_trial":false,"path_per_floor":["M","M","?","M","M","R","?","E","T","M","R","$","?","M","R","B",null,"M","M","M","$","M","R","E","R","T","M","R","?","E","M","R","B",null,"M","M","$","M","M","R"],"character_chosen":"DEFECT","items_purchased":["SkillPotion","AttackPotion","Dramatic Entrance"],"campfire_rested":4,"item_purchase_floors":[37,37,37],"current_hp_per_floor":[69,61,46,46,39,61,61,59,59,51,51,51,30,16,40,14,82,82,77,62,62,52,52,30,54,54,46,70,70,53,52,52,31,82,64,46,46,50,61,61,0],"gold":241,"neow_bonus":"ONE_RANDOM_RARE_CARD","is_prod":false,"is_daily":false,"chose_seed":false,"campfire_upgraded":3,"win_rate":0.0,"timestamp":1532330815,"path_taken":["M","M","?","M","M","R","?","E","T","M","R","$","?","M","R","BOSS","M","M","?","$","M","R","E","R","T","M","R","?","E","M","R","BOSS","M","M","$","M","M","R","E"],"build_version":"2018-07-19v2","purchased_purges":3,"victory":false,"max_hp_per_floor":[75,75,75,75,75,75,75,75,75,75,75,75,82,82,82,82,82,82,82,82,82,82,82,82,82,82,82,82,82,82,82,82,82,82,82,82,82,82,87,87,87],"card_choices":[{"not_picked":["Hello World","Go for the Eyes"],"picked":"Ball Lightning","floor":1},{"not_picked":["Gash","Beam Cell","Streamline"],"picked":"SKIP","floor":2},{"not_picked":["Beam Cell","Streamline"],"picked":"Ball Lightning","floor":4},{"not_picked":["Doom and Gloom","Streamline"],"picked":"Redo","floor":5},{"not_picked":["Compile Driver","Heatsinks"],"picked":"Ball Lightning","floor":8},{"not_picked":["Gash","Seek","Streamline"],"picked":"SKIP","floor":10},{"not_picked":["Rip and Tear","Seek","Streamline"],"picked":"SKIP","floor":14},{"not_picked":["Machine Learning","Biased Cognition"],"picked":"Electrodynamics","floor":16},{"not_picked":["Gash","Consume"],"picked":"Ball Lightning","floor":17},{"not_picked":["Streamline","Reinforced Body","Skim"],"picked":"SKIP","floor":18},{"not_picked":["Cold Snap","Streamline"],"picked":"Stack+1","floor":19},{"not_picked":["Leap","Cold Snap+1"],"picked":"Thunder Strike","floor":20},{"not_picked":["Ball Lightning","Redo"],"picked":"Self Repair+1","floor":22},{"not_picked":["Buffer","Darkness","Undo"],"picked":"SKIP","floor":24},{"not_picked":["Redo","Cold Snap","Chill+1"],"picked":"SKIP","floor":27},{"not_picked":["Steam+1","Doom and Gloom+1"],"picked":"Static Discharge+1","floor":30},{"not_picked":["Storm+1","Rip and Tear","Doom and Gloom+1"],"picked":"SKIP","floor":31},{"not_picked":["Buffer","Electrodynamics"],"picked":"Fission","floor":33},{"not_picked":["Barrage+1","Self Repair","White Noise+1"],"picked":"SKIP","floor":35},{"not_picked":["Undo+1","Hologram"],"picked":"Auto Shields+1","floor":36},{"not_picked":["Barrage+1","Steam+1"],"picked":"White Noise+1","floor":38},{"not_picked":["Steam+1","Blizzard+1","Stack"],"picked":"SKIP","floor":39}],"player_experience":79839,"relics_obtained":[{"floor":8,"key":"Anchor"},{"floor":9,"key":"Centennial Puzzle"},{"floor":13,"key":"Strawberry"},{"floor":24,"key":"Peace Pipe"},{"floor":26,"key":"Potion Belt"},{"floor":30,"key":"Omamori"}],"event_choices":[{"event_name":"Shining Light","player_choice":"Entered Light","floor":3,"damage_taken":0},{"event_name":"Living Wall","player_choice":"Forget","floor":7,"damage_taken":0},{"event_name":"Dead Adventurer","player_choice":"Searched \u00271\u0027 times","floor":13,"damage_taken":0},{"event_name":"The Mausoleum","player_choice":"Yes","floor":29,"damage_taken":0}],"is_beta":false,"boss_relics":[{"not_picked":["FrozenCore","Runic Dome"],"picked":"Orrery"},{"not_picked":["Black Star","Empty Cage"],"picked":"Fusion Hammer"}],"items_purged_floors":[12,21,37],"is_endless":false,"potions_floor_spawned":[2,5,8,13,14,20,22,27,33,36,38],"killed_by":"Giant Head","ascension_level":0}