{"path_per_floor":["M","?","M","?","$","E","R","E","T","R","E","R","$","M","R","B",null,"M","M","?","M","M","E","$"],"character_chosen":"DEFECT","items_purchased":["Gash","Whetstone","Redo+1"],"gold_per_floor":[110,110,121,121,54,85,85,128,128,128,164,164,15,30,30,155,155,178,191,106,130,150,193,70,70],"floor_reached":25,"campfire_rested":4,"playtime":985,"item_purchase_floors":[5,13,24],"current_hp_per_floor":[63,63,63,45,45,21,43,23,23,45,17,39,39,38,60,27,63,67,70,70,67,74,75,75,0],"items_purged":["Defend_B"],"gold":70,"score":335,"play_id":"6843647e-8867-49c9-9cb1-773149444836","local_time":"20180530020652","is_prod":false,"is_daily":false,"chose_seed":false,"is_ascension_mode":true,"campfire_upgraded":0,"win_rate":0,"timestamp":1527638812,"campfire_choices":[{"floor":7,"key":"REST"},{"floor":10,"key":"REST"},{"floor":12,"key":"REST"},{"floor":15,"key":"REST"}],"path_taken":["M","?","M","?","$","E","R","E","T","R","E","R","$","M","R","BOSS","M","?","?","M","M","E","$","E"],"build_version":"2018-05-28","seed_source_timestamp":167177790333861,"purchased_purges":1,"victory":false,"master_deck":["Strike_B+1","Defend_B","Defend_B","Defend_B","Zap+1","Dualcast","Hologram","Gash+1","Hologram","Auto Shields","Auto Shields","Self Repair","Core Surge","Chill+1","Biased Cognition+1","Lockon+1","Go for the Eyes","White Noise+1","Coolheaded+1","Machine Learning","Redo+1"],"max_hp_per_floor":[75,75,75,75,75,75,75,75,75,75,75,75,75,75,75,75,75,75,75,75,75,75,75,75,75],"relics":["Cracked Core","Golden Idol","Orichalcum","DataDisk","Bottled Lightning","Potion Belt","Whetstone","Astrolabe","Toxic Egg 2","Happy Flower"],"card_choices":[{"not_picked":["Stack","Heatsinks","Leap"],"picked":"SKIP","floor":1},{"not_picked":["Lockon","Skim"],"picked":"Hologram","floor":3},{"not_picked":["Darkness","Skim"],"picked":"Hologram","floor":6},{"not_picked":["Darkness","Barrage"],"picked":"Auto Shields","floor":8},{"not_picked":["Storm","Barrage"],"picked":"Auto Shields","floor":11},{"not_picked":["Turbo","Biased Cognition"],"picked":"Self Repair","floor":14},{"not_picked":["Machine Learning","Meteor Strike"],"picked":"Core Surge","floor":16},{"not_picked":["Steam","Hologram"],"picked":"Go for the Eyes","floor":18},{"not_picked":["Undo+1","Go for the Eyes","Blizzard"],"picked":"SKIP","floor":19},{"not_picked":["Hologram+1","Beam Cell"],"picked":"White Noise+1","floor":21},{"not_picked":["Go for the Eyes","Ball Lightning"],"picked":"Coolheaded+1","floor":22},{"not_picked":["Reinforced Body+1","Leap+1"],"picked":"Machine Learning","floor":23}],"player_experience":115985,"potions_floor_usage":[6,6,8,8,16,16,22,23,25,25],"damage_taken":[{"damage":5,"enemies":"2 Louse","floor":1,"turns":2},{"damage":0,"enemies":"Cultist","floor":3,"turns":4},{"damage":24,"enemies":"3 Sentries","floor":6,"turns":7},{"damage":20,"enemies":"Lagavulin","floor":8,"turns":6},{"damage":28,"enemies":"Gremlin Nob","floor":11,"turns":5},{"damage":1,"enemies":"Jaw Worm","floor":14,"turns":3},{"damage":40,"enemies":"The Guardian","floor":16,"turns":12},{"damage":3,"enemies":"Spheric Guardian","floor":18,"turns":4},{"damage":4,"enemies":"Chosen","floor":19,"turns":5},{"damage":10,"enemies":"3 Cultists","floor":21,"turns":8},{"damage":0,"enemies":"Centurion and Healer","floor":22,"turns":9},{"damage":6,"enemies":"Book of Stabbing","floor":23,"turns":7},{"damage":78,"enemies":"Gremlin Leader","floor":25,"turns":7}],"relics_obtained":[{"floor":6,"key":"Orichalcum"},{"floor":8,"key":"DataDisk"},{"floor":9,"key":"Bottled Lightning"},{"floor":11,"key":"Potion Belt"},{"floor":23,"key":"Happy Flower"}],"event_choices":[{"event_name":"Upgrade Shrine","player_choice":"Upgraded","floor":2,"damage_taken":0},{"event_name":"Golden Idol","player_choice":"Take Damage","floor":4,"damage_taken":0},{"event_name":"Addict","player_choice":"Obtained Relic","floor":20,"damage_taken":0}],"boss_relics":[{"not_picked":["Cursed Key","White Beast Statue"],"picked":"Astrolabe"}],"items_purged_floors":[24],"potions_floor_spawned":[6,8,14,16,18,22,23],"seed_played":"-8244340866907286026","killed_by":"Gremlin Leader","ascension_level":8,"potions_obtained":[{"floor":6,"key":"SteroidPotion"},{"floor":8,"key":"SteroidPotion"},{"floor":14,"key":"Fire Potion"},{"floor":16,"key":"Strength Potion"},{"floor":18,"key":"Block Potion"},{"floor":22,"key":"SpeedPotion"},{"floor":23,"key":"Block Potion"}],"is_trial":false}