{"path_per_floor":["M","?","?","M","M","R","M","M","T","R","M","M","M","$","R","B",null,"M","?","M","?","?","E","R","$","T","R","?","R","M","?","R","B",null,"M","M","?","?","$","E","R","M","T","M","R","E","M","?","R","B"],"character_chosen":"DEFECT","items_purchased":["Strawberry","Cold Snap"],"gold_per_floor":[110,110,110,130,149,149,162,177,177,177,192,210,227,3,3,98,98,111,111,122,122,122,148,148,48,73,73,73,73,85,85,85,185,185,202,222,222,222,70,104,104,123,198,213,213,240,254,254,254,254],"floor_reached":51,"campfire_rested":4,"playtime":2264,"current_hp_per_floor":[72,65,65,63,61,61,59,57,57,57,55,25,30,37,61,22,82,65,57,57,57,57,15,39,39,39,63,63,63,79,79,79,82,82,41,46,46,67,67,55,55,59,59,62,62,41,39,39,63,73],"items_purged":["Regret","Strike_B","Writhe"],"gold":254,"score":767,"play_id":"eeee12f7-8f82-4a7a-a65c-cc29e2bab3fc","local_time":"20180513014352","is_prod":false,"is_daily":false,"chose_seed":false,"is_ascension_mode":false,"campfire_upgraded":6,"timestamp":1526168632,"path_taken":["M","?","?","M","?","R","M","M","T","R","?","M","M","$","R","BOSS","M","?","M","?","?","E","R","$","T","R","?","R","M","?","R","BOSS","M","?","?","?","$","E","R","M","T","M","R","E","M","?","R","BOSS"],"build_version":"2018-05-12v2","seed_source_timestamp":658214157477825,"purchased_purges":3,"victory":true,"master_deck":["Strike_B","Defend_B","Defend_B","Defend_B","Defend_B","Zap","Dualcast","Barrage","Redo+1","Reinforced Body+1","Loop+1","Capacitor+1","Defragment+1","Chaos+1","Coolheaded","Chaos+1","Ball Lightning","Reboot","Cold Snap","Coolheaded+1","Reinforced Body+1","Loop","Self Repair+1"],"max_hp_per_floor":[75,75,75,75,75,75,75,75,75,75,75,75,75,82,82,82,82,82,82,82,82,82,82,82,82,82,82,82,82,82,82,82,82,82,82,82,82,82,82,82,82,82,82,82,82,82,82,82,82,82],"relics":["Cracked Core","Happy Flower","Calipers","Thread and Needle","Strawberry","Velvet Choker","Turnip","Orichalcum","Inserter","Juzu Bracelet","Mercury Hourglass","Question Card"],"card_choices":[{"not_picked":["Skim","Chill"],"picked":"Barrage","floor":1},{"not_picked":["Axe Kick","Reprogram"],"picked":"Redo","floor":4},{"not_picked":["Beam Cell","Rip and Tear"],"picked":"Reinforced Body","floor":5},{"not_picked":["Reprogram","Reinforced Body"],"picked":"Loop","floor":7},{"not_picked":["Recycle","Nova","Rebound"],"picked":"SKIP","floor":8},{"not_picked":["Static Discharge","Double Energy"],"picked":"Self Repair","floor":11},{"not_picked":["Genetic Algorithm","Leap"],"picked":"Capacitor","floor":12},{"not_picked":["Barrage","Leap"],"picked":"Defragment","floor":13},{"not_picked":["Turbo+1","Leap+1"],"picked":"Chaos+1","floor":18},{"not_picked":["Steam","Streamline+1"],"picked":"Coolheaded","floor":20},{"not_picked":["Turbo","Sweeping Beam"],"picked":"Chaos","floor":23},{"not_picked":["Rainbow","Undo","FTL+1"],"picked":"SKIP","floor":30},{"not_picked":["Nova","Amplify"],"picked":"Reboot","floor":33},{"not_picked":["Stack+1","Rip and Tear","Aggregate"],"picked":"SKIP","floor":35},{"not_picked":["Go for the Eyes","Steam","Axe Kick"],"picked":"SKIP","floor":36},{"not_picked":["Turbo","Double Energy+1"],"picked":"Coolheaded+1","floor":40},{"not_picked":["Conserve Battery+1","Rebound+1"],"picked":"Reinforced Body+1","floor":42},{"not_picked":["Stack","Hologram+1"],"picked":"Loop","floor":44},{"not_picked":["Sweeping Beam","Thunder Strike","Streamline"],"picked":"SKIP","floor":46},{"not_picked":["Rebound","Genetic Algorithm+1","Streamline+1"],"picked":"Self Repair+1","floor":47}],"player_experience":52480,"potions_floor_usage":[16,18,18,30,46,47,50],"damage_taken":[{"damage":3,"enemies":"Jaw Worm","floor":1,"turns":4},{"damage":2,"enemies":"2 Louse","floor":4,"turns":2},{"damage":2,"enemies":"Cultist","floor":5,"turns":2},{"damage":2,"enemies":"3 Louse","floor":7,"turns":3},{"damage":2,"enemies":"Looter","floor":8,"turns":3},{"damage":2,"enemies":"Exordium Thugs","floor":11,"turns":5},{"damage":30,"enemies":"Gremlin Gang","floor":12,"turns":6},{"damage":2,"enemies":"Blue Slaver","floor":13,"turns":3},{"damage":39,"enemies":"Hexaghost","floor":16,"turns":10},{"damage":24,"enemies":"2 Thieves","floor":18,"turns":5},{"damage":0,"enemies":"3 Byrds","floor":20,"turns":5},{"damage":70,"enemies":"Gremlin Leader","floor":23,"turns":12},{"damage":0,"enemies":"Centurion and Healer","floor":30,"turns":9},{"damage":1,"enemies":"Champ","floor":33,"turns":15},{"damage":48,"enemies":"3 Darklings","floor":35,"turns":7},{"damage":2,"enemies":"Orb Walker","floor":36,"turns":5},{"damage":19,"enemies":"Nemesis","floor":40,"turns":7},{"damage":3,"enemies":"Maw","floor":42,"turns":8},{"damage":4,"enemies":"Flame Bruiser 2 Orb","floor":44,"turns":7},{"damage":28,"enemies":"2 Orb Walkers","floor":46,"turns":7},{"damage":9,"enemies":"Spire Growth","floor":47,"turns":6},{"damage":0,"enemies":"Donu and Deca","floor":50,"turns":14}],"event_choices":[{"event_name":"Golden Wing","player_choice":"Card Removal","floor":2,"damage_taken":0},{"event_name":"Big Fish","player_choice":"Box","floor":3,"damage_taken":0},{"event_name":"Knowing Skull","player_choice":"","floor":19,"damage_taken":0},{"event_name":"Purifier","player_choice":"One Purge","floor":21,"damage_taken":0},{"event_name":"Ghosts","player_choice":"Ignored","floor":22,"damage_taken":0},{"event_name":"Beggar","player_choice":"Ignored","floor":28,"damage_taken":0},{"event_name":"The Library","player_choice":"Read","floor":31,"damage_taken":0},{"event_name":"SecretPortal","player_choice":"Rejected Portal.","floor":37,"damage_taken":0},{"event_name":"Winding Halls","player_choice":"Writhe","floor":38,"damage_taken":0}],"boss_relics":[{"not_picked":["Cursed Key","Orrery"],"picked":"Velvet Choker"},{"not_picked":["Sozu","Runic Pyramid"],"picked":"Inserter"}],"potions_floor_spawned":[8,12,13,16,23,40,44,47],"seed_played":"-9200026111251584491","ascension_level":0,"is_trial":false}