{"gold_per_floor":[113,123,133,152,166,195,195,205,205,205,216,230,244,244,244,343,343,354,354,364,364,382,382,392,424,448,41,70,70,20,38,38,137,137,153,153,165,183,283,283,79,79,159,188,199,254,254,274,274,274,274,274,73,108,108],"floor_reached":55,"playtime":4008,"items_purged":["Strike_G","Defend_G","Setup","Defend_G"],"score":743,"play_id":"1c8194e4-3df7-4346-86aa-1ef6b711ce50","local_time":"20190330002408","is_ascension_mode":false,"campfire_choices":[{"floor":7,"key":"REST"},{"data":"Well Laid Plans","floor":10,"key":"SMITH"},{"data":"Choke","floor":15,"key":"SMITH"},{"floor":23,"key":"REST"},{"floor":32,"key":"RECALL"},{"data":"Acrobatics","floor":40,"key":"SMITH"},{"data":"Acrobatics","floor":42,"key":"SMITH"},{"floor":47,"key":"REST"},{"floor":49,"key":"REST"},{"data":"Footwork","floor":52,"key":"SMITH"}],"neow_cost":"TEN_PERCENT_HP_LOSS","seed_source_timestamp":294680085779818,"circlet_count":0,"master_deck":["Defend_G","Defend_G","Defend_G","Strike_G","Strike_G","Strike_G","Survivor","Neutralize","Bullet Time","Well Laid Plans+1","Crippling Poison","Predator","Choke+1","Dagger Spray","Corpse Explosion","Cloak And Dagger+1","Acrobatics+1","Blade Dance+1","Choke+1","Envenom","Phantasmal Killer","Dodge and Roll","Deflect+1","Doppelganger","Blur","Footwork+1","Acrobatics+1","Leg Sweep","Blur","Blur+1"],"relics":["Ring of the Serpent","Shuriken","Pantograph","Strawberry","Membership Card","Boot","Mango","Sozu","Shovel","TheAbacus","Bottled Flame","Mercury Hourglass","Tough Bandages","Paper Crane","Vajra"],"potions_floor_usage":[6,12,12,20,25,25,28,33,55],"damage_taken":[{"damage":0,"enemies":"Jaw Worm","floor":1,"turns":6},{"damage":0,"enemies":"2 Louse","floor":2,"turns":4},{"damage":1,"enemies":"Cultist","floor":3,"turns":5},{"damage":14,"enemies":"Red Slaver","floor":4,"turns":5},{"damage":0,"enemies":"Large Slime","floor":5,"turns":7},{"damage":27,"enemies":"Gremlin Nob","floor":6,"turns":5},{"damage":0,"enemies":"3 Louse","floor":8,"turns":2},{"damage":5,"enemies":"Red Slaver","floor":11,"turns":4},{"damage":1,"enemies":"Large Slime","floor":12,"turns":3},{"damage":2,"enemies":"Blue Slaver","floor":13,"turns":3},{"damage":35,"enemies":"The Guardian","floor":16,"turns":10},{"damage":0,"enemies":"3 Byrds","floor":18,"turns":2},{"damage":20,"enemies":"Chosen","floor":20,"turns":5},{"damage":10,"enemies":"Snake Plant","floor":22,"turns":3},{"damage":0,"enemies":"Chosen and Byrds","floor":24,"turns":4},{"damage":19,"enemies":"Gremlin Leader","floor":25,"turns":6},{"damage":8,"enemies":"Slavers","floor":28,"turns":4},{"damage":12,"enemies":"Snecko","floor":31,"turns":5},{"damage":51,"enemies":"Automaton","floor":33,"turns":9},{"damage":3,"enemies":"Orb Walker","floor":35,"turns":3},{"damage":10,"enemies":"3 Shapes","floor":37,"turns":5},{"damage":33,"enemies":"Sphere and 2 Shapes","floor":38,"turns":4},{"damage":13,"enemies":"Mind Bloom Boss Battle","floor":39,"turns":5},{"damage":4,"enemies":"Giant Head","floor":44,"turns":9},{"damage":16,"enemies":"3 Darklings","floor":45,"turns":5},{"damage":31,"enemies":"2 Orb Walkers","floor":46,"turns":3},{"damage":0,"enemies":"Maw","floor":48,"turns":6},{"damage":38,"enemies":"Awakened One","floor":50,"turns":14},{"damage":21,"enemies":"Shield and Spear","floor":54,"turns":6},{"damage":89,"enemies":"The Heart","floor":55,"turns":6}],"seed_played":"-6196265859541434174","potions_obtained":[{"floor":2,"key":"FearPotion"},{"floor":3,"key":"Block Potion"},{"floor":6,"key":"GamblersBrew"},{"floor":8,"key":"FearPotion"},{"floor":11,"key":"Fruit Juice"},{"floor":18,"key":"AttackPotion"},{"floor":20,"key":"EssenceOfSteel"},{"floor":25,"key":"Fire Potion"},{"floor":31,"key":"Ancient Potion"}],"is_trial":false,"path_per_floor":["M","M","M","M","M","E","R","M","T","R","M","M","M","?","R","B",null,"M","?","M","?","M","R","M","E","T","$","E","?","$","M","R","B",null,"M","?","M","M","?","R","$","R","T","E","M","?","R","M","R","B",null,"R","$","E","B"],"character_chosen":"THE_SILENT","items_purchased":["Membership Card","Boot","Setup","Ancient Potion","Swift Potion","Leg Sweep","TheAbacus","Paper Crane"],"campfire_rested":4,"item_purchase_floors":[27,27,27,27,27,41,41,53],"current_hp_per_floor":[63,63,62,48,48,21,39,39,39,39,34,38,36,58,58,33,68,68,68,48,48,38,58,58,46,46,46,52,52,52,40,40,14,89,86,86,76,43,55,55,55,55,55,51,35,4,30,30,56,43,89,89,89,68,0],"gold":108,"neow_bonus":"THREE_RARE_CARDS","is_prod":false,"is_daily":false,"chose_seed":false,"campfire_upgraded":5,"win_rate":0,"timestamp":1553927048,"path_taken":["M","M","M","M","M","E","R","M","T","R","M","M","M","?","R","BOSS","M","?","M","?","M","R","?","E","T","?","E","?","$","M","R","BOSS","M","?","M","?","?","R","$","R","T","E","M","?","R","M","R","BOSS","R","$","E","BOSS"],"build_version":"2019-01-23","purchased_purges":4,"victory":false,"max_hp_per_floor":[63,63,63,63,63,63,63,63,63,63,63,68,68,68,68,68,68,68,68,68,68,68,68,68,75,75,75,89,89,89,89,89,89,89,89,89,89,89,89,89,89,89,89,89,89,89,89,89,89,89,89,89,89,89,89],"card_choices":[{"not_picked":["Night Terror","Die Die Die"],"picked":"Bullet Time","floor":0},{"not_picked":["Underhanded Strike","Flying Knee"],"picked":"Expertise","floor":1},{"not_picked":["Poisoned Stab","Acrobatics"],"picked":"Well Laid Plans","floor":2},{"not_picked":["Bane","Escape Plan"],"picked":"Crippling Poison","floor":3},{"not_picked":["Slice","Outmaneuver"],"picked":"Predator","floor":4},{"not_picked":["Catalyst","Flechettes"],"picked":"Choke","floor":5},{"not_picked":["Reflex","Deflect"],"picked":"Dagger Spray","floor":6},{"not_picked":["Deadly Poison","Glass Knife","Cloak And Dagger"],"picked":"SKIP","floor":8},{"not_picked":["Distraction","Prepared","Dagger Throw"],"picked":"SKIP","floor":11},{"not_picked":["Poisoned Stab","Expertise","Prepared"],"picked":"SKIP","floor":12},{"not_picked":["Deflect","Outmaneuver","Blade Dance"],"picked":"SKIP","floor":13},{"not_picked":["Wraith Form v2","Grand Finale"],"picked":"Corpse Explosion","floor":16},{"not_picked":["Infinite Blades","Flying Knee+1"],"picked":"Cloak And Dagger+1","floor":18},{"not_picked":["Dagger Spray","Underhanded Strike"],"picked":"Blade Dance+1","floor":20},{"not_picked":["Dodge and Roll","Blade Dance","Sucker Punch"],"picked":"SKIP","floor":22},{"not_picked":["Deadly Poison","Sucker Punch"],"picked":"Envenom","floor":24},{"not_picked":["Concentrate","Slice","Bane"],"picked":"SKIP","floor":25},{"not_picked":["Bouncing Flask+1","Outmaneuver","Infinite Blades"],"picked":"SKIP","floor":28},{"not_picked":["Bane","Blade Dance"],"picked":"Deflect+1","floor":31},{"not_picked":["Phantasmal Killer","Glass Knife"],"picked":"Doppelganger","floor":33},{"not_picked":["Sucker Punch","Dodge and Roll","Blade Dance"],"picked":"SKIP","floor":35},{"not_picked":["Blade Dance","Dagger Spray"],"picked":"Footwork","floor":37},{"not_picked":["Dagger Spray+1","Choke+1"],"picked":"Acrobatics","floor":38},{"not_picked":["Poisoned Stab+1","Outmaneuver+1","Footwork"],"picked":"SKIP","floor":44},{"not_picked":["Dash+1","Flying Knee","Sucker Punch+1"],"picked":"SKIP","floor":45},{"not_picked":["Deadly Poison+1","Acrobatics"],"picked":"Blur","floor":46},{"not_picked":["Prepared","Acrobatics","Deadly Poison+1"],"picked":"SKIP","floor":48},{"not_picked":["Deadly Poison+1","Outmaneuver+1"],"picked":"Blur+1","floor":54}],"player_experience":157979,"relics_obtained":[{"floor":6,"key":"Shuriken"},{"floor":9,"key":"Pantograph"},{"floor":25,"key":"Strawberry"},{"floor":28,"key":"Mango"},{"floor":39,"key":"Shovel"},{"floor":43,"key":"Bottled Flame"},{"floor":44,"key":"Mercury Hourglass"},{"floor":46,"key":"Tough Bandages"},{"floor":54,"key":"Vajra"}],"event_choices":[{"damage_healed":22,"gold_gain":0,"player_choice":"Banana","damage_taken":0,"max_hp_gain":0,"max_hp_loss":0,"event_name":"Big Fish","floor":14,"gold_loss":0},{"damage_healed":0,"gold_gain":0,"player_choice":"Read","damage_taken":0,"max_hp_gain":0,"max_hp_loss":0,"event_name":"The Library","floor":19,"gold_loss":0,"cards_obtained":["Acrobatics"]},{"damage_healed":0,"gold_gain":0,"player_choice":"Copied","damage_taken":0,"max_hp_gain":0,"max_hp_loss":0,"event_name":"Duplicator","floor":21,"gold_loss":0,"cards_obtained":["Choke"]},{"damage_healed":0,"gold_gain":0,"cards_transformed":["Expertise","Strike_G"],"player_choice":"Became Test Subject","damage_taken":0,"max_hp_gain":0,"max_hp_loss":0,"event_name":"Drug Dealer","floor":29,"gold_loss":0,"cards_obtained":["Phantasmal Killer","Dodge and Roll"]},{"damage_healed":0,"gold_gain":0,"player_choice":"1 cards matched","damage_taken":0,"max_hp_gain":0,"max_hp_loss":0,"event_name":"Match and Keep!","floor":36,"gold_loss":0,"cards_obtained":["Blur"]},{"damage_healed":0,"gold_gain":0,"player_choice":"Fight","damage_taken":0,"max_hp_gain":0,"max_hp_loss":0,"event_name":"MindBloom","floor":39,"gold_loss":0},{"damage_healed":0,"gold_gain":0,"player_choice":"Fight","damage_taken":0,"max_hp_gain":0,"max_hp_loss":0,"event_name":"Mysterious Sphere","floor":46,"gold_loss":0}],"is_beta":false,"boss_relics":[{"not_picked":["Black Star","Empty Cage"],"picked":"Ring of the Serpent"},{"not_picked":["WristBlade","Cursed Key"],"picked":"Sozu"}],"items_purged_floors":[27,30,41,53],"is_endless":false,"potions_floor_spawned":[2,3,6,8,11,18,20,25,31,38,44,45,46,54],"killed_by":"The Heart","ascension_level":0}