{"gold_per_floor":[109,109,184,29,29,29,61,61,85,85,85,100,100,114,114,209,209,228,243,258,228,54,54,82,82,82,101,101,119,119,137,137,238,238,256,256,256,271,35,35,35,45,45,45,45],"floor_reached":45,"playtime":2512,"items_purged":["Strike_G","Defend_G"],"score":429,"play_id":"3ceb61fb-ca76-4893-8580-507261b46fe1","local_time":"20190401160947","is_ascension_mode":false,"campfire_choices":[{"data":"1","floor":6.0,"key":"LIFT"},{"data":"2","floor":8.0,"key":"LIFT"},{"floor":10.0,"key":"REST"},{"floor":13.0,"key":"REST"},{"floor":15.0,"key":"REST"},{"floor":23.0,"key":"REST"},{"data":"3","floor":25.0,"key":"LIFT"},{"data":"After Image","floor":28.0,"key":"SMITH"},{"data":"Caltrops","floor":32.0,"key":"SMITH"},{"floor":40,"key":"REST"}],"neow_cost":"TEN_PERCENT_HP_LOSS","seed_source_timestamp":0,"circlet_count":0,"master_deck":["Defend_G","Defend_G+1","Defend_G","Survivor","Neutralize","Dodge and Roll+1","Endless Agony","Leg Sweep","Backflip","PiercingWail","Burst","Deflect","PiercingWail","After Image+1","Caltrops+1","Cloak And Dagger+1","Choke","A Thousand Cuts","Infinite Blades","Madness","Madness+1","Accuracy+1","Footwork","Masterful Stab+1","Decay"],"special_seed":0,"relics":["Ring of the Snake","Girya","Bag of Preparation","Orichalcum","Eternal Feather","Bag of Marbles","Ninja Scroll","Empty Cage","War Paint"],"potions_floor_usage":[33,33],"damage_taken":[{"damage":5.0,"enemies":"Small Slimes","floor":1.0,"turns":4.0},{"damage":35.0,"enemies":"Gremlin Nob","floor":7.0,"turns":5.0},{"damage":0.0,"enemies":"Jaw Worm","floor":12.0,"turns":5.0},{"damage":0.0,"enemies":"2 Louse","floor":14.0,"turns":3.0},{"damage":33.0,"enemies":"Hexaghost","floor":16.0,"turns":16.0},{"damage":28.0,"enemies":"3 Byrds","floor":18.0,"turns":12.0},{"damage":9.0,"enemies":"Spheric Guardian","floor":19.0,"turns":9.0},{"damage":24.0,"enemies":"Snecko","floor":20.0,"turns":13.0},{"damage":9.0,"enemies":"Book of Stabbing","floor":24.0,"turns":9.0},{"damage":0.0,"enemies":"Shelled Parasite and Fungi","floor":27.0,"turns":7.0},{"damage":23.0,"enemies":"Cultist and Chosen","floor":29.0,"turns":11.0},{"damage":0.0,"enemies":"Snake Plant","floor":31.0,"turns":6.0},{"damage":41,"enemies":"Collector","floor":33,"turns":16},{"damage":6,"enemies":"Orb Walker","floor":35,"turns":3},{"damage":22,"enemies":"3 Shapes","floor":38,"turns":6},{"damage":7,"enemies":"3 Darklings","floor":42,"turns":6},{"damage":55,"enemies":"Transient","floor":45,"turns":5}],"seed_played":"-5512322348131159326","potions_obtained":[{"floor":7.0,"key":"GamblersBrew"},{"floor":16.0,"key":"Block Potion"},{"floor":18.0,"key":"Weak Potion"},{"floor":21.0,"key":"Regen Potion"},{"floor":21.0,"key":"PowerPotion"},{"floor":24.0,"key":"SpeedPotion"}],"is_trial":false,"path_per_floor":["M","?","?","$","$","R","E","R","T","R","?","M","R","M","R","B",null,"M","M","M","?","$","R","E","R","T","M","R","M","?","M","R","B",null,"M","?","?","M","$","R","?","M","T","?","M"],"character_chosen":"THE_SILENT","items_purchased":["Endless Agony","Caltrops","Footwork","War Paint"],"campfire_rested":5,"item_purchase_floors":[4,22,39,39],"current_hp_per_floor":[58,51,40,40,40,40,5,5,5,23,10,10,28,28,46,13,63,35,26,2,2,2,29,35,47,47,47,59,36,57,57,63,22,63,57,49,49,27,27,57,57,50,50,50,0],"gold":45,"neow_bonus":"ONE_RARE_RELIC","is_prod":false,"is_daily":false,"chose_seed":false,"campfire_upgraded":2,"win_rate":0,"timestamp":1554156587,"path_taken":["M","?","?","?","$","R","E","R","T","R","?","M","R","M","R","BOSS","M","M","M","?","?","R","E","R","T","M","R","M","?","M","R","BOSS","M","?","?","?","$","R","?","M","T","?","?"],"build_version":"2019-01-23","purchased_purges":2,"victory":false,"max_hp_per_floor":[63,63,63,63,63,63,63,63,63,63,63,63,63,63,63,63,63,63,63,63,63,63,63,63,63,63,63,63,63,63,63,63,63,63,63,63,63,63,63,63,63,63,63,63,63],"card_choices":[{"not_picked":["Deflect","Flying Knee"],"picked":"Dodge and Roll","floor":1.0},{"not_picked":["Slice","Escape Plan"],"picked":"Leg Sweep","floor":7.0},{"not_picked":["Underhanded Strike","Dodge and Roll"],"picked":"Backflip","floor":12.0},{"not_picked":["All Out Attack","Adrenaline"],"picked":"PiercingWail","floor":14.0},{"not_picked":["Wraith Form v2","Phantasmal Killer"],"picked":"Burst","floor":16.0},{"not_picked":["Flying Knee","Blade Dance"],"picked":"Deflect","floor":18.0},{"not_picked":["Blade Dance","Quick Slash"],"picked":"PiercingWail","floor":19.0},{"not_picked":["Tactician+1","Slice+1"],"picked":"After Image","floor":20.0},{"not_picked":["Poisoned Stab","Masterful Stab"],"picked":"Cloak And Dagger+1","floor":24.0},{"not_picked":["Dodge and Roll","Dagger Spray"],"picked":"Choke","floor":27.0},{"not_picked":["Sucker Punch","Outmaneuver","Backflip"],"picked":"SKIP","floor":29.0},{"not_picked":["Glass Knife","Dodge and Roll","Reflex"],"picked":"SKIP","floor":31.0},{"not_picked":["Envenom","Doppelganger"],"picked":"A Thousand Cuts","floor":33},{"not_picked":["Outmaneuver+1","All Out Attack"],"picked":"Infinite Blades","floor":35},{"not_picked":["Blade Dance","Sucker Punch"],"picked":"Accuracy+1","floor":38},{"not_picked":["Dagger Throw","Outmaneuver+1"],"picked":"Masterful Stab+1","floor":42}],"player_experience":161987,"relics_obtained":[{"floor":7.0,"key":"Bag of Preparation"},{"floor":9.0,"key":"Orichalcum"},{"floor":24.0,"key":"Bag of Marbles"},{"floor":26.0,"key":"Ninja Scroll"}],"event_choices":[{"cards_removed":["Defend_G"],"damage_healed":0.0,"max_hp_gain":0.0,"max_hp_loss":0.0,"gold_gain":0.0,"event_name":"Golden Wing","player_choice":"Card Removal","floor":2.0,"gold_loss":0.0,"damage_taken":7.0},{"damage_healed":0.0,"max_hp_gain":0.0,"max_hp_loss":0.0,"gold_gain":75.0,"event_name":"World of Goop","player_choice":"Gather Gold","floor":3.0,"gold_loss":0.0,"damage_taken":11.0},{"damage_healed":0.0,"max_hp_gain":0.0,"max_hp_loss":0.0,"gold_gain":0.0,"event_name":"Shining Light","player_choice":"Entered Light","floor":11.0,"gold_loss":0.0,"damage_taken":13.0,"cards_upgraded":["Strike_G","Dodge and Roll"]},{"damage_healed":0.0,"max_hp_gain":0.0,"max_hp_loss":0.0,"gold_gain":0.0,"event_name":"The Woman in Blue","player_choice":"Bought 2 Potions","floor":21.0,"gold_loss":0.0,"damage_taken":0.0},{"damage_healed":21.0,"max_hp_gain":0.0,"max_hp_loss":0.0,"gold_gain":0.0,"event_name":"The Library","player_choice":"Heal","floor":30.0,"gold_loss":0.0,"damage_taken":0.0},{"damage_healed":0,"gold_gain":0,"player_choice":"Embrace Madness","damage_taken":8,"max_hp_gain":0,"max_hp_loss":0,"event_name":"Winding Halls","floor":36,"gold_loss":0,"cards_obtained":["Madness","Madness"]},{"cards_removed":["Strike_G"],"damage_healed":0,"gold_gain":0,"player_choice":"Purged","damage_taken":0,"max_hp_gain":0,"max_hp_loss":0,"event_name":"Purifier","floor":37,"gold_loss":0},{"cards_removed":["Strike_G"],"damage_healed":0,"gold_gain":0,"player_choice":"Removed Attack","damage_taken":0,"max_hp_gain":0,"max_hp_loss":0,"event_name":"Falling","floor":41,"gold_loss":0},{"damage_healed":0,"gold_gain":0,"player_choice":"Cursed","damage_taken":0,"max_hp_gain":0,"max_hp_loss":0,"event_name":"Wheel of Change","floor":44,"gold_loss":0,"cards_obtained":["Decay"]}],"is_beta":false,"boss_relics":[{"not_picked":["Ectoplasm","WristBlade"],"picked":"Eternal Feather"},{"not_picked":["Astrolabe","Velvet Choker"],"picked":"Empty Cage"}],"items_purged_floors":[4,22],"is_endless":false,"potions_floor_spawned":[7,16,18,24],"killed_by":"Transient","ascension_level":0}