{"path_per_floor":["M","?","?","?","M","R","E","R","T","R","M","E","$","M","R","B",null,"M","?","$","?","?","E","M","M","T","R","?","M","R","M","R"],"character_chosen":"THE_SILENT","items_purchased":["Footwork","Deadly Poison","Prepared","Quick Slash"],"gold_per_floor":[111,111,186,186,202,202,232,232,256,256,270,302,35,47,47,147,147,132,132,32,32,32,67,85,103,103,103,103,121,121,138,138],"floor_reached":33,"campfire_rested":5,"playtime":2131,"current_hp_per_floor":[63,63,52,52,51,70,46,67,67,67,66,64,64,64,64,35,70,64,64,64,64,64,45,17,3,3,26,17,8,32,23,47],"items_purged":["Strike_G","Defend_G"],"gold":138,"play_id":"73bc8d09-47ae-4e26-ae61-01c0082f1796","is_prod":false,"is_daily":false,"is_ascension_mode":false,"campfire_upgraded":2,"path_taken":["M","?","?","?","M","R","E","R","T","R","M","E","$","?","R","BOSS","M","?","$","?","?","E","M","?","T","R","?","M","R","M","R","BOSS"],"build_version":"2018-02-01-PROD3","purchased_purges":2,"victory":false,"master_deck":["Defend_G","Defend_G","Defend_G","Defend_G","Strike_G","Strike_G","Strike_G","Strike_G","Survivor","Neutralize","Adrenaline+1","Noxious Fumes+1","Neutralize","Deflect","Corpse Explosion","Deadly Poison","Deflect","Poisoned Stab","Prepared","Footwork","Deadly Poison","Prepared","Quick Slash","Dagger Throw","Venomology","Infinite Blades+1","Deadly Poison","Bane","Quick Slash+1","Noxious Fumes","Prepared+1"],"max_hp_per_floor":[70,70,70,70,70,70,70,70,70,70,70,70,70,70,70,70,70,70,70,70,70,70,77,77,77,77,77,82,82,82,82,82],"relics":["Ring of the Snake","Darkstone Periapt","Bag of Preparation","Lantern","Question Card","Gremlin Horn","Strawberry","Gambling Chip"],"card_choices":[{"not_picked":["Slice","Flying Knee"],"picked":"Noxious Fumes"},{"not_picked":["Heel Hook","Dodge and Roll"],"picked":"Deadly Poison"},{"not_picked":["Glass Knife","Outmaneuver"],"picked":"Deflect"},{"not_picked":["Sucker Punch","All Out Attack"],"picked":"Poisoned Stab"},{"not_picked":["Catalyst","Malaise"],"picked":"Prepared"},{"not_picked":["Finisher","Blur"],"picked":"Dagger Throw"},{"not_picked":["Unload","Phantasmal Killer"],"picked":"Venomology"},{"not_picked":["Blade Dance","Caltrops","Bouncing Flask"],"picked":"Infinite Blades"},{"not_picked":["Deflect","Die Die Die","After Image"],"picked":"Deadly Poison"},{"not_picked":["Dodge and Roll","Dagger Spray","PiercingWail"],"picked":"Bane"},{"not_picked":["Heel Hook","Dash","Dagger Throw"],"picked":"Quick Slash"},{"not_picked":["Dagger Throw","Backstab","Dash"],"picked":"Noxious Fumes"},{"not_picked":["Catalyst","Sucker Punch","Dodge and Roll"],"picked":"Prepared"}],"player_experience":53777,"potions_floor_usage":[12,16,18,18,23,23,25,29,31,31,33,33,33,33],"damage_taken":[{"damage":7,"enemies":"Jaw Worm","floor":1,"turns":7},{"damage":1,"enemies":"Blue Slaver","floor":5,"turns":5},{"damage":24,"enemies":"3 Sentries","floor":7,"turns":8},{"damage":1,"enemies":"2 Louse","floor":11,"turns":3},{"damage":2,"enemies":"Gremlin Nob","floor":12,"turns":4},{"damage":0,"enemies":"Looter","floor":14,"turns":2},{"damage":29,"enemies":"The Guardian","floor":16,"turns":8},{"damage":6,"enemies":"2 Thieves","floor":18,"turns":4},{"damage":26,"enemies":"Book of Stabbing","floor":23,"turns":7},{"damage":28,"enemies":"Spheric Guardian","floor":24,"turns":6},{"damage":14,"enemies":"Snecko","floor":25,"turns":4},{"damage":9,"enemies":"Snake Plant","floor":29,"turns":4},{"damage":9,"enemies":"Centurion and Healer","floor":31,"turns":6},{"damage":52,"enemies":"Champ","floor":33,"turns":9}],"event_choices":[{"event_name":"Match and Keep!","player_choice":"3 cards matched","floor":2,"damage_taken":0},{"event_name":"World of Goop","player_choice":"Gather Gold","floor":3,"damage_taken":0},{"event_name":"Liars Game","player_choice":"disagreed","floor":4,"damage_taken":0},{"event_name":"The Mausoleum","player_choice":"Yes","floor":19,"damage_taken":0},{"event_name":"Beggar","player_choice":"Ignored","floor":21,"damage_taken":0},{"event_name":"Vampires","player_choice":"Ignored","floor":22,"damage_taken":0},{"event_name":"Forgotten Altar","player_choice":"Shed Blood","floor":28,"damage_taken":0}],"boss_relics":[{"not_picked":["Sozu","Ectoplasm"],"picked":"Question Card"}],"potions_floor_spawned":[1,11,12,18,25,29,31],"seed_played":"3025219992151975853","killed_by":"Champ","ascension_level":0,"is_trial":false}