{"gold_per_floor":[115,134,134,154,174,174,194,206,231,262,273,291,306,306,306,377,377,395,407,407,423,423],"floor_reached":22,"playtime":925,"items_purged":[],"score":330,"play_id":"5d782924-e48a-4f67-af38-8bc9de54dc7c","local_time":"20190412132604","is_ascension_mode":true,"campfire_choices":[{"data":"Defend_R","floor":6,"key":"SMITH"},{"floor":15,"key":"REST"}],"neow_cost":"NONE","seed_source_timestamp":94711301657842,"circlet_count":0,"master_deck":["AscendersBane","Strike_R","Strike_R","Strike_R","Strike_R","Defend_R","Defend_R","Defend_R","Defend_R+1","Bash+1","Flame Barrier","Sword Boomerang","Carnage","Inflame","Armaments","Headbutt","Heavy Blade","Havoc","Impervious","Barricade","Sentinel+1","Pommel Strike+1"],"relics":["Burning Blood","Smiling Mask","Charon\u0027s Ashes","Fusion Hammer"],"potions_floor_usage":[10,13],"damage_taken":[{"damage":13,"enemies":"Small Slimes","floor":1,"turns":5},{"damage":1,"enemies":"Cultist","floor":2,"turns":4},{"damage":8,"enemies":"2 Louse","floor":4,"turns":3},{"damage":7,"enemies":"Blue Slaver","floor":5,"turns":5},{"damage":39,"enemies":"Gremlin Gang","floor":7,"turns":7},{"damage":20,"enemies":"Exordium Thugs","floor":8,"turns":6},{"damage":8,"enemies":"Gremlin Nob","floor":10,"turns":3},{"damage":7,"enemies":"3 Louse","floor":11,"turns":4},{"damage":8,"enemies":"Large Slime","floor":12,"turns":5},{"damage":0,"enemies":"Looter","floor":13,"turns":3},{"damage":35,"enemies":"Slime Boss","floor":16,"turns":11},{"damage":0,"enemies":"3 Byrds","floor":18,"turns":3},{"damage":19,"enemies":"Spheric Guardian","floor":19,"turns":4},{"damage":32,"enemies":"Centurion and Healer","floor":21,"turns":8},{"damage":33,"enemies":"Snecko","floor":22,"turns":4}],"seed_played":"8115277337882726201","potions_obtained":[{"floor":4,"key":"Dexterity Potion"},{"floor":7,"key":"PowerPotion"},{"floor":8,"key":"FairyPotion"},{"floor":12,"key":"Poison Potion"},{"floor":16,"key":"Weak Potion"},{"floor":19,"key":"Fire Potion"}],"is_trial":false,"path_per_floor":["M","M","?","M","M","R","M","M","T","E","M","M","M","?","R","B",null,"M","M","?","M","M"],"character_chosen":"IRONCLAD","items_purchased":[],"campfire_rested":1,"item_purchase_floors":[],"current_hp_per_floor":[61,66,59,57,56,56,23,9,9,7,13,11,17,17,39,10,59,65,52,52,26,0],"gold":423,"neow_bonus":"UPGRADE_CARD","is_prod":false,"is_daily":false,"chose_seed":false,"campfire_upgraded":1,"win_rate":0,"timestamp":1555064764,"path_taken":["M","M","?","M","M","R","M","?","T","E","M","M","M","?","R","BOSS","M","M","?","M","M"],"build_version":"2019-01-23","purchased_purges":0,"victory":false,"max_hp_per_floor":[75,75,75,75,75,75,75,75,75,75,75,75,75,75,75,75,75,75,75,75,75,75],"card_choices":[{"not_picked":["True Grit","Clothesline"],"picked":"Flame Barrier","floor":1},{"not_picked":["Twin Strike","Perfected Strike"],"picked":"Sword Boomerang","floor":2},{"not_picked":["Thunderclap","Warcry"],"picked":"Carnage","floor":4},{"not_picked":["Brutality","Combust","Anger"],"picked":"SKIP","floor":5},{"not_picked":["Carnage","Dropkick"],"picked":"Inflame","floor":7},{"not_picked":["Intimidate","Wild Strike"],"picked":"Armaments","floor":8},{"not_picked":["Cleave","Intimidate"],"picked":"Headbutt","floor":10},{"not_picked":["Second Wind","Feel No Pain"],"picked":"Heavy Blade","floor":11},{"not_picked":["Sentinel","Rage"],"picked":"Havoc","floor":12},{"not_picked":["Twin Strike","Sword Boomerang"],"picked":"Impervious","floor":13},{"not_picked":["Limit Break","Feed"],"picked":"Barricade","floor":16},{"not_picked":["Anger+1","Sever Soul"],"picked":"Sentinel+1","floor":18},{"not_picked":["Corruption","Second Wind"],"picked":"Pommel Strike+1","floor":19},{"not_picked":["Anger","Feel No Pain","Sword Boomerang"],"picked":"SKIP","floor":21}],"player_experience":861246,"relics_obtained":[{"floor":9,"key":"Smiling Mask"},{"floor":10,"key":"Charon\u0027s Ashes"}],"event_choices":[{"damage_healed":0,"gold_gain":0,"player_choice":"Damaged","damage_taken":7,"max_hp_gain":0,"max_hp_loss":0,"event_name":"Wheel of Change","floor":3,"gold_loss":0},{"damage_healed":0,"gold_gain":0,"player_choice":"Ignored","damage_taken":0,"max_hp_gain":0,"max_hp_loss":0,"event_name":"Shining Light","floor":14,"gold_loss":0},{"cards_removed":["Strike_R"],"damage_healed":0,"gold_gain":0,"player_choice":"Purged","damage_taken":0,"max_hp_gain":0,"max_hp_loss":0,"event_name":"Purifier","floor":20,"gold_loss":0}],"is_beta":false,"boss_relics":[{"not_picked":["Lizard Tail","Pandora\u0027s Box"],"picked":"Fusion Hammer"}],"items_purged_floors":[],"is_endless":false,"potions_floor_spawned":[4,7,8,12,16,19],"killed_by":"Snecko","ascension_level":14}