{"gold_per_floor":[114,114,131,146,159,159,178,189,189,33,45,55,55,82,82,178,178,196,196,33,52,66,95,112,12,37,37,47,58,58,58,58,161,161,175,188,203,203],"floor_reached":38,"playtime":1519,"items_purged":["Clumsy","Strike_G"],"score":429,"play_id":"9cf78107-0f91-4598-ad74-a98df3f424d2","local_time":"20190404220146","is_ascension_mode":false,"campfire_choices":[{"data":"Noxious Fumes","floor":6.0,"key":"SMITH"},{"floor":15.0,"key":"REST"},{"data":"Dagger Spray","floor":27.0,"key":"SMITH"},{"floor":30.0,"key":"REST"},{"data":"Neutralize","floor":32.0,"key":"SMITH"}],"neow_cost":"NONE","seed_source_timestamp":0,"circlet_count":0,"master_deck":["Defend_G","Defend_G","Defend_G","Defend_G","Defend_G","Strike_G","Strike_G","Survivor","Neutralize+1","Quick Slash+1","Dagger Spray+1","Noxious Fumes+1","Dagger Spray","Dagger Spray+1","Footwork","Poisoned Stab","Footwork","Backflip","After Image","Sucker Punch","Blade Dance","Slice","Injury","Slice+1","Calculated Gamble","Injury","Backstab+1"],"special_seed":0,"relics":["Cursed Key","Bronze Scales","Gremlin Horn","Busted Crown","MawBank","Oddly Smooth Stone","Orichalcum","Pear","Empty Cage"],"potions_floor_usage":[33,38],"damage_taken":[{"damage":1.0,"enemies":"Jaw Worm","floor":1.0,"turns":5.0},{"damage":3.0,"enemies":"Small Slimes","floor":3.0,"turns":3.0},{"damage":0.0,"enemies":"2 Louse","floor":4.0,"turns":2.0},{"damage":5.0,"enemies":"Exordium Wildlife","floor":5.0,"turns":5.0},{"damage":5.0,"enemies":"2 Fungi Beasts","floor":7.0,"turns":3.0},{"damage":0.0,"enemies":"Large Slime","floor":8.0,"turns":4.0},{"damage":3.0,"enemies":"Gremlin Gang","floor":11.0,"turns":3.0},{"damage":0.0,"enemies":"Blue Slaver","floor":12.0,"turns":3.0},{"damage":15.0,"enemies":"3 Sentries","floor":14.0,"turns":4.0},{"damage":14.0,"enemies":"Slime Boss","floor":16.0,"turns":8.0},{"damage":0.0,"enemies":"3 Byrds","floor":18.0,"turns":3.0},{"damage":6.0,"enemies":"2 Thieves","floor":21.0,"turns":4.0},{"damage":14.0,"enemies":"Shelled Parasite and Fungi","floor":22.0,"turns":6.0},{"damage":15.0,"enemies":"Book of Stabbing","floor":23.0,"turns":6.0},{"damage":9.0,"enemies":"Snake Plant","floor":24.0,"turns":4.0},{"damage":3.0,"enemies":"Snecko","floor":28.0,"turns":5.0},{"damage":3.0,"enemies":"Centurion and Healer","floor":29.0,"turns":6.0},{"damage":54,"enemies":"Champ","floor":33,"turns":13},{"damage":10,"enemies":"Orb Walker","floor":35,"turns":4},{"damage":11,"enemies":"3 Shapes","floor":36,"turns":4},{"damage":43,"enemies":"Spire Growth","floor":37,"turns":5},{"damage":21,"enemies":"Writhing Mass","floor":38,"turns":3}],"seed_played":"7530840599271909206","potions_obtained":[{"floor":4.0,"key":"SkillPotion"},{"floor":7.0,"key":"Fire Potion"},{"floor":11.0,"key":"Strength Potion"},{"floor":12.0,"key":"Weak Potion"},{"floor":18.0,"key":"Fire Potion"},{"floor":22.0,"key":"GhostInAJar"},{"floor":36,"key":"Ancient Potion"}],"is_trial":false,"path_per_floor":["M","?","M","M","M","R","M","M","T","$","M","M","?","E","R","B",null,"M","?","$","M","M","E","M","$","T","R","M","M","R","T","R","B",null,"M","M","M","M"],"character_chosen":"THE_SILENT","items_purchased":["Footwork","Oddly Smooth Stone","Sucker Punch"],"campfire_rested":2,"item_purchase_floors":[10,20,20],"current_hp_per_floor":[69,74,71,71,66,66,61,61,61,61,58,58,43,28,50,36,75,75,75,75,69,55,40,31,31,31,31,28,25,47,57,57,3,85,75,64,21,0],"gold":203,"neow_bonus":"BOSS_RELIC","is_prod":false,"is_daily":false,"chose_seed":false,"campfire_upgraded":3,"win_rate":0,"timestamp":1554436906,"path_taken":["M","?","M","M","M","R","M","M","T","$","M","M","?","E","R","BOSS","M","?","$","M","M","E","M","$","T","R","M","M","R","?","R","BOSS","M","M","M","M"],"build_version":"2019-01-23","purchased_purges":2,"victory":false,"max_hp_per_floor":[70,75,75,75,75,75,75,75,75,75,75,75,75,75,75,75,75,75,75,75,75,75,75,75,75,75,75,75,75,75,85,85,85,85,85,85,85,85],"card_choices":[{"not_picked":["Outmaneuver","Tactician"],"picked":"Quick Slash","floor":1.0},{"not_picked":["Bane","Backflip"],"picked":"Dagger Spray","floor":3.0},{"not_picked":["Blade Dance","Poisoned Stab"],"picked":"Noxious Fumes","floor":4.0},{"not_picked":["Bane","Expertise"],"picked":"Dagger Spray","floor":5.0},{"not_picked":["Quick Slash","Flechettes"],"picked":"Dagger Spray","floor":7.0},{"not_picked":["Underhanded Strike","Unload","Outmaneuver"],"picked":"SKIP","floor":8.0},{"not_picked":["Slice","Reflex"],"picked":"Poisoned Stab","floor":11.0},{"not_picked":["Cloak And Dagger","Acrobatics"],"picked":"Footwork","floor":12.0},{"not_picked":["Acrobatics","Bane"],"picked":"Backflip","floor":14.0},{"not_picked":["Grand Finale","Tools of the Trade"],"picked":"After Image","floor":16.0},{"not_picked":["Underhanded Strike"],"picked":"SKIP","floor":18.0},{"not_picked":[],"picked":"Blade Dance","floor":21.0},{"not_picked":[],"picked":"Slice","floor":22.0},{"not_picked":["Dagger Spray"],"picked":"SKIP","floor":23.0},{"not_picked":["Riddle With Holes"],"picked":"SKIP","floor":24.0},{"not_picked":[],"picked":"Slice+1","floor":28.0},{"not_picked":[],"picked":"Calculated Gamble","floor":29.0},{"not_picked":["Tactician+1"],"picked":"SKIP","floor":35},{"not_picked":[],"picked":"Backstab+1","floor":36},{"not_picked":["Underhanded Strike"],"picked":"SKIP","floor":37}],"player_experience":176078,"relics_obtained":[{"floor":9.0,"key":"Bronze Scales"},{"floor":14.0,"key":"Gremlin Horn"},{"floor":23.0,"key":"Orichalcum"},{"floor":31.0,"key":"Pear"}],"event_choices":[{"damage_healed":0.0,"max_hp_gain":5.0,"max_hp_loss":0.0,"gold_gain":0.0,"event_name":"Big Fish","player_choice":"Donut","floor":2.0,"gold_loss":0.0,"damage_taken":0.0},{"damage_healed":0.0,"max_hp_gain":0.0,"max_hp_loss":0.0,"gold_gain":0.0,"event_name":"Shining Light","player_choice":"Entered Light","floor":13.0,"gold_loss":0.0,"damage_taken":15.0,"cards_upgraded":["Quick Slash","Dagger Spray"]},{"damage_healed":0.0,"max_hp_gain":0.0,"max_hp_loss":0.0,"gold_gain":0.0,"event_name":"The Mausoleum","player_choice":"Opened","floor":19.0,"gold_loss":0.0,"damage_taken":0.0,"relics_obtained":["MawBank"]}],"is_beta":false,"boss_relics":[{"not_picked":["Coffee Dripper","Snecko Eye"],"picked":"Busted Crown"},{"not_picked":["Lizard Tail","Fusion Hammer"],"picked":"Empty Cage"}],"items_purged_floors":[10,25],"is_endless":false,"potions_floor_spawned":[4,7,11,12,18,22,24,28,29,36],"killed_by":"Writhing Mass","ascension_level":0}