{"gold_per_floor":[112,112,112,126,140,140,171,191,217,252,252,265,292,33,33,111,111,127,59,73,73,85,116,116,143,143,143,161,161,172,204,204,280,280,293,1,1,1,1,33,33,58,128,128,128,128,145,172,172,172],"floor_reached":50,"playtime":3025,"items_purged":["Strike_G"],"score":1162,"play_id":"3ea80445-3595-40ca-a2f3-683d88827198","local_time":"20190408145553","is_ascension_mode":true,"campfire_choices":[{"data":"Neutralize","floor":6.0,"key":"SMITH"},{"data":"Footwork","floor":11.0,"key":"SMITH"},{"data":"Tools of the Trade","floor":15.0,"key":"SMITH"},{"data":"A Thousand Cuts","floor":24.0,"key":"SMITH"},{"data":"Footwork","floor":27.0,"key":"SMITH"},{"data":"Dash","floor":29.0,"key":"SMITH"},{"data":"Well Laid Plans","floor":32.0,"key":"SMITH"},{"data":"Envenom","floor":41.0,"key":"SMITH"},{"data":"Madness","floor":46,"key":"SMITH"},{"floor":49,"key":"RECALL"}],"neow_cost":"NONE","seed_source_timestamp":1670469618189,"circlet_count":0,"master_deck":["AscendersBane","Defend_G+1","Defend_G+1","Defend_G+1","Defend_G+1","Defend_G+1","Strike_G+1","Survivor+1","Neutralize+1","Quick Slash+1","Dagger Throw+1","Dash+1","Tools of the Trade+1","Footwork+1","Blur+1","Well Laid Plans+1","A Thousand Cuts+1","Footwork+1","Quick Slash+1","Injury","Backflip+1","Escape Plan+1","Tools of the Trade+1","Deflect+1","Envenom+1","Infinite Blades","Regret","Madness+1","Madness","Finesse"],"special_seed":0,"relics":["Runic Dome","Oddly Smooth Stone","Bronze Scales","Juzu Bracelet","Mercury Hourglass","Pen Nib","Cursed Key","Vajra","Strawberry","Letter Opener","Dream Catcher","Black Star","Gambling Chip","Mark of the Bloom","Pantograph","War Paint","The Specimen","Bag of Marbles","Omamori","Boot"],"potions_floor_usage":[50],"damage_taken":[{"damage":0.0,"enemies":"2 Louse","floor":1.0,"turns":4.0},{"damage":0.0,"enemies":"Small Slimes","floor":4.0,"turns":4.0},{"damage":0.0,"enemies":"Cultist","floor":5.0,"turns":3.0},{"damage":6.0,"enemies":"Lagavulin","floor":7.0,"turns":7.0},{"damage":4.0,"enemies":"Large Slime","floor":8.0,"turns":4.0},{"damage":8.0,"enemies":"Gremlin Nob","floor":10.0,"turns":6.0},{"damage":0.0,"enemies":"3 Louse","floor":12.0,"turns":4.0},{"damage":0.0,"enemies":"Lagavulin","floor":13.0,"turns":9.0},{"damage":0.0,"enemies":"The Guardian","floor":16.0,"turns":11.0},{"damage":8.0,"enemies":"Chosen","floor":18.0,"turns":5.0},{"damage":5.0,"enemies":"3 Byrds","floor":20.0,"turns":4.0},{"damage":0.0,"enemies":"Sentry and Sphere","floor":22.0,"turns":6.0},{"damage":4.0,"enemies":"Slavers","floor":23.0,"turns":6.0},{"damage":15.0,"enemies":"Gremlin Leader","floor":25.0,"turns":7.0},{"damage":0.0,"enemies":"3 Cultists","floor":28.0,"turns":5.0},{"damage":3.0,"enemies":"Chosen and Byrds","floor":30.0,"turns":4.0},{"damage":8.0,"enemies":"Book of Stabbing","floor":31.0,"turns":5.0},{"damage":3.0,"enemies":"Collector","floor":33.0,"turns":10.0},{"damage":13.0,"enemies":"3 Darklings","floor":35.0,"turns":6.0},{"damage":19.0,"enemies":"Reptomancer","floor":40.0,"turns":7.0},{"damage":0.0,"enemies":"Giant Head","floor":42.0,"turns":8.0},{"damage":0,"enemies":"Orb Walker","floor":47,"turns":4},{"damage":13,"enemies":"Reptomancer","floor":48,"turns":7},{"damage":13,"enemies":"Awakened One","floor":50,"turns":4}],"seed_played":"2676099157271253786","potions_obtained":[{"floor":1.0,"key":"GhostInAJar"},{"floor":8.0,"key":"SneckoOil"},{"floor":10.0,"key":"Swift Potion"},{"floor":22.0,"key":"Poison Potion"},{"floor":23.0,"key":"Strength Potion"},{"floor":25.0,"key":"PowerPotion"},{"floor":30.0,"key":"EssenceOfSteel"}],"is_trial":false,"path_per_floor":["M","?","?","M","M","R","E","M","T","E","R","M","E","$","R","B",null,"M","$","M","?","M","E","R","E","T","R","M","R","M","E","R","B",null,"M","$","?","$","?","E","R","E","T","?","?","R","M","E","R","B"],"character_chosen":"THE_SILENT","items_purchased":["Well Laid Plans","Pen Nib","Footwork","Gambling Chip"],"campfire_rested":0,"item_purchase_floors":[14,14,19,36],"current_hp_per_floor":[63,49,49,49,49,49,43,39,39,31,31,31,31,31,31,31,60,52,52,47,47,47,43,43,35,35,35,35,35,32,24,24,21,63,50,50,50,50,50,31,31,31,31,21,21,21,21,8,8,0],"gold":172,"neow_bonus":"BOSS_RELIC","is_prod":false,"is_daily":false,"chose_seed":false,"campfire_upgraded":9,"win_rate":0,"timestamp":1554760553,"path_taken":["M","?","?","M","M","R","E","M","T","E","R","M","E","$","R","BOSS","M","$","M","?","M","E","R","E","T","R","M","R","M","E","R","BOSS","M","$","?","$","?","E","R","E","T","?","?","R","M","E","R","BOSS"],"build_version":"2019-01-23","purchased_purges":1,"victory":false,"max_hp_per_floor":[70,70,70,70,70,70,70,70,70,70,70,70,70,70,70,70,70,70,70,70,70,70,70,70,77,77,77,77,77,77,77,77,77,77,77,77,77,77,77,77,77,77,77,77,77,77,77,77,77,77],"card_choices":[{"not_picked":["Flechettes","Dagger Throw"],"picked":"Quick Slash","floor":1.0},{"not_picked":["Dodge and Roll","Sucker Punch"],"picked":"Dagger Throw","floor":4.0},{"not_picked":["Deflect","Poisoned Stab"],"picked":"Dash","floor":5.0},{"not_picked":["Accuracy","Poisoned Stab"],"picked":"Tools of the Trade","floor":7.0},{"not_picked":["Outmaneuver","Backflip"],"picked":"Footwork","floor":8.0},{"not_picked":["PiercingWail","Backflip"],"picked":"Blur","floor":10.0},{"not_picked":["Crippling Poison","Slice","Blade Dance"],"picked":"SKIP","floor":12.0},{"not_picked":["Dagger Throw","Prepared","Catalyst"],"picked":"SKIP","floor":13.0},{"not_picked":["Malaise","Glass Knife"],"picked":"A Thousand Cuts","floor":16.0},{"not_picked":["Sucker Punch","Quick Slash","Reflex"],"picked":"SKIP","floor":18.0},{"not_picked":["Bane","Dagger Spray","Acrobatics"],"picked":"SKIP","floor":20.0},{"not_picked":["Poisoned Stab","Distraction"],"picked":"Quick Slash","floor":22.0},{"not_picked":["Riddle With Holes+1","Venomology","Reflex"],"picked":"SKIP","floor":23.0},{"not_picked":["Slice","Masterful Stab","Poisoned Stab+1"],"picked":"SKIP","floor":25.0},{"not_picked":["Bane","Dagger Spray","Blade Dance"],"picked":"SKIP","floor":28.0},{"not_picked":["Underhanded Strike","Dagger Throw"],"picked":"Backflip","floor":30.0},{"not_picked":["Skewer","Outmaneuver"],"picked":"Escape Plan","floor":31.0},{"not_picked":["Grand Finale","Night Terror"],"picked":"Tools of the Trade","floor":33.0},{"not_picked":["Bouncing Flask","Dagger Throw+1"],"picked":"Deflect+1","floor":35.0},{"not_picked":["Quick Slash","Dagger Spray"],"picked":"Envenom","floor":40.0},{"not_picked":["Setup","Bullet Time"],"picked":"Infinite Blades","floor":42.0},{"not_picked":["Deep Breath","Enlightenment"],"picked":"Finesse","floor":45.0},{"not_picked":["Acrobatics","Skewer","Bane"],"picked":"SKIP","floor":47},{"not_picked":["Flechettes","Eviscerate","Flying Knee"],"picked":"SKIP","floor":48}],"player_experience":329790,"relics_obtained":[{"floor":7.0,"key":"Oddly Smooth Stone"},{"floor":9.0,"key":"Bronze Scales"},{"floor":10.0,"key":"Juzu Bracelet"},{"floor":13.0,"key":"Mercury Hourglass"},{"floor":23.0,"key":"Vajra"},{"floor":25.0,"key":"Strawberry"},{"floor":26.0,"key":"Letter Opener"},{"floor":31.0,"key":"Dream Catcher"},{"floor":40.0,"key":"Pantograph"},{"floor":40.0,"key":"War Paint"},{"floor":42.0,"key":"The Specimen"},{"floor":42.0,"key":"Bag of Marbles"},{"floor":48,"key":"Omamori"},{"floor":48,"key":"Boot"}],"event_choices":[{"damage_healed":0.0,"max_hp_gain":0.0,"max_hp_loss":0.0,"gold_gain":0.0,"event_name":"Shining Light","player_choice":"Entered Light","floor":2.0,"gold_loss":0.0,"damage_taken":14.0,"cards_upgraded":["Defend_G","Strike_G"]},{"cards_removed":["Strike_G"],"damage_healed":0.0,"max_hp_gain":0.0,"max_hp_loss":0.0,"gold_gain":0.0,"event_name":"Living Wall","player_choice":"Forget","floor":3.0,"gold_loss":0.0,"damage_taken":0.0},{"cards_removed":["Strike_G"],"damage_healed":0.0,"max_hp_gain":0.0,"max_hp_loss":0.0,"gold_gain":0.0,"event_name":"Bonfire Elementals","player_choice":"Offered Basic","floor":21.0,"gold_loss":0.0,"damage_taken":0.0},{"damage_healed":0.0,"max_hp_gain":0.0,"max_hp_loss":0.0,"gold_gain":0.0,"event_name":"MindBloom","player_choice":"Upgrade","floor":37.0,"gold_loss":0.0,"damage_taken":0.0,"cards_upgraded":["Defend_G","Defend_G","Defend_G","Defend_G","Strike_G","Survivor","Quick Slash","Dagger Throw","Blur","Quick Slash","Backflip","Escape Plan","Tools of the Trade"],"relics_obtained":["Mark of the Bloom"]},{"cards_removed":["Strike_G"],"damage_healed":0.0,"max_hp_gain":0.0,"max_hp_loss":0.0,"gold_gain":0.0,"event_name":"Falling","player_choice":"Removed Attack","floor":39.0,"gold_loss":0.0,"damage_taken":0.0},{"damage_healed":0.0,"max_hp_gain":0.0,"max_hp_loss":0.0,"gold_gain":0.0,"event_name":"Winding Halls","player_choice":"Embrace Madness","floor":44.0,"gold_loss":0.0,"damage_taken":10.0,"cards_obtained":["Madness","Madness"]},{"damage_healed":0.0,"max_hp_gain":0.0,"max_hp_loss":0.0,"gold_gain":0.0,"event_name":"SensoryStone","player_choice":"Memory 1","floor":45.0,"gold_loss":0.0,"damage_taken":0.0}],"is_beta":false,"boss_relics":[{"not_picked":["Fusion Hammer","Orrery"],"picked":"Cursed Key"},{"not_picked":["WristBlade","Calling Bell"],"picked":"Black Star"}],"items_purged_floors":[14],"is_endless":false,"potions_floor_spawned":[1,8,10,13,22,23,25,30,33,35],"killed_by":"Awakened One","ascension_level":13}