{"gold_per_floor":[117,392,128,148,162,191,191,225,225,225,238,49,74,88,88,184,184,199,211,157,171,187,187,4,4,79,108,127,227,227,245,245,340,340,360,360,34,52,66,91,91,91,138,155,204,10,10,25,25,25],"floor_reached":51,"playtime":7631,"items_purged":["Regret","Strike_G"],"score":1084,"play_id":"5139b58d-6b57-4fac-89de-33f28df58a65","local_time":"20190405221757","is_ascension_mode":true,"campfire_choices":[{"data":"Poisoned Stab","floor":7.0,"key":"SMITH"},{"floor":10.0,"key":"REST"},{"data":"Noxious Fumes","floor":15.0,"key":"SMITH"},{"data":"Well Laid Plans","floor":23.0,"key":"SMITH"},{"data":"Burst","floor":25.0,"key":"SMITH"},{"floor":32.0,"key":"REST"},{"floor":41.0,"key":"REST"},{"data":"Wraith Form v2","floor":49.0,"key":"SMITH"}],"neow_cost":"NONE","seed_source_timestamp":2565608083100,"circlet_count":0,"master_deck":["AscendersBane","Defend_G","Defend_G","Defend_G","Defend_G","Survivor","Neutralize","Catalyst","Dagger Spray","Blur","PiercingWail","Dagger Throw","Poisoned Stab+1","Blur","PiercingWail","Footwork","Noxious Fumes+1","Well Laid Plans+1","Bane","Dagger Spray","Burst+1","Prepared+1","Backstab","PiercingWail","Caltrops","PiercingWail","Wraith Form v2+1","Footwork+1","Deadly Poison+1","Dagger Throw+1","Noxious Fumes","Noxious Fumes"],"special_seed":0,"relics":["Ring of the Snake","Kunai","Mummified Hand","The Courier","Mercury Hourglass","Busted Crown","Gremlin Horn","Bronze Scales","Letter Opener","Bottled Tornado","Torii","Pantograph","Astrolabe","Potion Belt","Membership Card","Tiny Chest","Regal Pillow","Smiling Mask","Omamori","Oddly Smooth Stone","Shuriken"],"potions_floor_usage":[50,50],"damage_taken":[{"damage":2.0,"enemies":"2 Louse","floor":1.0,"turns":5.0},{"damage":0.0,"enemies":"Cultist","floor":4.0,"turns":5.0},{"damage":0.0,"enemies":"Small Slimes","floor":5.0,"turns":4.0},{"damage":27.0,"enemies":"3 Sentries","floor":6.0,"turns":9.0},{"damage":16.0,"enemies":"Gremlin Nob","floor":8.0,"turns":4.0},{"damage":6.0,"enemies":"Looter","floor":11.0,"turns":4.0},{"damage":3.0,"enemies":"3 Sentries","floor":13.0,"turns":7.0},{"damage":0.0,"enemies":"Red Slaver","floor":14.0,"turns":3.0},{"damage":1.0,"enemies":"Hexaghost","floor":16.0,"turns":7.0},{"damage":4.0,"enemies":"Chosen","floor":18.0,"turns":5.0},{"damage":0.0,"enemies":"3 Byrds","floor":19.0,"turns":3.0},{"damage":0.0,"enemies":"3 Cultists","floor":21.0,"turns":5.0},{"damage":2.0,"enemies":"Snake Plant","floor":22.0,"turns":5.0},{"damage":3.0,"enemies":"Gremlin Leader","floor":27.0,"turns":7.0},{"damage":15.0,"enemies":"Shelled Parasite and Fungi","floor":28.0,"turns":4.0},{"damage":9.0,"enemies":"Colosseum Slavers","floor":29.0,"turns":3.0},{"damage":24.0,"enemies":"Colosseum Nobs","floor":29.0,"turns":5.0},{"damage":0.0,"enemies":"3 Cultists","floor":31.0,"turns":4.0},{"damage":26.0,"enemies":"Champ","floor":33.0,"turns":13.0},{"damage":8.0,"enemies":"3 Shapes","floor":35.0,"turns":4.0},{"damage":0.0,"enemies":"3 Darklings","floor":38.0,"turns":5.0},{"damage":8.0,"enemies":"4 Shapes","floor":39.0,"turns":4.0},{"damage":12.0,"enemies":"Giant Head","floor":40.0,"turns":9.0},{"damage":0.0,"enemies":"Sphere and 2 Shapes","floor":44.0,"turns":6.0},{"damage":1.0,"enemies":"3 Darklings","floor":48.0,"turns":4.0},{"damage":58,"enemies":"Awakened One","floor":50,"turns":18}],"seed_played":"-8017801006440695479","potions_obtained":[{"floor":1.0,"key":"SteroidPotion"},{"floor":8.0,"key":"FearPotion"},{"floor":13.0,"key":"LiquidBronze"},{"floor":19.0,"key":"Poison Potion"},{"floor":22.0,"key":"Weak Potion"},{"floor":28.0,"key":"Energy Potion"},{"floor":40.0,"key":"SkillPotion"}],"is_trial":false,"path_per_floor":["M","?","$","M","M","E","R","E","T","R","M","$","E","M","R","B",null,"M","M","?","M","M","R","$","R","T","E","M","?","?","M","R","B",null,"M","T","$","M","M","E","R","T","T","M","T","$","?","M","R","B",null],"character_chosen":"THE_SILENT","items_purchased":["Dagger Spray","Blur","PiercingWail","AttackPotion","Noxious Fumes","Well Laid Plans","Bronze Scales","Caltrops","Membership Card","Noxious Fumes","Noxious Fumes","Tiny Chest","Fire Potion","Weak Potion","Strength Potion","Explosive Potion","Shuriken","Explosive Potion","Strength Potion","Fire Potion","EssenceOfSteel"],"campfire_rested":3,"item_purchase_floors":[3,3,3,3,12,12,24,24,37,37,37,37,37,37,37,37,46,46,46,46,46],"current_hp_per_floor":[61,61,61,61,61,34,34,18,18,39,33,33,30,30,30,29,60,56,56,56,56,54,54,54,54,54,51,36,3,3,3,24,23,58,50,50,50,50,42,30,66,66,66,66,66,66,66,65,65,12],"gold":25,"neow_bonus":"REMOVE_CARD","is_prod":false,"is_daily":false,"chose_seed":false,"campfire_upgraded":5,"win_rate":0,"timestamp":1554527877,"path_taken":["M","?","$","M","M","E","R","E","T","R","M","$","E","M","R","BOSS","M","M","?","M","?","R","$","R","T","E","M","?","?","M","R","BOSS","M","?","$","M","M","E","R","?","T","M","?","?","?","?","R","BOSS"],"build_version":"2019-01-23","purchased_purges":2,"victory":true,"max_hp_per_floor":[70,70,70,70,70,70,70,70,70,70,70,70,70,70,70,70,70,70,70,70,70,70,70,70,70,70,70,70,70,70,70,70,70,70,70,70,70,70,70,70,70,70,70,70,70,70,70,70,70,70],"card_choices":[{"not_picked":["Eviscerate","Expertise"],"picked":"Catalyst","floor":1.0},{"not_picked":["Catalyst","Expertise"],"picked":"Dagger Throw","floor":4.0},{"not_picked":["PiercingWail","Choke"],"picked":"Poisoned Stab","floor":5.0},{"not_picked":["Choke","Flechettes"],"picked":"Blur","floor":6.0},{"not_picked":["Blade Dance","Predator"],"picked":"PiercingWail","floor":8.0},{"not_picked":["Infinite Blades","Blade Dance"],"picked":"Footwork","floor":11.0},{"not_picked":["Slice","Prepared"],"picked":"Bane","floor":13.0},{"not_picked":["Masterful Stab","Setup"],"picked":"Dagger Spray","floor":14.0},{"not_picked":["Bullet Time","Unload"],"picked":"Burst","floor":16.0},{"not_picked":[],"picked":"Prepared+1","floor":18.0},{"not_picked":[],"picked":"Backstab","floor":19.0},{"not_picked":["Poisoned Stab"],"picked":"SKIP","floor":21.0},{"not_picked":[],"picked":"PiercingWail","floor":22.0},{"not_picked":["Dodge and Roll"],"picked":"SKIP","floor":27.0},{"not_picked":[],"picked":"PiercingWail","floor":28.0},{"not_picked":["Tactician+1"],"picked":"SKIP","floor":31.0},{"not_picked":[],"picked":"Wraith Form v2","floor":33.0},{"not_picked":["Sucker Punch+1"],"picked":"SKIP","floor":35.0},{"not_picked":["Choke"],"picked":"SKIP","floor":38.0},{"not_picked":["Concentrate+1"],"picked":"SKIP","floor":39.0},{"not_picked":["Outmaneuver"],"picked":"SKIP","floor":40.0},{"not_picked":["Deflect+1"],"picked":"SKIP","floor":44.0},{"not_picked":["Flechettes+1"],"picked":"SKIP","floor":48.0}],"player_experience":705707,"relics_obtained":[{"floor":6.0,"key":"Kunai"},{"floor":8.0,"key":"Mummified Hand"},{"floor":9.0,"key":"The Courier"},{"floor":13.0,"key":"Mercury Hourglass"},{"floor":26.0,"key":"Letter Opener"},{"floor":27.0,"key":"Bottled Tornado"},{"floor":29.0,"key":"Torii"},{"floor":29.0,"key":"Pantograph"},{"floor":36.0,"key":"Potion Belt"},{"floor":40.0,"key":"Regal Pillow"},{"floor":42.0,"key":"Smiling Mask"},{"floor":43.0,"key":"Omamori"},{"floor":45.0,"key":"Oddly Smooth Stone"}],"event_choices":[{"damage_healed":0.0,"max_hp_gain":0.0,"max_hp_loss":0.0,"gold_gain":275.0,"event_name":"Golden Shrine","player_choice":"Desecrate","floor":2.0,"gold_loss":0.0,"damage_taken":0.0,"cards_obtained":["Regret"]},{"damage_healed":0.0,"max_hp_gain":0.0,"max_hp_loss":0.0,"gold_gain":0.0,"event_name":"WeMeetAgain","player_choice":"Paid Gold","floor":20.0,"gold_loss":54.0,"damage_taken":0.0,"relics_obtained":["Gremlin Horn"]},{"damage_healed":0.0,"max_hp_gain":0.0,"max_hp_loss":0.0,"gold_gain":0.0,"event_name":"Colosseum","player_choice":"Fight","floor":29.0,"gold_loss":0.0,"damage_taken":0.0},{"damage_healed":0.0,"max_hp_gain":0.0,"max_hp_loss":0.0,"gold_gain":0.0,"event_name":"Colosseum","player_choice":"Fought Nobs","floor":29.0,"gold_loss":0.0,"damage_taken":0.0},{"cards_removed":["Strike_G"],"damage_healed":0.0,"max_hp_gain":0.0,"max_hp_loss":0.0,"gold_gain":0.0,"event_name":"Purifier","player_choice":"Purged","floor":30.0,"gold_loss":0.0,"damage_taken":0.0},{"damage_healed":0.0,"max_hp_gain":0.0,"max_hp_loss":0.0,"gold_gain":0.0,"event_name":"Mysterious Sphere","player_choice":"Ignored","floor":47.0,"gold_loss":0.0,"damage_taken":0.0}],"is_beta":false,"boss_relics":[{"not_picked":["Orrery","Coffee Dripper"],"picked":"Busted Crown"},{"not_picked":["Tiny House","Calling Bell"],"picked":"Astrolabe"}],"items_purged_floors":[3,12],"is_endless":false,"potions_floor_spawned":[1,8,13,14,19,22,28,29,40],"ascension_level":11}