{"gold_per_floor":[115,115,125,7,20,20,120,150,150,165,165,27,58,72,72,151,151,165,165,180,455,1,1,1,1,27,39,89,99,99,113,113,189,189,208,26,26,26,46,46,62,62,137,156,156,156,156,156,156,156],"floor_reached":50,"playtime":2608,"items_purged":["Regret","Regret"],"score":946,"play_id":"1d871dff-66a7-4db1-8048-328d2058aa6c","local_time":"20190411220357","is_ascension_mode":true,"campfire_choices":[{"data":"Zap","floor":6.0,"key":"SMITH"},{"data":"Hologram","floor":11.0,"key":"SMITH"},{"floor":15.0,"key":"REST"},{"data":"Glacier","floor":23.0,"key":"SMITH"},{"data":"Compile Driver","floor":25.0,"key":"SMITH"},{"floor":32.0,"key":"REST"},{"floor":40.0,"key":"REST"},{"floor":42.0,"key":"RECALL"},{"floor":47.0,"key":"REST"},{"floor":49.0,"key":"REST"}],"neow_cost":"NONE","seed_source_timestamp":0,"circlet_count":0,"master_deck":["AscendersBane","Strike_B","Strike_B","Strike_B","Strike_B","Defend_B","Defend_B","Defend_B","Defend_B","Zap+1","Dualcast+1","Glacier+1","FTL","Hologram+1","Defragment+1","Conserve Battery","Gash","Compile Driver+1","Hello World+1","Capacitor+1","Meteor Strike","Reinforced Body","Buffer+1","Coolheaded+1","Sadistic Nature+1","Trip"],"special_seed":0,"relics":["Busted Crown","Frozen Egg 2","DataDisk","Lantern","Ice Cream","Eternal Feather","Juzu Bracelet","Orichalcum","WingedGreaves","Fusion Hammer"],"potions_floor_usage":[50,50],"damage_taken":[{"damage":4.0,"enemies":"Small Slimes","floor":1.0,"turns":4.0},{"damage":14.0,"enemies":"Jaw Worm","floor":3.0,"turns":3.0},{"damage":0.0,"enemies":"Cultist","floor":5.0,"turns":4.0},{"damage":1.0,"enemies":"3 Sentries","floor":8.0,"turns":8.0},{"damage":0.0,"enemies":"Blue Slaver","floor":10.0,"turns":3.0},{"damage":0.0,"enemies":"Lagavulin","floor":13.0,"turns":6.0},{"damage":7.0,"enemies":"Lots of Slimes","floor":14.0,"turns":16.0},{"damage":16.0,"enemies":"The Guardian","floor":16.0,"turns":16.0},{"damage":8.0,"enemies":"Chosen","floor":18.0,"turns":5.0},{"damage":18.0,"enemies":"3 Byrds","floor":20.0,"turns":6.0},{"damage":12.0,"enemies":"Centurion and Healer","floor":27.0,"turns":8.0},{"damage":18.0,"enemies":"Shelled Parasite and Fungi","floor":29.0,"turns":7.0},{"damage":1.0,"enemies":"Snecko","floor":31.0,"turns":6.0},{"damage":8.0,"enemies":"Champ","floor":33.0,"turns":15.0},{"damage":15.0,"enemies":"3 Darklings","floor":35.0,"turns":10.0},{"damage":0.0,"enemies":"3 Shapes","floor":39.0,"turns":12.0},{"damage":6.0,"enemies":"Sphere and 2 Shapes","floor":41.0,"turns":30.0},{"damage":0.0,"enemies":"Spire Growth","floor":44.0,"turns":7.0},{"damage":68,"enemies":"Time Eater","floor":50,"turns":4}],"seed_played":"9009611180215381650","potions_obtained":[{"floor":1.0,"key":"Poison Potion"},{"floor":3.0,"key":"Explosive Potion"},{"floor":5.0,"key":"Ancient Potion"},{"floor":16.0,"key":"Poison Potion"},{"floor":29.0,"key":"EssenceOfSteel"},{"floor":31.0,"key":"Block Potion"},{"floor":33.0,"key":"GamblersBrew"},{"floor":35.0,"key":"Weak Potion"},{"floor":44.0,"key":"Strength Potion"}],"is_trial":false,"path_per_floor":["M","?","M","$","M","R","?","E","T","M","R","$","E","M","R","B",null,"M","?","M","?","$","R","?","R","T","M","?","M","?","M","R","B",null,"M","$","?","$","M","R","M","R","T","M","?","?","R","?","R","B"],"character_chosen":"DEFECT","items_purchased":["FTL","Defragment+1","Conserve Battery","Capacitor+1","Juzu Bracelet","Meteor Strike","Sadistic Nature+1"],"campfire_rested":5,"item_purchase_floors":[4,12,12,22,22,22,36],"current_hp_per_floor":[60,60,46,46,46,46,46,45,45,45,45,45,45,38,59,43,64,56,56,38,38,38,50,50,62,62,50,50,32,32,31,64,56,67,52,52,52,52,52,71,65,71,71,71,71,71,71,71,71,3],"gold":156,"neow_bonus":"BOSS_RELIC","is_prod":false,"is_daily":false,"chose_seed":false,"campfire_upgraded":4,"win_rate":0,"timestamp":1555038237,"path_taken":["M","?","M","$","M","R","?","E","T","?","R","$","E","M","R","BOSS","M","?","?","?","$","R","?","R","T","M","?","M","?","M","R","BOSS","M","$","?","$","M","R","M","R","T","M","?","?","R","?","R","BOSS"],"build_version":"2019-01-23","purchased_purges":2,"victory":false,"max_hp_per_floor":[71,71,71,71,71,71,71,71,71,71,71,71,71,71,71,71,71,71,71,71,71,71,71,71,71,71,71,71,71,71,71,71,71,71,71,71,71,71,71,71,71,71,71,71,71,71,71,71,71,71],"card_choices":[{"not_picked":["Steam Power"],"picked":"SKIP","floor":1.0},{"not_picked":[],"picked":"Glacier","floor":3.0},{"not_picked":["Go for the Eyes"],"picked":"SKIP","floor":5.0},{"not_picked":["Lockon"],"picked":"SKIP","floor":8.0},{"not_picked":[],"picked":"Hologram","floor":10.0},{"not_picked":["Reprogram"],"picked":"SKIP","floor":13.0},{"not_picked":[],"picked":"Gash","floor":14.0},{"not_picked":[],"picked":"Compile Driver","floor":18.0},{"not_picked":[],"picked":"Hello World+1","floor":20.0},{"not_picked":[],"picked":"Reinforced Body","floor":27.0},{"not_picked":["Beam Cell"],"picked":"SKIP","floor":29.0},{"not_picked":["Sweeping Beam"],"picked":"SKIP","floor":31.0},{"not_picked":[],"picked":"Buffer+1","floor":33.0},{"not_picked":[],"picked":"Coolheaded+1","floor":35.0},{"not_picked":["BootSequence"],"picked":"SKIP","floor":39.0},{"not_picked":["Scrape"],"picked":"SKIP","floor":41.0},{"not_picked":["Redo"],"picked":"SKIP","floor":44.0},{"not_picked":[],"picked":"Trip","floor":46.0}],"player_experience":914895,"relics_obtained":[{"floor":8.0,"key":"DataDisk"},{"floor":9.0,"key":"Lantern"},{"floor":13.0,"key":"Ice Cream"},{"floor":26.0,"key":"Orichalcum"}],"event_choices":[{"damage_healed":0.0,"max_hp_gain":0.0,"max_hp_loss":0.0,"gold_gain":0.0,"event_name":"Big Fish","player_choice":"Box","floor":2.0,"gold_loss":0.0,"damage_taken":0.0,"relics_obtained":["Frozen Egg 2"],"cards_obtained":["Regret"]},{"damage_healed":0.0,"max_hp_gain":0.0,"max_hp_loss":0.0,"gold_gain":100.0,"event_name":"Wheel of Change","player_choice":"Gold","floor":7.0,"gold_loss":0.0,"damage_taken":0.0},{"damage_healed":0.0,"max_hp_gain":0.0,"max_hp_loss":0.0,"gold_gain":0.0,"event_name":"Accursed Blacksmith","player_choice":"Forge","floor":19.0,"gold_loss":0.0,"damage_taken":0.0,"cards_upgraded":["Dualcast"]},{"damage_healed":0.0,"max_hp_gain":0.0,"max_hp_loss":0.0,"gold_gain":275.0,"event_name":"Golden Shrine","player_choice":"Desecrate","floor":21.0,"gold_loss":0.0,"damage_taken":0.0,"cards_obtained":["Regret"]},{"damage_healed":0.0,"max_hp_gain":0.0,"max_hp_loss":0.0,"gold_gain":0.0,"event_name":"The Library","player_choice":"Read","floor":24.0,"gold_loss":0.0,"damage_taken":0.0,"cards_obtained":["Conserve Battery"]},{"damage_healed":0.0,"max_hp_gain":0.0,"max_hp_loss":0.0,"gold_gain":50.0,"event_name":"Nest","player_choice":"Stole From Cult","floor":28.0,"gold_loss":0.0,"damage_taken":0.0},{"damage_healed":0.0,"max_hp_gain":0.0,"max_hp_loss":0.0,"gold_gain":0.0,"event_name":"WeMeetAgain","player_choice":"Gave Potion","floor":30.0,"gold_loss":0.0,"damage_taken":0.0,"relics_obtained":["WingedGreaves"]},{"damage_healed":0.0,"max_hp_gain":0.0,"max_hp_loss":0.0,"gold_gain":0.0,"event_name":"Mysterious Sphere","player_choice":"Ignored","floor":37.0,"gold_loss":0.0,"damage_taken":0.0},{"damage_healed":0.0,"max_hp_gain":0.0,"max_hp_loss":0.0,"gold_gain":0.0,"event_name":"Tomb of Lord Red Mask","player_choice":"Ignored","floor":45.0,"gold_loss":0.0,"damage_taken":0.0},{"damage_healed":0.0,"max_hp_gain":0.0,"max_hp_loss":0.0,"gold_gain":0.0,"event_name":"SensoryStone","player_choice":"Memory 1","floor":46.0,"gold_loss":0.0,"damage_taken":0.0},{"cards_removed":["Conserve Battery"],"damage_healed":0.0,"max_hp_gain":0.0,"max_hp_loss":0.0,"gold_gain":0.0,"event_name":"Falling","player_choice":"Removed Skill","floor":48.0,"gold_loss":0.0,"damage_taken":0.0}],"is_beta":false,"boss_relics":[{"not_picked":["Runic Dome","White Beast Statue"],"picked":"Eternal Feather"},{"not_picked":["Astrolabe","Philosopher\u0027s Stone"],"picked":"Fusion Hammer"}],"items_purged_floors":[4,22],"is_endless":false,"potions_floor_spawned":[1,3,5,16,29,31,33,35,41,44],"killed_by":"Time Eater","ascension_level":20}