{"gold_per_floor":[118,118,43,56,73,73,105,105,105,180,193,193,220,320,320,320],"floor_reached":16,"playtime":452,"items_purged":["Defend_B"],"score":140,"play_id":"ff3791d4-a771-4c37-b9d2-328cd91b1fe2","local_time":"20190326222123","is_ascension_mode":true,"campfire_choices":[{"data":"Zap","floor":6,"key":"SMITH"},{"data":"Dualcast","floor":8,"key":"SMITH"},{"data":"Multi-Cast","floor":12,"key":"SMITH"},{"floor":15,"key":"REST"}],"neow_cost":"NONE","seed_source_timestamp":166836194582852,"circlet_count":0,"master_deck":["Strike_B","Strike_B","Strike_B","Defend_B","Defend_B","Defend_B","Zap+1","Dualcast+1","FTL","Multi-Cast+1","Melter","Genetic Algorithm","Auto Shields"],"relics":["Eternal Feather","Bag of Marbles","Matryoshka","Thread and Needle"],"potions_floor_usage":[7,13,13],"damage_taken":[{"damage":5,"enemies":"Small Slimes","floor":1,"turns":4},{"damage":5,"enemies":"Cultist","floor":4,"turns":4},{"damage":7,"enemies":"Jaw Worm","floor":5,"turns":3},{"damage":32,"enemies":"Gremlin Nob","floor":7,"turns":4},{"damage":7,"enemies":"Exordium Thugs","floor":11,"turns":4},{"damage":23,"enemies":"Lagavulin","floor":13,"turns":5},{"damage":49,"enemies":"Slime Boss","floor":16,"turns":6}],"seed_played":"4840295049042807601","potions_obtained":[{"floor":1,"key":"Regen Potion"},{"floor":7,"key":"Weak Potion"},{"floor":11,"key":"EssenceOfSteel"}],"is_trial":false,"path_per_floor":["M","?","$","M","M","R","E","R","T","?","M","R","E","?","R","B"],"character_chosen":"DEFECT","items_purchased":[],"campfire_rested":1,"item_purchase_floors":[],"current_hp_per_floor":[63,63,63,58,51,57,37,43,43,32,25,31,8,8,36,0],"gold":320,"neow_bonus":"BOSS_RELIC","is_prod":false,"is_daily":false,"chose_seed":false,"campfire_upgraded":3,"win_rate":0,"timestamp":1553656883,"path_taken":["M","?","$","M","?","R","E","R","T","?","M","R","E","?","R","BOSS"],"build_version":"2019-01-23","purchased_purges":1,"victory":false,"max_hp_per_floor":[75,75,75,75,75,75,75,75,75,75,75,75,75,75,75,75],"card_choices":[{"not_picked":["Rip and Tear","Barrage"],"picked":"FTL","floor":1},{"not_picked":["Stack","Turbo"],"picked":"Melter","floor":4},{"not_picked":["Turbo","Steam Power","Gash"],"picked":"SKIP","floor":5},{"not_picked":["Static Discharge","Beam Cell","Heatsinks"],"picked":"SKIP","floor":7},{"not_picked":["Stack","BootSequence"],"picked":"Genetic Algorithm","floor":11},{"not_picked":["Chill","Static Discharge"],"picked":"Auto Shields","floor":13}],"player_experience":102337,"relics_obtained":[{"floor":7,"key":"Bag of Marbles"},{"floor":9,"key":"Matryoshka"},{"floor":13,"key":"Thread and Needle"}],"event_choices":[{"damage_healed":0,"gold_gain":0,"cards_transformed":["Strike_B"],"player_choice":"Transformed","damage_taken":0,"max_hp_gain":0,"max_hp_loss":0,"event_name":"Transmorgrifier","floor":2,"gold_loss":0,"cards_obtained":["Multi-Cast"]},{"damage_healed":0,"gold_gain":75,"player_choice":"Gather Gold","damage_taken":11,"max_hp_gain":0,"max_hp_loss":0,"event_name":"World of Goop","floor":10,"gold_loss":0},{"damage_healed":0,"gold_gain":100,"player_choice":"Pray","damage_taken":0,"max_hp_gain":0,"max_hp_loss":0,"event_name":"Golden Shrine","floor":14,"gold_loss":0}],"is_beta":false,"boss_relics":[],"items_purged_floors":[3],"is_endless":false,"potions_floor_spawned":[1,7,11],"killed_by":"Slime Boss","ascension_level":6}