{"gold_per_floor":[12,112,131,131,146,146,146,146,146,160,160,140,152,172,172,267,267,280,280,48,48,64,64,74,74,99,119,119],"floor_reached":28,"playtime":2025,"items_purged":[],"score":210,"play_id":"fe51ff07-1656-48db-ad37-a6c91e6f68f4","local_time":"20190409085537","is_ascension_mode":false,"campfire_choices":[{"floor":6,"key":"REST"},{"floor":11,"key":"RECALL"},{"data":"Crippling Poison","floor":15,"key":"SMITH"},{"data":"Prepared","floor":23,"key":"SMITH"},{"data":"Choke","floor":25,"key":"SMITH"}],"neow_cost":"NO_GOLD","seed_source_timestamp":6823991655855013,"circlet_count":0,"master_deck":["Defend_G","Defend_G","Defend_G","Defend_G","Defend_G","Strike_G","Strike_G","Strike_G","Strike_G","Strike_G","Survivor","Neutralize","Envenom+1","Dagger Throw","Crippling Poison+1","Underhanded Strike","Burst","Corpse Explosion","Blade Dance+1","Choke+1","Prepared+1","Well Laid Plans"],"relics":["Ring of the Snake","Tingsha","Shuriken","Sozu","MealTicket"],"potions_floor_usage":[14,16,16],"damage_taken":[{"damage":1,"enemies":"Cultist","floor":1,"turns":4},{"damage":1,"enemies":"Small Slimes","floor":3,"turns":4},{"damage":8,"enemies":"Jaw Worm","floor":5,"turns":3},{"damage":0,"enemies":"Lots of Slimes","floor":10,"turns":3},{"damage":4,"enemies":"Blue Slaver","floor":13,"turns":3},{"damage":7,"enemies":"Exordium Thugs","floor":14,"turns":4},{"damage":34,"enemies":"Slime Boss","floor":16,"turns":11},{"damage":10,"enemies":"Chosen","floor":18,"turns":4},{"damage":11,"enemies":"Shell Parasite","floor":22,"turns":3},{"damage":10,"enemies":"Centurion and Healer","floor":24,"turns":4},{"damage":23,"enemies":"Shelled Parasite and Fungi","floor":27,"turns":4},{"damage":16,"enemies":"Snake Plant","floor":28,"turns":1}],"seed_played":"-3090716465874727466","potions_obtained":[{"floor":3,"key":"GamblersBrew"},{"floor":12,"key":"Fire Potion"},{"floor":13,"key":"Ancient Potion"},{"floor":16,"key":"FairyPotion"}],"is_trial":false,"path_per_floor":["M","?","M","?","M","R","$","?","T","M","R","?","M","M","R","B",null,"M","?","$","?","M","R","M","R","T","M","M"],"character_chosen":"THE_SILENT","items_purchased":["MealTicket","Choke"],"campfire_rested":1,"item_purchase_floors":[20,20],"current_hp_per_floor":[69,69,68,35,27,48,48,48,48,48,48,48,44,37,37,3,70,60,53,53,53,42,42,32,32,32,9,0],"gold":119,"neow_bonus":"THREE_RARE_CARDS","is_prod":false,"is_daily":false,"chose_seed":false,"campfire_upgraded":3,"win_rate":0,"timestamp":1554814537,"path_taken":["M","?","?","?","M","R","$","?","T","?","R","?","M","M","R","BOSS","M","?","?","?","M","R","?","R","T","M","M"],"build_version":"2019-01-23","purchased_purges":0,"victory":false,"max_hp_per_floor":[70,70,70,70,70,70,70,70,70,70,70,70,70,70,70,70,70,70,70,70,70,70,70,70,70,70,70,70],"card_choices":[{"not_picked":["Bullet Time","Wraith Form v2"],"picked":"Envenom","floor":0},{"not_picked":["Underhanded Strike","Backflip"],"picked":"Dagger Throw","floor":1},{"not_picked":["Dagger Spray","Sucker Punch"],"picked":"Crippling Poison","floor":3},{"not_picked":["Acrobatics","Distraction"],"picked":"Underhanded Strike","floor":5},{"not_picked":["Sucker Punch","Cloak And Dagger","Eviscerate"],"picked":"SKIP","floor":10},{"not_picked":["Sucker Punch","Cloak And Dagger"],"picked":"Burst","floor":13},{"not_picked":["PiercingWail","Eviscerate","Dodge and Roll"],"picked":"SKIP","floor":14},{"not_picked":["Glass Knife","Malaise"],"picked":"Corpse Explosion","floor":16},{"not_picked":["Dagger Throw","Prepared+1"],"picked":"Blade Dance+1","floor":18},{"not_picked":["Dagger Throw","Flechettes"],"picked":"Prepared","floor":22},{"not_picked":["PiercingWail","Leg Sweep"],"picked":"Well Laid Plans","floor":24},{"not_picked":["Deadly Poison","Bane","Poisoned Stab+1"],"picked":"SKIP","floor":27}],"player_experience":255207,"relics_obtained":[{"floor":9,"key":"Shuriken"}],"event_choices":[{"damage_healed":0,"gold_gain":100,"player_choice":"Gold","damage_taken":0,"max_hp_gain":0,"max_hp_loss":0,"event_name":"Wheel of Change","floor":2,"gold_loss":0},{"damage_healed":0,"gold_gain":0,"player_choice":"Success","damage_taken":33,"relics_obtained":["Tingsha"],"max_hp_gain":0,"max_hp_loss":0,"event_name":"Scrap Ooze","floor":4,"gold_loss":0},{"damage_healed":0,"gold_gain":0,"player_choice":"Upgraded","damage_taken":0,"max_hp_gain":0,"max_hp_loss":0,"event_name":"Upgrade Shrine","floor":8,"gold_loss":0,"cards_upgraded":["Envenom"]},{"damage_healed":0,"gold_gain":0,"player_choice":"Bought 1 Potion","damage_taken":0,"max_hp_gain":0,"max_hp_loss":0,"event_name":"The Woman in Blue","floor":12,"gold_loss":0},{"damage_healed":0,"gold_gain":0,"player_choice":"Damaged","damage_taken":7,"max_hp_gain":0,"max_hp_loss":0,"event_name":"Wheel of Change","floor":19,"gold_loss":0},{"damage_healed":0,"gold_gain":0,"player_choice":"Ignored","damage_taken":0,"max_hp_gain":0,"max_hp_loss":0,"event_name":"NoteForYourself","floor":21,"gold_loss":0}],"is_beta":false,"boss_relics":[{"not_picked":["Fusion Hammer","Runic Dome"],"picked":"Sozu"}],"items_purged_floors":[],"is_endless":false,"potions_floor_spawned":[3,13,16,24],"killed_by":"Snake Plant","ascension_level":0}