{"path_per_floor":["M","$","M","M","M","E","?","?","T","$","M","M","E","?","R","B",null,"M","M","?","M","M"],"character_chosen":"THE_SILENT","items_purchased":["Accuracy"],"gold_per_floor":[110,0,13,24,36,71,71,98,98,98,117,129,154,154,154,252,252,269,287,212,226,240],"floor_reached":23,"campfire_rested":0,"playtime":1616,"current_hp_per_floor":[70,70,52,52,42,5,80,55,55,55,52,52,50,42,42,26,80,59,49,49,48,22],"items_purged":["Strike_G"],"gold":240,"score":231,"play_id":"fa44a95a-4579-485e-9cd0-4936aea0dbea","is_prod":false,"is_daily":false,"is_ascension_mode":false,"campfire_upgraded":1,"path_taken":["M","$","M","M","M","E","?","?","T","$","M","?","E","?","R","BOSS","M","?","?","?","?","E"],"build_version":"2018-02-12-PROD1","purchased_purges":1,"victory":false,"master_deck":["Defend_G","Defend_G","Defend_G","Defend_G","Defend_G","Strike_G","Strike_G","Strike_G","Survivor","Neutralize","Accuracy","Accuracy","Escape Plan","Backstab","Backflip","Backflip","Backflip","Infinite Blades+1","Cloak And Dagger","Backflip","Wraith Form","Parasite","Clumsy","Noxious Fumes"],"max_hp_per_floor":[70,70,70,70,70,70,80,80,80,80,80,80,80,80,80,80,80,80,80,80,80,80],"relics":["Ring of the Snake","Unceasing Top","Odd Mushroom","Prayer Wheel","Pantograph","Calling Bell","Gambling Chip","Girya","Molten Egg 2"],"card_choices":[{"not_picked":["Endless Agony","Dodge and Roll"],"picked":"Accuracy"},{"not_picked":["Eviscerate","Slice"],"picked":"Escape Plan"},{"not_picked":["Bane","Quick Slash"],"picked":"Backstab"},{"not_picked":["Unload","Blur"],"picked":"Backflip"},{"not_picked":["Poisoned Stab","Bane"],"picked":"Backflip"},{"not_picked":["Dagger Throw","Predator"],"picked":"Backflip"},{"not_picked":["Slice","Burst"],"picked":"Infinite Blades"},{"not_picked":["Dodge and Roll","Acrobatics"],"picked":"Cloak And Dagger"},{"not_picked":["Deflect","Choke"],"picked":"Backflip"},{"not_picked":["Glass Knife","Doppelganger"],"picked":"Wraith Form"},{"not_picked":["Deflect","Acrobatics"],"picked":"Noxious Fumes"}],"player_experience":85064,"potions_floor_usage":[5,11,16,16,19,21,23],"damage_taken":[{"damage":0,"enemies":"Small Slimes","floor":1,"turns":5},{"damage":18,"enemies":"Cultist","floor":3,"turns":10},{"damage":0,"enemies":"Jaw Worm","floor":4,"turns":8},{"damage":10,"enemies":"2 Fungi Beasts","floor":5,"turns":3},{"damage":37,"enemies":"3 Sentries","floor":6,"turns":19},{"damage":25,"enemies":"The Mushroom Lair","floor":8,"turns":8},{"damage":3,"enemies":"Exordium Thugs","floor":11,"turns":7},{"damage":0,"enemies":"3 Louse","floor":12,"turns":5},{"damage":2,"enemies":"Lagavulin","floor":13,"turns":8},{"damage":41,"enemies":"The Guardian","floor":16,"turns":15},{"damage":21,"enemies":"Spheric Guardian","floor":18,"turns":7},{"damage":10,"enemies":"Chosen","floor":19,"turns":7},{"damage":7,"enemies":"Snecko","floor":21,"turns":6},{"damage":26,"enemies":"Chosen and Byrds","floor":22,"turns":8},{"damage":22,"enemies":"Gremlin Leader","floor":23,"turns":5}],"event_choices":[{"event_name":"Bonfire Elementals","player_choice":"RARE","floor":7,"damage_taken":0},{"event_name":"Mushrooms","player_choice":"Fought Mushrooms","floor":8,"damage_taken":0},{"event_name":"Wheel of Change","player_choice":"Damage","floor":14,"damage_taken":0},{"event_name":"Beggar","player_choice":"Gave Gold","floor":20,"damage_taken":0}],"boss_relics":[{"not_picked":["Pandora\u0027s Box","Black Star"],"picked":"Calling Bell"}],"potions_floor_spawned":[1,8,12,13,18,19,22],"seed_played":"1469623604554858210","killed_by":"Gremlin Leader","ascension_level":0,"is_trial":false}