{"path_per_floor":["M","?","?","?","M","M","R","?","T","R","E","?","$","E","R","B",null,"M","$","?","?","M","E","M","R","T"],"character_chosen":"THE_SILENT","items_purchased":["Fire Potion"],"gold_per_floor":[116,116,116,116,130,140,140,140,166,166,193,154,79,110,110,210,210,228,79,79,79,98,124,139,139,139,139],"floor_reached":27,"campfire_rested":3,"playtime":1185,"current_hp_per_floor":[68,68,54,54,54,54,54,54,54,70,62,62,62,44,66,51,76,66,66,66,66,68,39,42,66,66,0],"items_purged":["Strike_G","Strike_G"],"gold":139,"score":237,"play_id":"6747e44f-5add-4666-9c50-aaadccdd612c","local_time":"20180423220455","is_prod":false,"is_daily":false,"chose_seed":false,"is_ascension_mode":false,"campfire_upgraded":1,"timestamp":1524546295,"path_taken":["M","?","?","?","?","M","R","?","T","R","E","?","$","E","R","BOSS","M","$","?","?","?","E","M","R","T","E"],"build_version":"2018-04-19","seed_source_timestamp":1107689061043451,"purchased_purges":2,"victory":false,"master_deck":["Defend_G","Defend_G","Defend_G","Defend_G","Defend_G+1","Strike_G","Strike_G","Strike_G+1","Survivor+1","Neutralize","Neutralize","Skewer+1","Dagger Spray","Dagger Spray"],"max_hp_per_floor":[70,70,70,70,70,70,70,70,70,70,72,72,72,74,74,76,76,76,76,76,76,78,80,82,82,82,82],"relics":["Ring of the Snake","Happy Flower","Singing Bowl","Oddly Smooth Stone","Lantern","Lizard Tail","Pen Nib","Omamori","Blood Vial"],"card_choices":[{"not_picked":["Catalyst","Infinite Blades"],"picked":"Skewer","floor":5},{"not_picked":["Acrobatics","Distraction"],"picked":"Dagger Spray","floor":18}],"player_experience":53093,"potions_floor_usage":[16,16,23,23,23],"damage_taken":[{"damage":2,"enemies":"Jaw Worm","floor":1,"turns":4},{"damage":0,"enemies":"Cultist","floor":5,"turns":4},{"damage":0,"enemies":"2 Louse","floor":6,"turns":2},{"damage":10,"enemies":"Lagavulin","floor":11,"turns":8},{"damage":20,"enemies":"3 Sentries","floor":14,"turns":7},{"damage":17,"enemies":"The Guardian","floor":16,"turns":10},{"damage":10,"enemies":"Shell Parasite","floor":18,"turns":7},{"damage":0,"enemies":"3 Byrds","floor":22,"turns":3},{"damage":31,"enemies":"Book of Stabbing","floor":23,"turns":11},{"damage":40,"enemies":"Snecko","floor":24,"turns":9},{"damage":77,"enemies":"Gremlin Leader","floor":27,"turns":8}],"event_choices":[{"event_name":"Upgrade Shrine","player_choice":"Upgraded","floor":2,"damage_taken":0},{"event_name":"Shining Light","player_choice":"Entered Light","floor":3,"damage_taken":0},{"event_name":"Match and Keep!","player_choice":"1 cards matched","floor":4,"damage_taken":0},{"event_name":"Liars Game","player_choice":"disagreed","floor":8,"damage_taken":0},{"event_name":"World of Goop","player_choice":"Left","floor":12,"damage_taken":0},{"event_name":"The Library","player_choice":"Read","floor":20,"damage_taken":0},{"event_name":"The Mausoleum","player_choice":"Yes","floor":21,"damage_taken":0}],"boss_relics":[{"not_picked":["Runic Pyramid","Runic Dome"],"picked":"Lizard Tail"}],"potions_floor_spawned":[6,11,18,22],"seed_played":"4729221319589450130","killed_by":"Gremlin Leader","ascension_level":0,"is_trial":false}