{"path_per_floor":["M","$","?","$","M","R","E","R","T","E","?","T","$","?","R","B",null,"M","?","?","M","M","E","?","R","T","?","R","?","M","M","R","B",null,"M","M","?","?","?","R","E","R","T","M","M","?","T","$","R","B"],"character_chosen":"DEFECT","items_purchased":["Ball Lightning","Bronze Scales","Apotheosis","Capacitor"],"gold_per_floor":[111,36,36,11,30,30,64,64,87,113,113,113,13,13,13,108,108,121,121,36,47,61,92,92,92,117,117,117,117,137,147,147,250,250,268,284,384,384,384,384,412,412,412,425,438,438,463,93,93,93],"floor_reached":51,"campfire_rested":6,"playtime":1714,"current_hp_per_floor":[75,75,75,75,75,75,53,53,53,33,33,33,33,33,55,55,75,57,57,57,57,31,29,29,51,51,37,61,61,61,61,80,74,80,73,55,55,55,55,79,79,79,79,76,76,66,66,66,80,71],"items_purged":["Defend_B","Decay"],"gold":93,"score":869,"play_id":"ac91d1f8-d4e5-410c-9ccb-656cdcc621b2","local_time":"20180516190118","is_prod":false,"is_daily":false,"chose_seed":false,"is_ascension_mode":true,"campfire_upgraded":3,"timestamp":1526490078,"path_taken":["M","$","?","?","M","R","E","R","T","E","?","?","?","?","R","BOSS","M","?","?","M","M","E","?","R","T","?","R","?","M","M","R","BOSS","M","M","?","?","?","R","E","R","T","M","M","?","?","$","R","BOSS"],"build_version":"2018-05-15","seed_source_timestamp":980223873484459,"purchased_purges":2,"victory":true,"master_deck":["Strike_B+1","Defend_B+1","Defend_B+1","Defend_B+1","Zap","Dualcast","Defragment+1","Stack","Ball Lightning","Defragment+1","Coolheaded","Reboot","Melter+1","White Noise+1","Go for the Eyes+1","Loop+1","Ball Lightning","Ball Lightning+1","Echo Form","Cold Snap+1","Auto Shields+1","Coolheaded+1","Madness","Madness","Apotheosis","Capacitor","Tempest+1"],"max_hp_per_floor":[75,75,75,75,75,75,75,75,75,75,75,75,75,75,75,75,75,75,75,75,75,75,75,75,75,75,80,80,80,80,80,80,80,80,80,80,80,80,80,80,80,80,80,80,80,80,80,80,80,80],"relics":["Cracked Core","Potion Belt","Juzu Bracelet","Lantern","Gremlin Horn","Nuclear Battery","Thread and Needle","Mummified Hand","Dodecahedron","Bag of Preparation","Inserter","Happy Flower","Ornamental Fan","Dream Catcher","Bronze Scales"],"card_choices":[{"not_picked":["Storm","Capacitor"],"picked":"Defragment","floor":1},{"not_picked":["Axe Kick","Blizzard","Steam"],"picked":"SKIP","floor":5},{"not_picked":["Doom and Gloom","Multi-Cast"],"picked":"Defragment","floor":7},{"not_picked":["Skim","Force Field"],"picked":"Coolheaded","floor":10},{"not_picked":["Fusion","Meteor Strike"],"picked":"Reboot","floor":16},{"not_picked":["Darkness","Cold Snap+1"],"picked":"Melter+1","floor":18},{"not_picked":["Reinforced Body","Sunder"],"picked":"White Noise+1","floor":21},{"not_picked":["Sunder","Barrage"],"picked":"Go for the Eyes+1","floor":22},{"not_picked":["Ball Lightning","Blizzard"],"picked":"Loop","floor":23},{"not_picked":["Undo","Hologram"],"picked":"Ball Lightning","floor":30},{"not_picked":["Barrage","Turbo+1"],"picked":"Ball Lightning+1","floor":31},{"not_picked":["Machine Learning","Biased Cognition"],"picked":"Echo Form","floor":33},{"not_picked":["Ball Lightning+1","Go for the Eyes"],"picked":"Cold Snap+1","floor":35},{"not_picked":["Hello World+1","Gash"],"picked":"Auto Shields+1","floor":36},{"not_picked":["Recycle","Darkness+1","Go for the Eyes"],"picked":"SKIP","floor":41},{"not_picked":["Leap","Rebound","Go for the Eyes"],"picked":"SKIP","floor":44},{"not_picked":["Double Energy","Sweeping Beam"],"picked":"Coolheaded+1","floor":45},{"not_picked":["Turbo","Leap+1"],"picked":"Tempest+1","floor":49}],"player_experience":65646,"potions_floor_usage":[10,16,23,23,23,30,50,50],"damage_taken":[{"damage":0,"enemies":"2 Louse","floor":1,"turns":2},{"damage":0,"enemies":"Cultist","floor":5,"turns":3},{"damage":22,"enemies":"Gremlin Nob","floor":7,"turns":4},{"damage":20,"enemies":"3 Sentries","floor":10,"turns":4},{"damage":0,"enemies":"Slime Boss","floor":16,"turns":7},{"damage":18,"enemies":"3 Byrds","floor":18,"turns":4},{"damage":0,"enemies":"Chosen","floor":21,"turns":4},{"damage":26,"enemies":"3 Cultists","floor":22,"turns":5},{"damage":2,"enemies":"Gremlin Leader","floor":23,"turns":7},{"damage":0,"enemies":"Cultist and Chosen","floor":30,"turns":3},{"damage":0,"enemies":"Sentry and Sphere","floor":31,"turns":2},{"damage":6,"enemies":"Automaton","floor":33,"turns":10},{"damage":7,"enemies":"Flame Bruiser 1 Orb","floor":35,"turns":3},{"damage":18,"enemies":"3 Shapes","floor":36,"turns":3},{"damage":0,"enemies":"Nemesis","floor":41,"turns":7},{"damage":3,"enemies":"Maw","floor":44,"turns":5},{"damage":0,"enemies":"4 Shapes","floor":45,"turns":4},{"damage":9,"enemies":"Awakened One","floor":50,"turns":11}],"relics_obtained":[{"floor":7,"key":"Potion Belt"},{"floor":9,"key":"Juzu Bracelet"},{"floor":10,"key":"Lantern"},{"floor":12,"key":"Gremlin Horn"},{"floor":23,"key":"Mummified Hand"},{"floor":26,"key":"Bag of Preparation"},{"floor":41,"key":"Happy Flower"},{"floor":43,"key":"Ornamental Fan"},{"floor":47,"key":"Dream Catcher"}],"event_choices":[{"event_name":"Transmorgrifier","player_choice":"Transform","floor":3,"damage_taken":0},{"event_name":"Wheel of Change","player_choice":"Curse","floor":11,"damage_taken":0},{"event_name":"Liars Game","player_choice":"disagreed","floor":14,"damage_taken":0},{"event_name":"Ghosts","player_choice":"Ignored","floor":19,"damage_taken":0},{"event_name":"Addict","player_choice":"Obtained Relic","floor":20,"damage_taken":0},{"event_name":"The Mausoleum","player_choice":"Yes","floor":24,"damage_taken":0},{"event_name":"Forgotten Altar","player_choice":"Shed Blood","floor":27,"damage_taken":0},{"event_name":"Back to Basics","player_choice":"Simplicity","floor":29,"damage_taken":0},{"event_name":"Golden Shrine","player_choice":"Pray","floor":37,"damage_taken":0},{"event_name":"Tomb of Lord Red Mask","player_choice":"Ignored","floor":38,"damage_taken":0},{"event_name":"Winding Halls","player_choice":"Embrace Madness","floor":46,"damage_taken":0}],"boss_relics":[{"not_picked":["Cursed Key","Orrery"],"picked":"Nuclear Battery"},{"not_picked":["Astrolabe","White Beast Statue"],"picked":"Inserter"}],"potions_floor_spawned":[1,7,10,21,22,23,31,41,44,45],"seed_played":"-537904239694775552","ascension_level":2,"potions_obtained":[{"floor":1,"key":"SteroidPotion"},{"floor":7,"key":"EssenceOfSteel"},{"floor":10,"key":"FocusPotion"},{"floor":21,"key":"Weak Potion"},{"floor":22,"key":"Swift Potion"},{"floor":23,"key":"SkillPotion"},{"floor":31,"key":"FearPotion"},{"floor":41,"key":"FairyPotion"},{"floor":44,"key":"Dexterity Potion"},{"floor":45,"key":"FearPotion"}],"is_trial":false}