{"gold_per_floor":[16,16,31,50,12,12,42,59,84,84],"floor_reached":10,"playtime":739,"items_purged":[],"score":75,"play_id":"29c0c550-f036-420f-bd05-d28ed3a3287f","local_time":"20181023004941","is_ascension_mode":true,"campfire_choices":[{"data":"Dark Embrace","floor":6,"key":"SMITH"}],"neow_cost":"NO_GOLD","seed_source_timestamp":88039207093120,"circlet_count":0,"master_deck":["Strike_R","Strike_R","Strike_R","Strike_R","Strike_R","Defend_R","Defend_R","Defend_R","Defend_R","Bash","Forethought+1","Blind","Wild Strike","Battle Trance","Dark Embrace+1","Burning Pact","Perfected Strike","Warcry"],"relics":["Burning Blood","Red Skull","Regal Pillow"],"potions_floor_usage":[],"damage_taken":[{"damage":7,"enemies":"Jaw Worm","floor":1,"turns":3},{"damage":8,"enemies":"2 Louse","floor":3,"turns":4},{"damage":10,"enemies":"Small Slimes","floor":4,"turns":3},{"damage":24,"enemies":"Lagavulin","floor":7,"turns":8},{"damage":7,"enemies":"Exordium Wildlife","floor":8,"turns":5},{"damage":0,"enemies":"Blue Slaver","floor":10,"turns":1}],"seed_played":"4487557144905776928","potions_obtained":[{"floor":3,"key":"Energy Potion"},{"floor":7,"key":"PowerPotion"},{"floor":8,"key":"GamblersBrew"}],"is_trial":false,"path_per_floor":["M","?","M","M","$","R","E","M","T"],"character_chosen":"IRONCLAD","items_purchased":["Burning Pact"],"campfire_rested":0,"item_purchase_floors":[5],"current_hp_per_floor":[79,79,77,73,73,73,55,54,54,54],"gold":84,"neow_bonus":"RANDOM_COLORLESS_2","is_prod":false,"is_daily":false,"chose_seed":false,"campfire_upgraded":1,"win_rate":0,"timestamp":1540273781,"path_taken":["M","?","M","M","?","R","E","M","T","M"],"build_version":"2018-10-18","purchased_purges":0,"victory":false,"max_hp_per_floor":[80,80,80,80,80,80,80,80,80,80],"card_choices":[{"not_picked":["Heavy Blade","Fire Breathing"],"picked":"Wild Strike","floor":1},{"not_picked":["Shrug It Off","Cleave"],"picked":"Battle Trance","floor":3},{"not_picked":["Heavy Blade","Sentinel"],"picked":"Dark Embrace","floor":4},{"not_picked":["Spot Weakness","Searing Blow"],"picked":"Perfected Strike","floor":7},{"not_picked":["Thunderclap","Iron Wave"],"picked":"Warcry","floor":8}],"player_experience":172892,"relics_obtained":[{"floor":7,"key":"Red Skull"},{"floor":9,"key":"Regal Pillow"}],"event_choices":[{"damage_healed":0,"gold_gain":0,"player_choice":"Grow","damage_taken":0,"max_hp_gain":0,"max_hp_loss":0,"event_name":"Living Wall","floor":2,"gold_loss":0,"cards_upgraded":["Forethought"]}],"is_beta":false,"boss_relics":[],"items_purged_floors":[],"is_endless":false,"potions_floor_spawned":[3,7,8],"killed_by":"Blue Slaver","ascension_level":2}