{"gold_per_floor":[114,39,49,49,63,90,55,80,80,150,183,183,198,216,216,316,316,330,330,429,429,67,67,99,199,199,199,219,233,31,31,31,31],"floor_reached":33,"playtime":1095,"items_purged":["Strike_B","Strike_B","Strike_B"],"score":306,"play_id":"bf32eb06-2f85-402e-9469-a60250379f2a","local_time":"20180723004520","is_ascension_mode":false,"campfire_choices":[{"floor":12,"key":"REST"},{"floor":15,"key":"REST"},{"data":"Echo Form","floor":23,"key":"SMITH"},{"floor":27,"key":"REST"},{"floor":32,"key":"REST"}],"neow_cost":"NONE","seed_source_timestamp":131528357510638,"circlet_count":0,"master_deck":["Strike_B","Defend_B","Defend_B","Defend_B","Defend_B","Zap+1","Dualcast","Ball Lightning+1","Echo Form+1","Amplify","Static Discharge+1","Thunder Strike","Decay"],"relics":["Cracked Core","NeowsBlessing","Blood Vial","Smiling Mask","Frozen Egg 2","The Courier","Unceasing Top","Black Star","Bronze Scales","Ice Cream","Potion Belt","Vajra","Mercury Hourglass"],"potions_floor_usage":[6,6,16,24,24,29,33,33],"damage_taken":[{"damage":0,"enemies":"2 Louse","floor":1,"turns":1},{"damage":0,"enemies":"Small Slimes","floor":3,"turns":1},{"damage":0,"enemies":"Cultist","floor":5,"turns":1},{"damage":0,"enemies":"Gremlin Nob","floor":6,"turns":3},{"damage":27,"enemies":"3 Sentries","floor":8,"turns":4},{"damage":22,"enemies":"Gremlin Nob","floor":11,"turns":4},{"damage":16,"enemies":"2 Fungi Beasts","floor":13,"turns":3},{"damage":10,"enemies":"Looter","floor":14,"turns":2},{"damage":28,"enemies":"Slime Boss","floor":16,"turns":8},{"damage":48,"enemies":"2 Thieves","floor":18,"turns":4},{"damage":42,"enemies":"Gremlin Leader","floor":24,"turns":8},{"damage":18,"enemies":"Shell Parasite","floor":28,"turns":2},{"damage":15,"enemies":"Centurion and Healer","floor":29,"turns":3},{"damage":57,"enemies":"Collector","floor":33,"turns":7}],"seed_played":"6770469119458717785","potions_obtained":[{"floor":3,"key":"FocusPotion"},{"floor":5,"key":"Block Potion"},{"floor":13,"key":"LiquidBronze"},{"floor":28,"key":"Swift Potion"},{"floor":29,"key":"Regen Potion"}],"is_trial":false,"path_per_floor":["M","$","M","?","M","E","?","E","T","T","E","R","M","M","R","B",null,"M","?","?","T","$","R","E","?","T","R","M","M","$","?","R"],"character_chosen":"DEFECT","items_purchased":["Ice Cream","Fire Potion","SkillPotion","Poison Potion","Thunder Strike"],"campfire_rested":4,"item_purchase_floors":[22,22,22,30,30],"current_hp_per_floor":[75,75,75,60,60,60,75,48,48,48,28,50,36,28,50,24,75,27,52,52,52,52,52,12,12,12,34,18,5,5,5,27,0],"gold":31,"neow_bonus":"THREE_ENEMY_KILL","is_prod":false,"is_daily":false,"chose_seed":false,"campfire_upgraded":1,"win_rate":0.0,"timestamp":1532331920,"path_taken":["M","$","M","?","M","E","?","E","T","?","E","R","M","M","R","BOSS","M","?","?","?","?","R","E","?","T","R","M","?","$","?","R","BOSS"],"build_version":"2018-07-19v2","purchased_purges":3,"victory":false,"max_hp_per_floor":[75,75,75,75,75,75,75,75,75,75,75,75,75,75,75,75,75,75,75,75,75,75,75,75,75,75,75,75,75,75,75,75,75],"card_choices":[{"not_picked":["Streamline","Genetic Algorithm","Sweeping Beam"],"picked":"SKIP","floor":1},{"not_picked":["Leap","Go for the Eyes"],"picked":"Ball Lightning","floor":3},{"not_picked":["Rebound","Ball Lightning"],"picked":"Echo Form","floor":5},{"not_picked":["Coolheaded","Leap","Beam Cell"],"picked":"SKIP","floor":6},{"not_picked":["Aggregate","Darkness","Streamline"],"picked":"SKIP","floor":8},{"not_picked":["Blizzard","Doom and Gloom","Go for the Eyes"],"picked":"SKIP","floor":11},{"not_picked":["Compile Driver","Leap","Glacier"],"picked":"SKIP","floor":13},{"not_picked":["Leap","Lockon","Chaos"],"picked":"SKIP","floor":14},{"not_picked":["Echo Form+1","Reboot"],"picked":"Amplify","floor":16},{"not_picked":["Steam+1","Gash+1","Go for the Eyes"],"picked":"SKIP","floor":18},{"not_picked":["Double Energy","Undo+1"],"picked":"Static Discharge+1","floor":24},{"not_picked":["Coolheaded","Compile Driver","Hologram"],"picked":"SKIP","floor":28},{"not_picked":["FTL","Gash","Go for the Eyes+1"],"picked":"SKIP","floor":29}],"player_experience":81842,"relics_obtained":[{"floor":6,"key":"Blood Vial"},{"floor":8,"key":"Smiling Mask"},{"floor":9,"key":"Frozen Egg 2"},{"floor":10,"key":"The Courier"},{"floor":11,"key":"Unceasing Top"},{"floor":21,"key":"Bronze Scales"},{"floor":24,"key":"Potion Belt"},{"floor":24,"key":"Vajra"},{"floor":26,"key":"Mercury Hourglass"}],"event_choices":[{"event_name":"Shining Light","player_choice":"Entered Light","floor":4,"damage_taken":0},{"event_name":"The Cleric","player_choice":"Healed","floor":7,"damage_taken":0},{"event_name":"The Library","player_choice":"Heal","floor":19,"damage_taken":0},{"event_name":"Nest","player_choice":"Stole From Cult","floor":20,"damage_taken":0},{"event_name":"Golden Shrine","player_choice":"Pray","floor":25,"damage_taken":0},{"event_name":"Forgotten Altar","player_choice":"Smashed Altar","floor":31,"damage_taken":0}],"is_beta":false,"boss_relics":[{"not_picked":["Ectoplasm","Calling Bell"],"picked":"Black Star"}],"items_purged_floors":[2,22,30],"is_endless":false,"potions_floor_spawned":[3,5,13,28,29],"killed_by":"Collector","ascension_level":0}