{"gold_per_floor":[116,129,144,161,177,202,202,215,241,198,198,100,135,154,154,257,257,222,236,236,247,247],"floor_reached":22,"playtime":2328,"items_purged":["Strike_B"],"score":358,"play_id":"3d858eb0-c161-48d5-a8d5-974b2021d4e1","local_time":"20190407095303","is_ascension_mode":true,"campfire_choices":[{"floor":7.0,"key":"REST"},{"data":"Creative AI","floor":11.0,"key":"SMITH"},{"floor":15.0,"key":"REST"}],"neow_cost":"NONE","seed_source_timestamp":0,"circlet_count":0,"master_deck":["Strike_B","Strike_B","Strike_B","Defend_B","Defend_B","Defend_B","Defend_B","Zap","Dualcast","Panacea","Gash","Reprogram","BootSequence","White Noise","Creative AI+1","Stack","Steam","Conserve Battery","Amplify","Buffer","Coolheaded+1","Conserve Battery"],"special_seed":0,"relics":["Cracked Core","Bottled Lightning","DataDisk","Bag of Marbles","Philosopher\u0027s Stone"],"potions_floor_usage":[],"damage_taken":[{"damage":3.0,"enemies":"Small Slimes","floor":1.0,"turns":3.0},{"damage":9.0,"enemies":"2 Louse","floor":2.0,"turns":3.0},{"damage":4.0,"enemies":"Jaw Worm","floor":3.0,"turns":4.0},{"damage":9.0,"enemies":"Red Slaver","floor":4.0,"turns":4.0},{"damage":1.0,"enemies":"2 Fungi Beasts","floor":5.0,"turns":4.0},{"damage":30.0,"enemies":"3 Sentries","floor":6.0,"turns":8.0},{"damage":8.0,"enemies":"Blue Slaver","floor":8.0,"turns":4.0},{"damage":0.0,"enemies":"Lagavulin","floor":13.0,"turns":6.0},{"damage":11.0,"enemies":"Exordium Wildlife","floor":14.0,"turns":3.0},{"damage":0.0,"enemies":"Slime Boss","floor":16.0,"turns":7.0},{"damage":7.0,"enemies":"2 Thieves","floor":18.0,"turns":5.0},{"damage":12.0,"enemies":"Chosen","floor":19.0,"turns":6.0},{"damage":16.0,"enemies":"Centurion and Healer","floor":21.0,"turns":9.0},{"damage":31,"enemies":"Shelled Parasite and Fungi","floor":22,"turns":6}],"seed_played":"-6079151664589299559","potions_obtained":[{"floor":3.0,"key":"AttackPotion"},{"floor":4.0,"key":"SpeedPotion"},{"floor":13.0,"key":"SpeedPotion"},{"floor":14.0,"key":"PowerPotion"},{"floor":16.0,"key":"FearPotion"},{"floor":21,"key":"Explosive Potion"}],"is_trial":false,"path_per_floor":["M","M","M","M","M","E","R","M","T","?","R","$","E","M","R","B",null,"M","M","?","M","M"],"character_chosen":"DEFECT","items_purchased":["Conserve Battery"],"campfire_rested":2,"item_purchase_floors":[12],"current_hp_per_floor":[65,56,52,43,42,12,34,26,26,26,26,26,26,15,37,37,66,59,47,47,31,0],"gold":247,"neow_bonus":"RANDOM_COLORLESS","is_prod":false,"is_daily":false,"chose_seed":false,"campfire_upgraded":1,"win_rate":0,"timestamp":1554655983,"path_taken":["M","M","M","M","M","E","R","M","T","?","R","$","E","M","R","BOSS","M","M","?","M","M"],"build_version":"2019-01-23","purchased_purges":1,"victory":false,"max_hp_per_floor":[75,75,75,75,75,75,75,75,75,75,75,75,75,75,75,75,75,75,75,75,75,75],"card_choices":[{"not_picked":["Stack","Doom and Gloom"],"picked":"Gash","floor":1.0},{"not_picked":["Barrage","Rebound"],"picked":"Reprogram","floor":2.0},{"not_picked":["Coolheaded","Sweeping Beam"],"picked":"BootSequence","floor":3.0},{"not_picked":["Cold Snap","Blizzard"],"picked":"White Noise","floor":4.0},{"not_picked":["Steam","Conserve Battery"],"picked":"Creative AI","floor":5.0},{"not_picked":["Consume","Beam Cell"],"picked":"Stack","floor":6.0},{"not_picked":["FTL","Beam Cell"],"picked":"Steam","floor":8.0},{"not_picked":["Beam Cell","Rebound"],"picked":"Amplify","floor":13.0},{"not_picked":["Sweeping Beam","Melter","Recycle"],"picked":"SKIP","floor":14.0},{"not_picked":["Core Surge","Rainbow"],"picked":"Buffer","floor":16.0},{"not_picked":["Cold Snap","Coolheaded","Hologram+1"],"picked":"SKIP","floor":18.0},{"not_picked":["Auto Shields","Doom and Gloom"],"picked":"Coolheaded+1","floor":19.0},{"not_picked":["Heatsinks","Steam"],"picked":"Conserve Battery","floor":21}],"player_experience":267303,"relics_obtained":[{"floor":6.0,"key":"Bottled Lightning"},{"floor":9.0,"key":"DataDisk"},{"floor":13.0,"key":"Bag of Marbles"}],"event_choices":[{"damage_healed":0.0,"max_hp_gain":0.0,"max_hp_loss":0.0,"gold_gain":0.0,"event_name":"World of Goop","player_choice":"Left Gold","floor":10.0,"gold_loss":43.0,"damage_taken":0.0},{"damage_healed":0.0,"max_hp_gain":0.0,"max_hp_loss":0.0,"gold_gain":0.0,"event_name":"Vampires","player_choice":"Ignored","floor":20.0,"gold_loss":0.0,"damage_taken":0.0}],"is_beta":false,"boss_relics":[{"not_picked":["Velvet Choker","Eternal Feather"],"picked":"Philosopher\u0027s Stone"}],"items_purged_floors":[12],"is_endless":false,"potions_floor_spawned":[3,4,13,14,16,21],"killed_by":"Shelled Parasite and Fungi","ascension_level":6}