{"gold_per_floor":[111,111,127,127,147,188,188,223,223,14,32,68,81,106,106,234,234,253,35,55,55,55,55,55,55,80,80,111,111,11,26,26,149,149,170,80,104,437,89,119,145,161,161,161,18,18,37,87,87,87],"floor_reached":51,"playtime":2390,"items_purged":["Injury","Strike_G"],"score":984,"play_id":"23cc7209-ef72-49b4-b2f4-6b1f7008b9f5","local_time":"20190328140456","is_ascension_mode":true,"campfire_choices":[{"floor":7.0,"key":"REST"},{"floor":15.0,"key":"REST"},{"data":"Neutralize","floor":23.0,"key":"SMITH"},{"data":"Noxious Fumes","floor":25.0,"key":"SMITH"},{"data":"Infinite Blades","floor":27.0,"key":"SMITH"},{"data":"Adrenaline","floor":32.0,"key":"SMITH"},{"floor":44,"key":"REST"},{"floor":46,"key":"REST"},{"floor":49,"key":"REST"}],"neow_cost":"NONE","seed_source_timestamp":0,"circlet_count":0,"master_deck":["Defend_G","Defend_G+1","Defend_G","Defend_G","Defend_G","Strike_G","Strike_G","Strike_G","Survivor","Neutralize+1","Dagger Spray+1","Poisoned Stab","Leg Sweep","Leg Sweep+1","Unload+1","Noxious Fumes+1","Poisoned Stab+1","Infinite Blades+1","Adrenaline+1","Storm of Steel","Bane+1","Bane+1","Noxious Fumes+1","Accuracy+1","Accuracy+1","Noxious Fumes","Escape Plan","Noxious Fumes","Corpse Explosion","Backstab+1","Blade Dance+1"],"special_seed":0,"relics":["Black Star","Bronze Scales","Incense Burner","Singing Bowl","Sundial","Molten Egg 2","Dead Branch","WingedGreaves","WristBlade","Dream Catcher","Snake Skull","Paper Crane","FossilizedHelix","Question Card","Fusion Hammer","Thread and Needle","War Paint","Omamori","Darkstone Periapt","Torii","Dodecahedron","Calipers"],"potions_floor_usage":[35,35,40,40,42,42,50],"damage_taken":[{"damage":0.0,"enemies":"Small Slimes","floor":1.0,"turns":3.0},{"damage":0.0,"enemies":"Cultist","floor":3.0,"turns":5.0},{"damage":0.0,"enemies":"Jaw Worm","floor":5.0,"turns":3.0},{"damage":31.0,"enemies":"Lagavulin","floor":6.0,"turns":8.0},{"damage":31.0,"enemies":"Gremlin Nob","floor":8.0,"turns":6.0},{"damage":0.0,"enemies":"Looter","floor":11.0,"turns":3.0},{"damage":8.0,"enemies":"3 Sentries","floor":12.0,"turns":7.0},{"damage":4.0,"enemies":"Blue Slaver","floor":13.0,"turns":4.0},{"damage":15.0,"enemies":"Lots of Slimes","floor":14.0,"turns":3.0},{"damage":11.0,"enemies":"Hexaghost","floor":16.0,"turns":9.0},{"damage":2.0,"enemies":"Chosen","floor":18.0,"turns":5.0},{"damage":35.0,"enemies":"2 Thieves","floor":20.0,"turns":4.0},{"damage":21.0,"enemies":"Slavers","floor":28.0,"turns":5.0},{"damage":0.0,"enemies":"Snake Plant","floor":31.0,"turns":4.0},{"damage":51.0,"enemies":"Champ","floor":33.0,"turns":8.0},{"damage":0,"enemies":"Orb Walker","floor":35,"turns":2},{"damage":14,"enemies":"3 Shapes","floor":37,"turns":8},{"damage":22,"enemies":"Reptomancer","floor":40,"turns":5},{"damage":17,"enemies":"Nemesis","floor":41,"turns":7},{"damage":0,"enemies":"3 Darklings","floor":42,"turns":4},{"damage":0,"enemies":"Spire Growth","floor":47,"turns":4},{"damage":16,"enemies":"2 Orb Walkers","floor":48,"turns":2},{"damage":22,"enemies":"Awakened One","floor":50,"turns":7}],"seed_played":"-529481309194276817","potions_obtained":[{"floor":3.0,"key":"FearPotion"},{"floor":4.0,"key":"Fruit Juice"},{"floor":4.0,"key":"Fire Potion"},{"floor":4.0,"key":"EssenceOfSteel"},{"floor":11.0,"key":"FearPotion"},{"floor":13.0,"key":"Ancient Potion"},{"floor":20.0,"key":"FearPotion"},{"floor":33.0,"key":"Poison Potion"},{"floor":35,"key":"GamblersBrew"},{"floor":37,"key":"Dexterity Potion"},{"floor":40,"key":"Fire Potion"},{"floor":41,"key":"Regen Potion"}],"is_trial":false,"path_per_floor":["M","?","M","?","M","E","R","E","T","$","M","E","M","M","R","B",null,"M","$","M","?","?","R","$","R","T","R","E","T","$","M","R","B",null,"M","?","M","?","$","E","E","M","T","R","$","R","M","?","R","B",null],"character_chosen":"THE_SILENT","items_purchased":["Unload+1","PowerPotion","Dream Catcher","Thread and Needle","Explosive Potion","Noxious Fumes","Escape Plan"],"campfire_rested":5,"item_purchase_floors":[10,10,19,39,39,45,45],"current_hp_per_floor":[70,70,70,75,75,44,66,37,37,37,37,31,29,14,38,29,83,81,81,48,48,76,76,76,76,76,76,57,57,57,57,57,6,87,87,87,73,73,73,51,34,48,48,74,74,89,89,73,89,67],"gold":87,"neow_bonus":"BOSS_RELIC","is_prod":false,"is_daily":false,"chose_seed":false,"campfire_upgraded":4,"win_rate":0,"timestamp":1553799896,"path_taken":["M","?","M","?","?","E","R","E","T","$","M","E","M","M","R","BOSS","M","?","M","?","?","R","?","R","T","R","E","?","$","M","R","BOSS","M","?","?","?","$","E","E","M","T","R","$","R","M","?","R","BOSS"],"build_version":"2019-01-23","purchased_purges":2,"victory":true,"max_hp_per_floor":[70,70,70,75,75,75,75,77,77,77,77,79,81,81,81,83,83,83,83,85,85,85,85,85,85,85,85,87,87,87,87,87,87,87,87,87,87,87,87,87,87,89,89,89,89,89,89,89,89,89],"card_choices":[{"not_picked":["Dodge and Roll","Outmaneuver"],"picked":"Dagger Spray","floor":1.0},{"not_picked":["Acrobatics","Outmaneuver"],"picked":"Poisoned Stab","floor":3.0},{"not_picked":["Outmaneuver","PiercingWail"],"picked":"Leg Sweep","floor":5.0},{"not_picked":["Prepared","Cloak And Dagger"],"picked":"Leg Sweep","floor":6.0},{"not_picked":["Terror","Deflect","Tools of the Trade"],"picked":"Singing Bowl","floor":8.0},{"not_picked":["Underhanded Strike+1","Poisoned Stab+1"],"picked":"Noxious Fumes","floor":11.0},{"not_picked":["Deadly Poison","Accuracy","Envenom"],"picked":"Singing Bowl","floor":12.0},{"not_picked":["Prepared","Escape Plan","All Out Attack+1"],"picked":"Singing Bowl","floor":13.0},{"not_picked":["Slice+1","Heel Hook+1"],"picked":"Poisoned Stab+1","floor":14.0},{"not_picked":["Grand Finale+1","After Image","Tools of the Trade"],"picked":"Singing Bowl","floor":16.0},{"not_picked":["Choke+1","Quick Slash+1"],"picked":"Infinite Blades","floor":18.0},{"not_picked":["Outmaneuver","Blade Dance","Slice+1"],"picked":"Singing Bowl","floor":20.0},{"not_picked":["Eviscerate+1","Reflex+1","Dagger Spray+1"],"picked":"Singing Bowl","floor":28.0},{"not_picked":["Distraction","Dagger Spray+1","Bane+1"],"picked":"Adrenaline","floor":31.0},{"not_picked":["Burst","Grand Finale+1","Glass Knife+1"],"picked":"Storm of Steel","floor":33.0},{"not_picked":["Setup","Deadly Poison","Sucker Punch+1"],"picked":"Bane+1","floor":35},{"not_picked":["Dagger Throw+1","Poisoned Stab+1","Concentrate"],"picked":"Bane+1","floor":37},{"not_picked":["Tactician","Blade Dance","Predator+1"],"picked":"Noxious Fumes+1","floor":40},{"not_picked":["Outmaneuver+1","Deadly Poison","Dagger Spray+1"],"picked":"Accuracy+1","floor":41},{"not_picked":["Acrobatics","Quick Slash+1","Heel Hook+1","Blur+1"],"picked":"Singing Bowl","floor":42},{"not_picked":["Acrobatics+1","Deflect+1","Calculated Gamble+1"],"picked":"Accuracy+1","floor":44},{"not_picked":["Prepared","PiercingWail+1","Backflip+1"],"picked":"Noxious Fumes","floor":46},{"not_picked":["Underhanded Strike+1","Dodge and Roll+1","Deflect"],"picked":"Corpse Explosion","floor":47},{"not_picked":["Sucker Punch+1","Prepared+1","Cloak And Dagger+1"],"picked":"Backstab+1","floor":48},{"not_picked":["Sucker Punch+1","Backflip+1","Dagger Throw+1"],"picked":"Blade Dance+1","floor":49}],"player_experience":841856,"relics_obtained":[{"floor":6.0,"key":"Bronze Scales"},{"floor":6.0,"key":"Incense Burner"},{"floor":8.0,"key":"Singing Bowl"},{"floor":8.0,"key":"Sundial"},{"floor":9.0,"key":"Molten Egg 2"},{"floor":12.0,"key":"Dead Branch"},{"floor":12.0,"key":"WingedGreaves"},{"floor":26.0,"key":"Snake Skull"},{"floor":28.0,"key":"Paper Crane"},{"floor":28.0,"key":"FossilizedHelix"},{"floor":29.0,"key":"Question Card"},{"floor":40,"key":"War Paint"},{"floor":40,"key":"Omamori"},{"floor":41,"key":"Darkstone Periapt"},{"floor":41,"key":"Torii"},{"floor":43,"key":"Dodecahedron"},{"floor":48,"key":"Calipers"}],"event_choices":[{"damage_healed":0.0,"max_hp_gain":0.0,"max_hp_loss":0.0,"gold_gain":0.0,"event_name":"Golden Idol","player_choice":"Take Wound","floor":2.0,"gold_loss":0.0,"damage_taken":0.0,"relics_obtained":["Golden Idol"],"cards_obtained":["Injury"]},{"damage_healed":0.0,"max_hp_gain":0.0,"max_hp_loss":0.0,"gold_gain":0.0,"event_name":"Lab","player_choice":"Got Potions","floor":4.0,"gold_loss":0.0,"damage_taken":0.0},{"damage_healed":0.0,"max_hp_gain":0.0,"max_hp_loss":0.0,"gold_gain":0.0,"event_name":"Ghosts","player_choice":"Ignored","floor":21.0,"gold_loss":0.0,"damage_taken":0.0},{"damage_healed":28.0,"max_hp_gain":0.0,"max_hp_loss":0.0,"gold_gain":0.0,"event_name":"The Library","player_choice":"Heal","floor":22.0,"gold_loss":0.0,"damage_taken":0.0},{"cards_removed":["Strike_G"],"damage_healed":0,"gold_gain":0,"player_choice":"Upgrade and Remove","damage_taken":0,"max_hp_gain":0,"max_hp_loss":0,"event_name":"Designer","floor":36,"gold_loss":90,"cards_upgraded":["Dagger Spray"]},{"damage_healed":0,"gold_gain":333,"player_choice":"Gave Idol","damage_taken":0,"max_hp_gain":0,"max_hp_loss":0,"event_name":"The Moai Head","floor":38,"relics_lost":["Golden Idol"],"gold_loss":0},{"damage_healed":0,"gold_gain":0,"player_choice":"Fight","damage_taken":0,"max_hp_gain":0,"max_hp_loss":0,"event_name":"Mysterious Sphere","floor":48,"gold_loss":0}],"is_beta":false,"boss_relics":[{"not_picked":["Busted Crown","HoveringKite"],"picked":"WristBlade"},{"not_picked":["Calling Bell","Velvet Choker"],"picked":"Fusion Hammer"}],"items_purged_floors":[19,30],"is_endless":false,"potions_floor_spawned":[3,11,13,20,33,35,37,40,41],"ascension_level":4}