{"gold_per_floor":[116,135,66,66,81,81,114,84,136,163,173,173,193,223,223,326,326,343,343,358,30,46,71,71,71,71,71,102,102,17,35,35,132,132,144,164,184,199,109,143,143,174,174,189,201,201,218,17,17,17,17,17,17,48,48],"floor_reached":55,"playtime":35005,"items_purged":["Defend_B","Defend_B"],"score":1219,"play_id":"adec99e4-7600-4916-acab-7041655ccc91","local_time":"20190408145856","is_ascension_mode":true,"campfire_choices":[{"floor":6.0,"key":"REST"},{"floor":12.0,"key":"REST"},{"floor":15.0,"key":"REST"},{"floor":24.0,"key":"REST"},{"floor":27.0,"key":"REST"},{"floor":32.0,"key":"REST"},{"floor":41.0,"key":"RECALL"},{"floor":49,"key":"REST"},{"floor":52,"key":"REST"}],"neow_cost":"PERCENT_DAMAGE","seed_source_timestamp":0,"circlet_count":0,"master_deck":["AscendersBane","Strike_B+1","Defend_B+1","Zap","Dualcast","Thunder Strike","Barrage","Glacier","FTL","Sweeping Beam+1","White Noise","Loop","Conserve Battery+1","Echo Form","Seek","Capacitor+1","Conserve Battery","Blind","Reboot+1","Go for the Eyes+1","Echo Form","Consume","Force Field","Cold Snap","Darkness+1","Recycle","Turbo+1","Hologram","Coolheaded"],"special_seed":0,"relics":["Cracked Core","Art of War","Bird Faced Urn","Bag of Preparation","Runic Pyramid","Lantern","Meat on the Bone","Ginger","Whetstone","Cables","Fusion Hammer","War Paint","Oddly Smooth Stone","Kunai","Centennial Puzzle"],"potions_floor_usage":[50,50],"damage_taken":[{"damage":3.0,"enemies":"Jaw Worm","floor":1.0,"turns":4.0},{"damage":2.0,"enemies":"Cultist","floor":2.0,"turns":4.0},{"damage":3.0,"enemies":"2 Louse","floor":5.0,"turns":3.0},{"damage":30.0,"enemies":"3 Sentries","floor":7.0,"turns":12.0},{"damage":13.0,"enemies":"Lagavulin","floor":10.0,"turns":6.0},{"damage":2.0,"enemies":"Looter","floor":11.0,"turns":3.0},{"damage":16.0,"enemies":"Exordium Thugs","floor":13.0,"turns":6.0},{"damage":21.0,"enemies":"3 Sentries","floor":14.0,"turns":7.0},{"damage":33.0,"enemies":"Slime Boss","floor":16.0,"turns":5.0},{"damage":0.0,"enemies":"Chosen","floor":18.0,"turns":4.0},{"damage":17.0,"enemies":"3 Byrds","floor":20.0,"turns":3.0},{"damage":12.0,"enemies":"Centurion and Healer","floor":22.0,"turns":7.0},{"damage":30.0,"enemies":"Slavers","floor":23.0,"turns":6.0},{"damage":18.0,"enemies":"Book of Stabbing","floor":28.0,"turns":8.0},{"damage":16.0,"enemies":"3 Cultists","floor":31.0,"turns":6.0},{"damage":23.0,"enemies":"Champ","floor":33.0,"turns":8.0},{"damage":5.0,"enemies":"3 Darklings","floor":35.0,"turns":5.0},{"damage":29.0,"enemies":"3 Shapes","floor":36.0,"turns":6.0},{"damage":11.0,"enemies":"Spire Growth","floor":37.0,"turns":5.0},{"damage":13.0,"enemies":"Sphere and 2 Shapes","floor":38.0,"turns":6.0},{"damage":20.0,"enemies":"Nemesis","floor":40.0,"turns":7.0},{"damage":36,"enemies":"Reptomancer","floor":42,"turns":6},{"damage":9,"enemies":"Maw","floor":44,"turns":6},{"damage":50,"enemies":"Transient","floor":45,"turns":5},{"damage":13,"enemies":"3 Darklings","floor":47,"turns":8},{"damage":27,"enemies":"Donu and Deca","floor":50,"turns":11},{"damage":86,"enemies":"Shield and Spear","floor":54,"turns":8},{"damage":26,"enemies":"The Heart","floor":55,"turns":3}],"seed_played":"-4516431042541427963","potions_obtained":[{"floor":1.0,"key":"SpeedPotion"},{"floor":8.0,"key":"Strength Potion"},{"floor":11.0,"key":"Poison Potion"},{"floor":13.0,"key":"SkillPotion"},{"floor":16.0,"key":"GamblersBrew"},{"floor":33.0,"key":"Swift Potion"},{"floor":44,"key":"Dexterity Potion"}],"is_trial":false,"path_per_floor":["M","M","$","?","M","R","E","?","T","E","M","R","M","E","R","B",null,"M","?","M","$","M","E","R","$","T","R","E","?","?","M","R","B",null,"M","M","M","M","?","E","R","E","T","M","M","$","M","$","R","B",null,"R","$","E","B"],"character_chosen":"DEFECT","items_purchased":["FTL","Blind","Lantern","Hologram","PowerPotion"],"campfire_rested":8,"item_purchase_floors":[3,21,21,48,48],"current_hp_per_floor":[47,45,45,45,42,64,34,34,34,21,21,43,31,14,36,9,59,63,49,36,36,34,12,36,36,36,60,50,50,50,46,70,80,80,77,60,67,66,66,64,64,46,46,57,29,29,44,44,68,59,75,80,80,22,0],"gold":48,"neow_bonus":"TRANSFORM_TWO_CARDS","is_prod":false,"is_daily":false,"chose_seed":false,"campfire_upgraded":0,"win_rate":0,"timestamp":1554753536,"path_taken":["M","M","$","?","?","R","E","?","T","E","M","R","?","E","R","BOSS","M","?","M","$","M","E","R","$","T","R","E","?","?","M","R","BOSS","M","M","M","M","?","E","R","E","T","M","M","$","M","?","R","BOSS","R","$","E","BOSS"],"build_version":"2019-01-23","purchased_purges":2,"victory":false,"max_hp_per_floor":[75,75,75,75,75,75,75,75,75,75,75,75,75,75,75,75,75,75,80,80,80,80,80,80,80,80,80,80,80,80,80,80,80,80,80,80,80,80,80,80,80,80,80,80,80,80,80,80,80,80,80,80,80,80,80],"card_choices":[{"not_picked":["Cold Snap","Gash"],"picked":"Glacier","floor":1.0},{"not_picked":["Compile Driver","Scrape","Reinforced Body"],"picked":"SKIP","floor":2.0},{"not_picked":["Doom and Gloom","Self Repair","Loop"],"picked":"SKIP","floor":5.0},{"not_picked":["Conserve Battery","Double Energy"],"picked":"Sweeping Beam","floor":7.0},{"not_picked":["Sweeping Beam","Loop"],"picked":"White Noise","floor":10.0},{"not_picked":["Sweeping Beam","Blizzard"],"picked":"Loop","floor":11.0},{"not_picked":["Sweeping Beam","Tempest"],"picked":"Conserve Battery","floor":13.0},{"not_picked":["Leap","Consume"],"picked":"Echo Form","floor":14.0},{"not_picked":["Amplify","Thunder Strike"],"picked":"Seek","floor":16.0},{"not_picked":["Turbo+1","BootSequence"],"picked":"Capacitor+1","floor":18.0},{"not_picked":["Turbo","Compile Driver"],"picked":"Conserve Battery","floor":20.0},{"not_picked":["Stack","Undo+1"],"picked":"Reboot","floor":22.0},{"not_picked":["Beam Cell","Redo+1"],"picked":"Go for the Eyes+1","floor":23.0},{"not_picked":["Conserve Battery","Skim+1"],"picked":"Echo Form","floor":28.0},{"not_picked":["Redo","Gash","Steam Power"],"picked":"SKIP","floor":31.0},{"not_picked":["Storm","Darkness"],"picked":"Consume","floor":35.0},{"not_picked":["Sweeping Beam+1","Barrage"],"picked":"Force Field","floor":36.0},{"not_picked":["Sweeping Beam","Creative AI"],"picked":"Cold Snap","floor":37.0},{"not_picked":["Scrape+1","Beam Cell"],"picked":"Darkness+1","floor":38.0},{"not_picked":["Stack","Multi-Cast","Capacitor+1"],"picked":"SKIP","floor":40.0},{"not_picked":["Steam","Doom and Gloom"],"picked":"Recycle","floor":42},{"not_picked":["Gash","Reinforced Body","Barrage"],"picked":"SKIP","floor":44},{"not_picked":["Coolheaded+1","Cold Snap"],"picked":"Turbo+1","floor":45},{"not_picked":["Redo","Turbo","Sweeping Beam"],"picked":"SKIP","floor":47},{"not_picked":["Steam Power","Auto Shields"],"picked":"Coolheaded","floor":54}],"player_experience":292293,"relics_obtained":[{"floor":7.0,"key":"Art of War"},{"floor":10.0,"key":"Bird Faced Urn"},{"floor":14.0,"key":"Bag of Preparation"},{"floor":23.0,"key":"Meat on the Bone"},{"floor":26.0,"key":"Ginger"},{"floor":28.0,"key":"Whetstone"},{"floor":40.0,"key":"War Paint"},{"floor":42,"key":"Oddly Smooth Stone"},{"floor":43,"key":"Kunai"},{"floor":54,"key":"Centennial Puzzle"}],"event_choices":[{"cards_removed":["Strike_B"],"damage_healed":0.0,"max_hp_gain":0.0,"max_hp_loss":0.0,"gold_gain":0.0,"event_name":"Bonfire Elementals","player_choice":"Offered Basic","floor":4.0,"gold_loss":0.0,"damage_taken":0.0},{"damage_healed":0.0,"max_hp_gain":0.0,"max_hp_loss":0.0,"gold_gain":0.0,"event_name":"The Woman in Blue","player_choice":"Bought 2 Potions","floor":8.0,"gold_loss":0.0,"damage_taken":0.0},{"damage_healed":0.0,"max_hp_gain":5.0,"max_hp_loss":0.0,"gold_gain":0.0,"event_name":"Forgotten Altar","player_choice":"Shed Blood","floor":19.0,"gold_loss":0.0,"damage_taken":19.0},{"damage_healed":0.0,"max_hp_gain":0.0,"max_hp_loss":0.0,"gold_gain":0.0,"event_name":"Ghosts","player_choice":"Ignored","floor":29.0,"gold_loss":0.0,"damage_taken":0.0},{"damage_healed":0.0,"max_hp_gain":0.0,"max_hp_loss":0.0,"gold_gain":0.0,"event_name":"Addict","player_choice":"Obtained Relic","floor":30.0,"gold_loss":85.0,"damage_taken":0.0,"relics_obtained":["Cables"]},{"cards_removed":["Strike_B"],"damage_healed":0.0,"max_hp_gain":0.0,"max_hp_loss":0.0,"gold_gain":0.0,"event_name":"Designer","player_choice":"Upgrade and Remove","floor":39.0,"gold_loss":90.0,"damage_taken":0.0,"cards_upgraded":["Defend_B"]}],"is_beta":false,"boss_relics":[{"not_picked":["Busted Crown","Inserter"],"picked":"Runic Pyramid"},{"not_picked":["Nuclear Battery","White Beast Statue"],"picked":"Fusion Hammer"}],"items_purged_floors":[21,48],"is_endless":false,"potions_floor_spawned":[1,11,13,16,18,20,23,33,38,44,47],"killed_by":"The Heart","ascension_level":12}