{"path_per_floor":["M","?","M","?","?","E","?","R","T","R","$","R","M","?","R","B",null,"M","?","?","T","M","R","$","M","T","R","M","?","M"],"character_chosen":"IRONCLAD","items_purchased":["Lantern","Whetstone","Flex"],"gold_per_floor":[117,117,129,129,129,160,160,160,160,160,10,10,29,58,58,154,154,168,168,168,195,212,212,8,25,105,105,120,20,37],"floor_reached":31,"campfire_rested":3,"playtime":1795,"current_hp_per_floor":[80,80,80,80,80,52,36,60,60,60,60,60,66,71,71,25,80,72,57,41,48,44,77,77,52,52,85,75,75,72],"items_purged":[],"gold":37,"play_id":"1ee53c5e-83a6-49ce-9448-c16127c44cb4","is_prod":false,"is_daily":false,"is_ascension_mode":false,"campfire_upgraded":3,"path_taken":["M","?","M","?","?","E","?","R","T","R","$","R","?","?","R","BOSS","M","?","?","?","M","R","$","M","T","R","M","?","M","E"],"build_version":"2018-01-25-PROD3","purchased_purges":0,"victory":false,"master_deck":["Strike_R+1","Strike_R+1","Strike_R","Strike_R+1","Defend_R","Defend_R+1","Defend_R","Defend_R","Metallicize+1","Shrug It Off+1","Searing Blow","Headbutt","Rampage+1","Barricade","Headbutt","Necronomicurse","Battle Trance+1","Flex","Pummel+1","Shrug It Off","J.A.X.","Intimidate"],"max_hp_per_floor":[80,80,80,80,80,80,80,80,80,80,80,80,80,80,80,80,80,80,85,85,92,92,92,92,92,92,92,92,92,92],"relics":["Burning Blood","Oddly Smooth Stone","Bag of Marbles","Lantern","Odd Mushroom","Eternal Feather","Necronomicon","Strawberry","Whetstone","Kunai"],"card_choices":[{"not_picked":["Reckless Charge","Wild Strike"],"picked":"Metallicize"},{"not_picked":["Havoc","Hemokinesis"],"picked":"Shrug It Off"},{"not_picked":["Flex","Clothesline"],"picked":"Headbutt"},{"not_picked":["Seeing Red","Second Wind"],"picked":"Rampage"},{"not_picked":["Exhume","Immolate"],"picked":"Barricade"},{"not_picked":["True Grit","Warcry"],"picked":"Headbutt"},{"not_picked":["Sever Soul","Warcry"],"picked":"Battle Trance"},{"not_picked":["Burning Pact","Thunderclap"],"picked":"Pummel"},{"not_picked":["Body Slam","Havoc"],"picked":"Shrug It Off"},{"not_picked":["Feel No Pain","Whirlwind"],"picked":"Intimidate"}],"player_experience":41741,"potions_floor_usage":[3,6,16,25],"damage_taken":[{"damage":6,"enemies":"Small Slimes","floor":1,"turns":4},{"damage":6,"enemies":"Jaw Worm","floor":3,"turns":3},{"damage":34,"enemies":"3 Sentries","floor":6,"turns":11},{"damage":0,"enemies":"2 Louse","floor":13,"turns":1},{"damage":1,"enemies":"The Mushroom Lair","floor":14,"turns":5},{"damage":52,"enemies":"Hexaghost","floor":16,"turns":11},{"damage":14,"enemies":"Chosen","floor":18,"turns":8},{"damage":10,"enemies":"Shell Parasite","floor":22,"turns":8},{"damage":31,"enemies":"Snake Plant","floor":25,"turns":7},{"damage":16,"enemies":"Chosen and Byrds","floor":28,"turns":8},{"damage":9,"enemies":"Snecko","floor":30,"turns":5},{"damage":76,"enemies":"Gremlin Leader","floor":31,"turns":10}],"event_choices":[{"event_name":"Liars Game","player_choice":"disagreed","floor":2,"damage_taken":0},{"event_name":"Bonfire Elementals","player_choice":"BASIC","floor":4,"damage_taken":0},{"event_name":"Living Wall","player_choice":"Change","floor":5,"damage_taken":0},{"event_name":"Shining Light","player_choice":"Entered Light","floor":7,"damage_taken":0},{"event_name":"Mushrooms","player_choice":"Fought Mushrooms","floor":14,"damage_taken":0},{"event_name":"Forgotten Altar","player_choice":"Shed Blood","floor":19,"damage_taken":0},{"event_name":"Cursed Tome","player_choice":"Obtained Book","floor":20,"damage_taken":0},{"event_name":"Drug Dealer","player_choice":"Got JAXXED","floor":29,"damage_taken":0}],"boss_relics":[{"not_picked":["Velvet Choker","Lizard Tail"],"picked":"Eternal Feather"}],"potions_floor_spawned":[1,3,13,18],"seed_played":"-4048539723257708377","killed_by":"Gremlin Leader","ascension_level":0,"is_trial":false}