{"gold_per_floor":[119,132,97,97,97,131,131,56,82,93,103,103,103,122,122,248,248,267,287,212,236,236,236],"floor_reached":23,"playtime":882,"items_purged":["Strike_B"],"score":191,"play_id":"81dff599-a9cb-4040-b453-1b524bed56ae","local_time":"20180722230232","is_ascension_mode":false,"campfire_choices":[{"floor":7,"key":"REST"},{"floor":13,"key":"REST"},{"floor":15,"key":"REST"}],"neow_cost":"NONE","seed_source_timestamp":125569697773120,"circlet_count":0,"master_deck":["Strike_B+1","Strike_B+1","Defend_B","Defend_B","Defend_B","Defend_B","Zap","Dualcast","Electrodynamics","Tempest","Conserve Battery","Double Energy"],"relics":["Cracked Core","Blue Candle","Whetstone","Potion Belt","Golden Idol","Sozu"],"potions_floor_usage":[16,16,16],"damage_taken":[{"damage":13,"enemies":"2 Louse","floor":1,"turns":2},{"damage":12,"enemies":"Small Slimes","floor":2,"turns":3},{"damage":26,"enemies":"Lagavulin","floor":6,"turns":6},{"damage":6,"enemies":"Cultist","floor":10,"turns":3},{"damage":5,"enemies":"Large Slime","floor":11,"turns":4},{"damage":8,"enemies":"2 Fungi Beasts","floor":14,"turns":3},{"damage":63,"enemies":"Hexaghost","floor":16,"turns":10},{"damage":10,"enemies":"Chosen","floor":18,"turns":3},{"damage":16,"enemies":"Spheric Guardian","floor":19,"turns":5},{"damage":1,"enemies":"3 Cultists","floor":21,"turns":3},{"damage":50,"enemies":"Gremlin Leader","floor":23,"turns":3}],"seed_played":"6761181320207565039","potions_obtained":[{"floor":6,"key":"Poison Potion"},{"floor":10,"key":"Block Potion"},{"floor":11,"key":"Dexterity Potion"}],"is_trial":false,"path_per_floor":["M","M","?","?","?","E","R","$","T","M","M","?","R","M","R","B",null,"M","M","?","M","?"],"character_chosen":"DEFECT","items_purchased":[],"campfire_rested":3,"item_purchase_floors":[],"current_hp_per_floor":[62,50,68,56,49,23,45,45,45,39,34,34,56,48,70,7,75,65,49,49,48,48,0],"gold":236,"neow_bonus":"ONE_RANDOM_RARE_CARD","is_prod":false,"is_daily":false,"chose_seed":false,"campfire_upgraded":0,"win_rate":0.0,"timestamp":1532325752,"path_taken":["M","M","?","?","?","E","R","$","T","M","M","?","R","M","R","BOSS","M","M","?","M","?","E"],"build_version":"2018-07-19v2","purchased_purges":1,"victory":false,"max_hp_per_floor":[75,75,75,75,75,75,75,75,75,75,75,75,75,75,75,75,75,75,75,75,75,75,75],"card_choices":[{"not_picked":["Hologram","Stack"],"picked":"Tempest","floor":1},{"not_picked":["Tempest","Barrage","Steam Power"],"picked":"SKIP","floor":2},{"not_picked":["Streamline","Cold Snap","Go for the Eyes"],"picked":"SKIP","floor":6},{"not_picked":["Cold Snap","Beam Cell","Steam"],"picked":"SKIP","floor":10},{"not_picked":["Glacier","Stack","Conserve Battery"],"picked":"SKIP","floor":11},{"not_picked":["Leap","Hologram","Barrage"],"picked":"SKIP","floor":14},{"not_picked":["Coolheaded","Gash+1"],"picked":"Conserve Battery","floor":18},{"not_picked":["White Noise","Redo"],"picked":"Double Energy","floor":19},{"not_picked":["Darkness+1","BootSequence+1","Hologram+1"],"picked":"SKIP","floor":21}],"player_experience":78024,"relics_obtained":[{"floor":6,"key":"Whetstone"},{"floor":9,"key":"Potion Belt"}],"event_choices":[{"event_name":"The Cleric","player_choice":"Healed","floor":3,"damage_taken":0},{"event_name":"Scrap Ooze","player_choice":"success","floor":4,"damage_taken":12},{"event_name":"Wheel of Change","player_choice":"Damage","floor":5,"damage_taken":0},{"event_name":"Golden Idol","player_choice":"Take Wound","floor":12,"damage_taken":0},{"event_name":"Beggar","player_choice":"Gave Gold","floor":20,"damage_taken":0},{"event_name":"Back to Basics","player_choice":"Elegance","floor":22,"damage_taken":0}],"is_beta":false,"boss_relics":[{"not_picked":["Runic Pyramid","Philosopher\u0027s Stone"],"picked":"Sozu"}],"items_purged_floors":[8],"is_endless":false,"potions_floor_spawned":[6,10,11,18,21],"killed_by":"Gremlin Leader","ascension_level":0}