{"gold_per_floor":[112,112,112,58,58,58,71,71,71,104,104,104,104,44,44,120,120,138,152,168,184,203,203,203],"floor_reached":24,"playtime":1164,"items_purged":["Strike_B"],"score":320,"play_id":"bf694ad4-5c3d-4715-8b80-3dbae689cad0","local_time":"20190305173218","is_ascension_mode":true,"campfire_choices":[{"data":"Chaos","floor":6.0,"key":"SMITH"},{"data":"Defragment","floor":8.0,"key":"SMITH"},{"data":"Chaos","floor":12.0,"key":"SMITH"},{"data":"Capacitor","floor":15.0,"key":"SMITH"},{"floor":23,"key":"REST"}],"neow_cost":"NONE","seed_source_timestamp":278953477674407,"circlet_count":0,"master_deck":["AscendersBane","Defend_B","Defend_B","Defend_B","Defend_B","Zap","Dualcast","Forethought","Capacitor+1","Chaos+1","Coolheaded","Defragment+1","Chaos+1","Reboot","Stack"],"special_seed":0,"relics":["Cracked Core","The Courier","Oddly Smooth Stone","Runic Pyramid"],"potions_floor_usage":[20,21,21],"damage_taken":[{"damage":0.0,"enemies":"2 Louse","floor":1.0,"turns":2.0},{"damage":2.0,"enemies":"Small Slimes","floor":7.0,"turns":3.0},{"damage":10.0,"enemies":"Lagavulin","floor":10.0,"turns":6.0},{"damage":17.0,"enemies":"Slime Boss","floor":16.0,"turns":10.0},{"damage":4.0,"enemies":"Chosen","floor":18.0,"turns":5.0},{"damage":10.0,"enemies":"Shell Parasite","floor":19.0,"turns":5.0},{"damage":25,"enemies":"Centurion and Healer","floor":20,"turns":11},{"damage":19,"enemies":"Snake Plant","floor":21,"turns":5},{"damage":2,"enemies":"Snecko","floor":22,"turns":7},{"damage":41,"enemies":"Gremlin Leader","floor":24,"turns":3}],"seed_played":"-8812197416541341516","potions_obtained":[{"floor":10.0,"key":"Ancient Potion"},{"floor":18.0,"key":"Ancient Potion"},{"floor":19.0,"key":"Fire Potion"},{"floor":20,"key":"Block Potion"}],"is_trial":false,"path_per_floor":["M","$","?","$","?","R","M","R","T","E","?","R","?","$","R","B",null,"M","M","M","M","M","R","E"],"character_chosen":"DEFECT","items_purchased":["Coolheaded"],"campfire_rested":1,"item_purchase_floors":[4],"current_hp_per_floor":[68,68,68,68,68,68,66,66,66,56,61,61,54,54,54,37,69,65,55,30,11,9,33,0],"gold":203,"neow_bonus":"RANDOM_COLORLESS","is_prod":false,"is_daily":false,"chose_seed":false,"campfire_upgraded":4,"win_rate":0,"timestamp":1551828738,"path_taken":["M","$","?","$","?","R","?","R","T","E","?","R","?","$","R","BOSS","M","M","M","M","M","R","E"],"build_version":"2019-01-23","purchased_purges":1,"victory":false,"max_hp_per_floor":[75,75,75,75,75,75,75,75,75,75,80,80,80,80,80,80,80,80,80,80,80,80,80,80],"card_choices":[{"not_picked":["Compile Driver","Recycle"],"picked":"Capacitor","floor":1.0},{"not_picked":["Rebound","Undo"],"picked":"Defragment","floor":7.0},{"not_picked":["Barrage","All For One"],"picked":"Chaos","floor":10.0},{"not_picked":["Amplify","Machine Learning"],"picked":"Reboot","floor":16.0},{"not_picked":["Streamline","Go for the Eyes","Steam"],"picked":"SKIP","floor":18.0},{"not_picked":["Stack","Streamline+1","Barrage"],"picked":"SKIP","floor":19.0},{"not_picked":["Steam","Sweeping Beam","Redo"],"picked":"SKIP","floor":20},{"not_picked":["Hologram","Turbo+1"],"picked":"Stack","floor":21},{"not_picked":["Steam","Tempest","Go for the Eyes"],"picked":"SKIP","floor":22}],"player_experience":638595,"relics_obtained":[{"floor":9.0,"key":"The Courier"},{"floor":10.0,"key":"Oddly Smooth Stone"}],"event_choices":[{"damage_healed":0.0,"max_hp_gain":0.0,"max_hp_loss":0.0,"gold_gain":0.0,"cards_transformed":["Strike_B"],"event_name":"Living Wall","player_choice":"Change","floor":3.0,"gold_loss":0.0,"damage_taken":0.0,"cards_obtained":["Chaos"]},{"cards_removed":["Strike_B"],"damage_healed":0.0,"max_hp_gain":0.0,"max_hp_loss":0.0,"gold_gain":0.0,"event_name":"Bonfire Elementals","player_choice":"Offered Basic","floor":5.0,"gold_loss":0.0,"damage_taken":0.0},{"damage_healed":0.0,"max_hp_gain":5.0,"max_hp_loss":0.0,"gold_gain":0.0,"event_name":"Big Fish","player_choice":"Donut","floor":11.0,"gold_loss":0.0,"damage_taken":0.0},{"cards_removed":["Strike_B"],"damage_healed":0.0,"max_hp_gain":0.0,"max_hp_loss":0.0,"gold_gain":0.0,"event_name":"Golden Wing","player_choice":"Card Removal","floor":13.0,"gold_loss":0.0,"damage_taken":7.0}],"is_beta":false,"boss_relics":[{"not_picked":["FrozenCore","White Beast Statue"],"picked":"Runic Pyramid"}],"items_purged_floors":[14],"is_endless":false,"potions_floor_spawned":[10,18,19,20],"killed_by":"Gremlin Leader","ascension_level":13}