{"gold_per_floor":[12,12,12,23,23,23,34,34,34,34,44,63,63,74,74,179,179,179,104,104,104,29,29,29,29,29,29,29,29,29,29,29,29,29,29,29,29,29,29,29,29,29,29,29,29,29,29,29],"floor_reached":48,"playtime":2434,"items_purged":["Defend_B"],"score":693,"play_id":"2dae2fad-2620-4c4c-892f-fa6c8f9f235a","local_time":"20181103052924","is_ascension_mode":true,"campfire_choices":[{"data":"Madness","floor":6,"key":"SMITH"},{"data":"Hologram","floor":10,"key":"SMITH"},{"data":"Fusion","floor":15,"key":"SMITH"},{"data":"Zap","floor":23,"key":"SMITH"},{"data":"Dualcast","floor":25,"key":"SMITH"},{"floor":32,"key":"REST"},{"floor":40,"key":"REST"},{"floor":47,"key":"REST"}],"neow_cost":"NO_GOLD","seed_source_timestamp":92543867204842,"circlet_count":0,"master_deck":["Strike_B","Strike_B+1","Defend_B+1","Defend_B","Zap+1","Dualcast+1","Apotheosis+1","Madness+1","Sweeping Beam+1","Defragment","Hologram+1","Stack","Fusion+1","All For One","Gash","Glacier+1","Gash+1","Coolheaded+1","Machine Learning","Sweeping Beam+1","Seek","Madness","Defragment"],"relics":["Cracked Core","Bird Faced Urn","Ectoplasm","Gremlin Horn","Oddly Smooth Stone","Omamori","Singing Bowl","Inserter","MawBank","Whetstone","Tiny Chest","War Paint"],"potions_floor_usage":[16,28,28,28,28,33,37,48],"damage_taken":[{"damage":0,"enemies":"Cultist","floor":1,"turns":3},{"damage":5,"enemies":"2 Louse","floor":4,"turns":2},{"damage":2,"enemies":"Jaw Worm","floor":7,"turns":3},{"damage":9,"enemies":"Looter","floor":11,"turns":3},{"damage":2,"enemies":"Exordium Thugs","floor":12,"turns":4},{"damage":8,"enemies":"Large Slime","floor":14,"turns":4},{"damage":14,"enemies":"Slime Boss","floor":16,"turns":8},{"damage":13,"enemies":"3 Byrds","floor":18,"turns":5},{"damage":0,"enemies":"Spheric Guardian","floor":24,"turns":3},{"damage":15,"enemies":"Snake Plant","floor":27,"turns":6},{"damage":10,"enemies":"Gremlin Leader","floor":28,"turns":6},{"damage":15,"enemies":"Book of Stabbing","floor":30,"turns":4},{"damage":67,"enemies":"Champ","floor":33,"turns":11},{"damage":0,"enemies":"Orb Walker","floor":35,"turns":4},{"damage":21,"enemies":"3 Shapes","floor":37,"turns":5},{"damage":29,"enemies":"Giant Head","floor":41,"turns":8},{"damage":12,"enemies":"Spire Growth","floor":42,"turns":5},{"damage":25,"enemies":"Reptomancer","floor":46,"turns":5},{"damage":54,"enemies":"Writhing Mass","floor":48,"turns":2}],"seed_played":"8614714282472474436","potions_obtained":[{"floor":7,"key":"LiquidBronze"},{"floor":11,"key":"Explosive Potion"},{"floor":24,"key":"EntropicBrew"},{"floor":30,"key":"EssenceOfSteel"},{"floor":33,"key":"Block Potion"},{"floor":37,"key":"SpeedPotion"},{"floor":46,"key":"SkillPotion"}],"is_trial":false,"path_per_floor":["M","?","?","M","?","R","M","$","T","R","M","M","?","M","R","B",null,"M","?","?","?","$","R","M","R","T","M","E","$","E","?","R","B",null,"M","?","M","T","$","R","E","M","T","?","?","E","R","M"],"character_chosen":"DEFECT","items_purchased":[],"campfire_rested":3,"item_purchase_floors":[],"current_hp_per_floor":[68,68,68,63,63,63,61,61,61,61,52,50,50,44,44,32,64,53,53,53,53,53,53,55,55,55,42,34,34,21,46,68,3,57,61,61,44,44,44,67,44,36,36,36,36,15,38,0],"gold":29,"neow_bonus":"RANDOM_COLORLESS_2","is_prod":false,"is_daily":false,"chose_seed":false,"campfire_upgraded":5,"win_rate":0,"timestamp":1541240964,"path_taken":["M","?","?","M","?","R","M","$","T","R","?","M","?","M","R","BOSS","M","?","?","?","$","R","M","R","T","?","E","?","E","?","R","BOSS","M","?","?","?","$","R","E","M","T","?","?","E","R","M"],"build_version":"2018-11-01","purchased_purges":1,"victory":false,"max_hp_per_floor":[75,75,75,75,75,75,75,75,75,75,75,75,75,75,75,75,75,75,75,75,75,75,75,75,75,75,75,75,75,75,75,75,75,75,77,77,77,77,77,77,79,79,79,79,79,79,79,79],"card_choices":[{"not_picked":["Go for the Eyes","Sunder"],"picked":"Sweeping Beam","floor":1},{"not_picked":["Barrage","Static Discharge"],"picked":"Defragment","floor":4},{"not_picked":["Stack","Gash"],"picked":"Hologram","floor":7},{"not_picked":["Blizzard","Steam"],"picked":"Cold Snap","floor":11},{"not_picked":["Reinforced Body","Steam"],"picked":"Stack","floor":12},{"not_picked":["Ball Lightning","Hyperbeam"],"picked":"Fusion","floor":14},{"not_picked":["Core Surge","Biased Cognition"],"picked":"All For One","floor":16},{"not_picked":["Conserve Battery","Stack"],"picked":"Gash","floor":18},{"not_picked":["Skim","Leap"],"picked":"Glacier+1","floor":24},{"not_picked":["Barrage","Hello World+1","Ball Lightning"],"picked":"SKIP","floor":27},{"not_picked":["Go for the Eyes","Redo"],"picked":"Gash+1","floor":28},{"not_picked":["Melter","Sweeping Beam"],"picked":"Coolheaded","floor":30},{"not_picked":["All For One","Core Surge"],"picked":"Machine Learning","floor":33},{"not_picked":["BootSequence","Ball Lightning","Double Energy+1"],"picked":"Singing Bowl","floor":35},{"not_picked":["Ball Lightning+1","Leap"],"picked":"Sweeping Beam+1","floor":37},{"not_picked":["Recycle","Leap","Storm+1"],"picked":"Singing Bowl","floor":41},{"not_picked":["Tempest+1","Turbo+1"],"picked":"Seek","floor":42},{"not_picked":["Apotheosis","Dark Shackles"],"picked":"Madness","floor":45},{"not_picked":["Steam Power+1","Cold Snap+1"],"picked":"Defragment","floor":46}],"player_experience":264680,"relics_obtained":[{"floor":9,"key":"Bird Faced Urn"},{"floor":26,"key":"Oddly Smooth Stone"},{"floor":28,"key":"Omamori"},{"floor":30,"key":"Singing Bowl"},{"floor":38,"key":"MawBank"},{"floor":41,"key":"Whetstone"},{"floor":43,"key":"Tiny Chest"},{"floor":46,"key":"War Paint"}],"event_choices":[{"damage_healed":0,"gold_gain":0,"player_choice":"Ignored","damage_taken":0,"max_hp_gain":0,"max_hp_loss":0,"event_name":"Shining Light","floor":2,"gold_loss":0},{"damage_healed":0,"gold_gain":0,"player_choice":"Leave","damage_taken":0,"max_hp_gain":0,"max_hp_loss":0,"event_name":"The Cleric","floor":3,"gold_loss":0},{"damage_healed":0,"gold_gain":0,"player_choice":"Grow","damage_taken":0,"max_hp_gain":0,"max_hp_loss":0,"event_name":"Living Wall","floor":5,"gold_loss":0,"cards_upgraded":["Apotheosis"]},{"cards_removed":["Defend_B"],"damage_healed":0,"gold_gain":0,"player_choice":"Offered Basic","damage_taken":0,"max_hp_gain":0,"max_hp_loss":0,"event_name":"Bonfire Elementals","floor":13,"gold_loss":0},{"cards_removed":["Strike_B"],"damage_healed":0,"gold_gain":0,"player_choice":"Gave Gold","damage_taken":0,"max_hp_gain":0,"max_hp_loss":0,"event_name":"Beggar","floor":19,"gold_loss":75},{"cards_removed":["Strike_B"],"damage_healed":0,"gold_gain":0,"player_choice":"Elegance","damage_taken":0,"max_hp_gain":0,"max_hp_loss":0,"event_name":"Back to Basics","floor":20,"gold_loss":0},{"damage_healed":0,"gold_gain":0,"player_choice":"Opened","damage_taken":0,"relics_obtained":["Gremlin Horn"],"max_hp_gain":0,"max_hp_loss":0,"event_name":"The Mausoleum","floor":21,"gold_loss":0},{"damage_healed":25,"gold_gain":0,"player_choice":"Heal","damage_taken":0,"max_hp_gain":0,"max_hp_loss":0,"event_name":"The Library","floor":31,"gold_loss":0},{"damage_healed":0,"gold_gain":0,"player_choice":"Ignored","damage_taken":0,"max_hp_gain":0,"max_hp_loss":0,"event_name":"Golden Shrine","floor":36,"gold_loss":0},{"cards_removed":["Cold Snap"],"damage_healed":0,"gold_gain":0,"player_choice":"Removed Attack","damage_taken":0,"max_hp_gain":0,"max_hp_loss":0,"event_name":"Falling","floor":44,"gold_loss":0},{"damage_healed":0,"gold_gain":0,"player_choice":"Memory 1","damage_taken":0,"max_hp_gain":0,"max_hp_loss":0,"event_name":"SensoryStone","floor":45,"gold_loss":0}],"is_beta":false,"boss_relics":[{"not_picked":["Velvet Choker","Snecko Eye"],"picked":"Ectoplasm"},{"not_picked":["Nuclear Battery","Runic Pyramid"],"picked":"Inserter"}],"items_purged_floors":[22],"is_endless":false,"potions_floor_spawned":[7,11,24,30,33,37,46],"killed_by":"Writhing Mass","ascension_level":6}