{"gold_per_floor":[112,112,133,5,5,44,44,85,85,7,31,56,79,79],"floor_reached":14,"playtime":420,"items_purged":["Strike_B"],"score":125,"play_id":"de1f8565-dad2-4954-91ef-76e29b45ff3f","local_time":"20181001042815","is_ascension_mode":true,"campfire_choices":[{"floor":7,"key":"REST"}],"neow_cost":"NONE","seed_source_timestamp":1584766616751284,"circlet_count":0,"master_deck":["Strike_B","Strike_B","Defend_B","Defend_B","Defend_B","Defend_B","Zap","Dualcast","Machine Learning","Gash+1","Fission","Gash","Chill","Capacitor","Self Repair"],"relics":["Cracked Core","Golden Idol","Bottled Lightning","Pantograph","Symbiotic Virus"],"potions_floor_usage":[6,11,12],"damage_taken":[{"damage":6,"enemies":"Small Slimes","floor":1,"turns":3},{"damage":10,"enemies":"2 Louse","floor":3,"turns":3},{"damage":20,"enemies":"Lagavulin","floor":6,"turns":5},{"damage":35,"enemies":"3 Sentries","floor":8,"turns":9},{"damage":0,"enemies":"Cultist","floor":11,"turns":4},{"damage":0,"enemies":"Gremlin Gang","floor":12,"turns":5},{"damage":6,"enemies":"Blue Slaver","floor":13,"turns":2},{"damage":14,"enemies":"Lots of Slimes","floor":14,"turns":1}],"seed_played":"-8543830720461265680","potions_obtained":[{"floor":3,"key":"FocusPotion"},{"floor":8,"key":"Fire Potion"}],"is_trial":false,"path_per_floor":["M","?","M","$","?","E","R","E","T","$","M","M","M"],"character_chosen":"DEFECT","items_purchased":["Gash","Regen Potion"],"campfire_rested":1,"item_purchase_floors":[4,10],"current_hp_per_floor":[69,51,41,41,41,21,43,8,8,8,20,20,14,0],"gold":79,"neow_bonus":"TRANSFORM_CARD","is_prod":false,"is_daily":false,"chose_seed":false,"campfire_upgraded":0,"win_rate":0,"timestamp":1538360895,"path_taken":["M","?","M","$","?","E","R","E","T","?","?","M","?","?"],"build_version":"2018-09-27","purchased_purges":1,"victory":false,"max_hp_per_floor":[75,75,75,75,75,75,75,75,75,75,75,75,75,75],"card_choices":[{"not_picked":["Hologram","Conserve Battery"],"picked":"Gash","floor":1},{"not_picked":["Leap","Compile Driver"],"picked":"Fission","floor":3},{"not_picked":["Coolheaded","Cold Snap","Streamline"],"picked":"SKIP","floor":6},{"not_picked":["Leap","Cold Snap"],"picked":"Chill","floor":8},{"not_picked":["Barrage","Sweeping Beam"],"picked":"Capacitor","floor":11},{"not_picked":["Turbo","Streamline","Hologram"],"picked":"SKIP","floor":12},{"not_picked":["Streamline","Redo"],"picked":"Self Repair","floor":13}],"player_experience":142378,"relics_obtained":[{"floor":6,"key":"Bottled Lightning"},{"floor":8,"key":"Pantograph"},{"floor":9,"key":"Symbiotic Virus"}],"event_choices":[{"event_name":"Golden Idol","player_choice":"Take Damage","floor":2,"damage_taken":0},{"event_name":"Upgrade Shrine","player_choice":"Upgraded","floor":5,"damage_taken":0}],"is_beta":false,"boss_relics":[],"items_purged_floors":[4],"is_endless":false,"potions_floor_spawned":[3,8],"killed_by":"Lots of Slimes","ascension_level":5}