{"gold_per_floor":[119,138,152,162,147,147,158,158,238,269,269,286,45,79,79,182,232,247,267,286,286,61,88,88,88],"floor_reached":25,"playtime":1588,"items_purged":[],"score":317,"play_id":"92b1849b-6523-4e7f-a7ce-39a42c885408","local_time":"20190411084126","is_ascension_mode":true,"campfire_choices":[{"data":"Sunder","floor":6.0,"key":"SMITH"},{"data":"Consume","floor":11.0,"key":"SMITH"},{"data":"Echo Form","floor":15.0,"key":"SMITH"},{"data":"Fission","floor":24,"key":"SMITH"}],"neow_cost":"NONE","seed_source_timestamp":0,"circlet_count":0,"master_deck":["Strike_B","Strike_B","Strike_B","Defend_B","Defend_B","Defend_B","Defend_B","Zap","Dualcast","Echo Form+1","Sunder+1","Glacier","Conserve Battery","Turbo","Consume+1","Self Repair","Reboot","Blizzard+1","Fission+1","Cold Snap","Coolheaded","Turbo","Sweeping Beam+1","Capacitor","Conserve Battery"],"special_seed":0,"relics":["Cracked Core","Tiny Chest","PreservedInsect","Shuriken","Cables","Tiny House","Ancient Tea Set","Anchor","Strawberry"],"potions_floor_usage":[23,25],"damage_taken":[{"damage":0.0,"enemies":"Small Slimes","floor":1.0,"turns":2.0},{"damage":0.0,"enemies":"Cultist","floor":2.0,"turns":2.0},{"damage":1.0,"enemies":"Jaw Worm","floor":3.0,"turns":3.0},{"damage":11.0,"enemies":"Gremlin Gang","floor":4.0,"turns":7.0},{"damage":14.0,"enemies":"Exordium Thugs","floor":5.0,"turns":5.0},{"damage":0.0,"enemies":"Looter","floor":7.0,"turns":2.0},{"damage":5.0,"enemies":"Lagavulin","floor":10.0,"turns":9.0},{"damage":5.0,"enemies":"Lots of Slimes","floor":12.0,"turns":6.0},{"damage":13.0,"enemies":"3 Sentries","floor":14.0,"turns":5.0},{"damage":6.0,"enemies":"Hexaghost","floor":16.0,"turns":8.0},{"damage":11.0,"enemies":"2 Thieves","floor":18.0,"turns":4.0},{"damage":9.0,"enemies":"Shell Parasite","floor":19.0,"turns":8.0},{"damage":11,"enemies":"Snecko","floor":20,"turns":6},{"damage":38,"enemies":"Gremlin Leader","floor":23,"turns":6},{"damage":24,"enemies":"Centurion and Healer","floor":25,"turns":3}],"seed_played":"-8204186424671086764","potions_obtained":[{"floor":3.0,"key":"EssenceOfSteel"},{"floor":5.0,"key":"Swift Potion"},{"floor":10.0,"key":"GamblersBrew"},{"floor":16.0,"key":"Fire Potion"},{"floor":23,"key":"FearPotion"}],"is_trial":false,"path_per_floor":["M","M","M","M","M","R","M","?","T","E","R","M","$","E","R","B",null,"M","M","M","T","$","E","R","M"],"character_chosen":"DEFECT","items_purchased":["Shuriken","Anchor","Capacitor"],"campfire_rested":0,"item_purchase_floors":[13,22,22],"current_hp_per_floor":[68,68,67,56,42,42,42,42,42,51,51,46,46,40,40,41,72,61,59,55,55,55,24,24,0],"gold":88,"neow_bonus":"ONE_RANDOM_RARE_CARD","is_prod":false,"is_daily":false,"chose_seed":false,"campfire_upgraded":4,"win_rate":0,"timestamp":1554997286,"path_taken":["M","M","M","M","M","R","M","?","T","E","R","M","$","E","R","BOSS","M","M","M","?","$","E","R","M"],"build_version":"2019-01-23","purchased_purges":0,"victory":false,"max_hp_per_floor":[75,75,75,75,75,75,75,75,75,75,75,75,75,75,75,75,80,80,80,80,80,80,87,87,87],"card_choices":[{"not_picked":["Steam","Beam Cell"],"picked":"Sunder","floor":1.0},{"not_picked":["Stack","Recycle"],"picked":"Glacier","floor":2.0},{"not_picked":["Rebound","Coolheaded","Barrage"],"picked":"SKIP","floor":3.0},{"not_picked":["Streamline","Amplify"],"picked":"Conserve Battery","floor":4.0},{"not_picked":["Compile Driver","Reprogram"],"picked":"Turbo","floor":5.0},{"not_picked":["Cold Snap","Storm"],"picked":"Consume","floor":7.0},{"not_picked":["Hologram","Aggregate"],"picked":"Reboot","floor":10.0},{"not_picked":["Hello World","Gash"],"picked":"Blizzard","floor":12.0},{"not_picked":["Sweeping Beam","Rebound","Gash"],"picked":"SKIP","floor":14.0},{"not_picked":["Thunder Strike","Hyperbeam"],"picked":"Fission","floor":16.0},{"not_picked":["Ball Lightning","Stack"],"picked":"Cold Snap","floor":17.0},{"not_picked":["Blizzard","Rebound"],"picked":"Coolheaded","floor":18.0},{"not_picked":["Streamline","Stack"],"picked":"Turbo","floor":19},{"not_picked":["Compile Driver","Streamline+1"],"picked":"Sweeping Beam+1","floor":20},{"not_picked":["Rainbow","Consume"],"picked":"Conserve Battery","floor":23}],"player_experience":296307,"relics_obtained":[{"floor":9.0,"key":"Tiny Chest"},{"floor":10.0,"key":"PreservedInsect"},{"floor":14.0,"key":"Cables"},{"floor":21,"key":"Ancient Tea Set"},{"floor":23,"key":"Strawberry"}],"event_choices":[{"damage_healed":0.0,"max_hp_gain":0.0,"max_hp_loss":0.0,"gold_gain":0.0,"cards_transformed":["Strike_B"],"event_name":"Transmorgrifier","player_choice":"Transformed","floor":8.0,"gold_loss":0.0,"damage_taken":0.0,"cards_obtained":["Self Repair"]}],"is_beta":false,"boss_relics":[{"not_picked":["Fusion Hammer","Lizard Tail"],"picked":"Tiny House"}],"items_purged_floors":[],"is_endless":false,"potions_floor_spawned":[3,5,10,12,16,23],"killed_by":"Centurion and Healer","ascension_level":7}