{"path_per_floor":["M","M","?","M","M","E","R","M","T","M","?","R","?","M","R","B",null,"M","?","?","M","M"],"character_chosen":"THE_SILENT","items_purchased":[],"gold_per_floor":[115,128,128,143,162,193,193,212,261,246,246,246,303,314,314,410,410,391,391,306,319,335],"floor_reached":23,"campfire_rested":2,"playtime":1763,"current_hp_per_floor":[65,65,65,65,53,44,65,57,57,50,67,67,50,46,67,1,70,55,49,49,30,9],"items_purged":[],"gold":335,"play_id":"8c6a81b3-ff36-4a35-b024-316181b3cb9e","is_prod":false,"is_daily":false,"is_ascension_mode":false,"campfire_upgraded":1,"path_taken":["M","M","?","M","M","E","R","M","T","M","?","R","?","M","R","BOSS","M","?","?","M","?","E"],"build_version":"2018-01-25-PROD3","purchased_purges":0,"victory":false,"master_deck":["Defend_G","Defend_G","Defend_G","Defend_G","Defend_G","Survivor","Neutralize","Poisoned Stab+1","Deadly Poison","Dagger Spray","Flying Knee","Escape Plan","Flying Knee","Dagger Spray","Parasite","Poisoned Stab","Footwork","Wraith Form","Endless Agony+1","Bite_G","Bite_G","Bite_G","Bite_G","Bite_G","Well Laid Plans","Deflect"],"max_hp_per_floor":[70,70,70,70,70,70,70,70,70,70,70,70,70,70,70,70,70,70,49,49,49,49],"relics":["Ring of the Snake","Pantograph","Bag of Preparation","Matryoshka","The Specimen","Dream Catcher"],"card_choices":[{"not_picked":["Sucker Punch","Predator"],"picked":"Poisoned Stab"},{"not_picked":["Dagger Throw","Predator"],"picked":"Deadly Poison"},{"not_picked":["Prepared","Dagger Throw"],"picked":"Dagger Spray"},{"not_picked":["Prepared","Acrobatics"],"picked":"Flying Knee"},{"not_picked":["Deflect","PiercingWail"],"picked":"Escape Plan"},{"not_picked":["Backflip","Doppelganger"],"picked":"Flying Knee"},{"not_picked":["Acrobatics","Blade Dance"],"picked":"Dagger Spray"},{"not_picked":["Dagger Throw","Caltrops"],"picked":"Poisoned Stab"},{"not_picked":["Flying Knee","Poisoned Stab"],"picked":"Footwork"},{"not_picked":["Adrenaline","Burst"],"picked":"Wraith Form"},{"not_picked":["Backstab","Heel Hook"],"picked":"Endless Agony"},{"not_picked":["Crippling Poison","Caltrops"],"picked":"Well Laid Plans"},{"not_picked":["All Out Attack","Outmaneuver"],"picked":"Deflect"}],"player_experience":1167,"potions_floor_usage":[6,6,10,13,13,22,23],"damage_taken":[{"damage":5,"enemies":"2 Louse","floor":1,"turns":4},{"damage":0,"enemies":"Blue Slaver","floor":2,"turns":5},{"damage":0,"enemies":"Cultist","floor":4,"turns":3},{"damage":12,"enemies":"3 Louse","floor":5,"turns":2},{"damage":18,"enemies":"Lagavulin","floor":6,"turns":5},{"damage":8,"enemies":"2 Fungi Beasts","floor":8,"turns":4},{"damage":7,"enemies":"Exordium Thugs","floor":10,"turns":4},{"damage":17,"enemies":"Gremlin Nob","floor":13,"turns":4},{"damage":4,"enemies":"Large Slime","floor":14,"turns":7},{"damage":69,"enemies":"Hexaghost","floor":16,"turns":10},{"damage":15,"enemies":"2 Thieves","floor":18,"turns":4},{"damage":29,"enemies":"Shell Parasite","floor":21,"turns":6},{"damage":29,"enemies":"Chosen and Byrds","floor":22,"turns":7},{"damage":10,"enemies":"Slavers","floor":23,"turns":1}],"event_choices":[{"event_name":"The Lab","player_choice":"Got Potions","floor":3,"damage_taken":0},{"event_name":"Mushrooms","player_choice":"Healed and dodged fight","floor":11,"damage_taken":0},{"event_name":"Dead Adventurer","player_choice":"Searched \u00271\u0027 times","floor":13,"damage_taken":0},{"event_name":"Vampires","player_choice":"Became a vampire","floor":19,"damage_taken":0},{"event_name":"Addict","player_choice":"Obtained Relic","floor":20,"damage_taken":0}],"boss_relics":[{"not_picked":["Calling Bell","Cursed Key"],"picked":"The Specimen"}],"potions_floor_spawned":[2,5,8,10,13,22],"seed_played":"-2545376569760548267","killed_by":"Slavers","ascension_level":0,"is_trial":false}