{"gold_per_floor":[113,126,141,141,151,151,176,188,188,199,209,223,223,6,6,102,102,119,119,130,144,144,144],"floor_reached":23,"playtime":1286,"items_purged":[],"score":197,"play_id":"712941db-ba7f-4a70-a892-ebd377d7dd4c","local_time":"20180630221107","is_ascension_mode":false,"campfire_choices":[{"floor":6,"key":"REST"},{"floor":15,"key":"REST"}],"neow_cost":"NONE","seed_source_timestamp":873386286176386,"circlet_count":0,"master_deck":["Strike_B+1","Defend_B","Defend_B","Defend_B","Zap","Dualcast","Loop+1","Redo","Genetic Algorithm","Coolheaded","BootSequence","Cold Snap","Darkness","Hologram","Beam Cell","Defragment","Echo Form","FTL+1","Tempest+1","Hello World+1","Go for the Eyes","Redo","Streamline+1","Rip and Tear"],"relics":["Cracked Core","Bird Faced Urn","Letter Opener","Astrolabe"],"potions_floor_usage":[10,16,16,21],"damage_taken":[{"damage":3,"enemies":"Jaw Worm","floor":1,"turns":5},{"damage":0,"enemies":"Cultist","floor":2,"turns":3},{"damage":0,"enemies":"Small Slimes","floor":3,"turns":3},{"damage":18,"enemies":"3 Louse","floor":5,"turns":4},{"damage":33,"enemies":"Lagavulin","floor":7,"turns":11},{"damage":3,"enemies":"Looter","floor":8,"turns":4},{"damage":7,"enemies":"Exordium Wildlife","floor":10,"turns":4},{"damage":0,"enemies":"Lots of Slimes","floor":11,"turns":3},{"damage":3,"enemies":"Looter","floor":12,"turns":3},{"damage":21,"enemies":"The Guardian","floor":16,"turns":11},{"damage":4,"enemies":"Chosen","floor":18,"turns":5},{"damage":11,"enemies":"Spheric Guardian","floor":20,"turns":4},{"damage":36,"enemies":"3 Cultists","floor":21,"turns":6},{"damage":36,"enemies":"Slavers","floor":23,"turns":3}],"seed_played":"-4554912236779558095","potions_obtained":[{"floor":1,"key":"Block Potion"},{"floor":2,"key":"SkillPotion"},{"floor":7,"key":"Energy Potion"},{"floor":8,"key":"EssenceOfSteel"},{"floor":16,"key":"Ancient Potion"},{"floor":20,"key":"LiquidBronze"}],"is_trial":false,"path_per_floor":["M","M","M","?","M","R","E","M","T","M","M","M","?","$","R","B",null,"M","?","M","M","?"],"character_chosen":"DEFECT","items_purchased":["Defragment","Regen Potion","FairyPotion"],"campfire_rested":2,"item_purchase_floors":[14,14,14],"current_hp_per_floor":[72,72,72,65,47,69,36,35,35,30,30,29,14,14,36,34,75,71,57,52,20,20,0],"gold":144,"neow_bonus":"REMOVE_CARD","is_prod":false,"is_daily":false,"chose_seed":false,"campfire_upgraded":0,"win_rate":0.0,"timestamp":1530418267,"path_taken":["M","M","M","?","M","R","E","M","T","M","?","M","?","$","R","BOSS","M","?","?","M","?","E"],"build_version":"2018-06-28","purchased_purges":0,"victory":false,"max_hp_per_floor":[75,75,75,75,75,75,75,75,75,75,75,75,75,75,75,75,75,75,80,80,80,80,80],"card_choices":[{"not_picked":["Capacitor","Steam"],"picked":"Loop","floor":1},{"not_picked":["Barrage","Gash"],"picked":"Redo","floor":2},{"not_picked":["Streamline","Go for the Eyes"],"picked":"Genetic Algorithm","floor":3},{"not_picked":["Streamline","Barrage"],"picked":"Coolheaded","floor":5},{"not_picked":["Compile Driver","Fusion"],"picked":"BootSequence","floor":7},{"not_picked":["Compile Driver","Consume"],"picked":"Cold Snap","floor":8},{"not_picked":["All For One","Compile Driver"],"picked":"Darkness","floor":10},{"not_picked":["Loop","BootSequence"],"picked":"Hologram","floor":11},{"not_picked":["Aggregate","Turbo"],"picked":"Beam Cell","floor":12},{"not_picked":["Reboot","Amplify"],"picked":"Echo Form","floor":16},{"not_picked":["Beam Cell","Ball Lightning"],"picked":"Go for the Eyes","floor":18},{"not_picked":["Compile Driver","Beam Cell"],"picked":"Redo","floor":20},{"not_picked":["Sweeping Beam","Barrage"],"picked":"Streamline+1","floor":21}],"player_experience":42332,"relics_obtained":[{"floor":7,"key":"Bird Faced Urn"},{"floor":9,"key":"Letter Opener"}],"event_choices":[{"event_name":"Wheel of Change","player_choice":"Damage","floor":4,"damage_taken":0},{"event_name":"Shining Light","player_choice":"Entered Light","floor":13,"damage_taken":0},{"event_name":"Forgotten Altar","player_choice":"Shed Blood","floor":19,"damage_taken":0},{"event_name":"Match and Keep!","player_choice":"1 cards matched","floor":22,"damage_taken":0}],"boss_relics":[{"not_picked":["Calling Bell","Runic Dome"],"picked":"Astrolabe"}],"items_purged_floors":[],"is_endless":false,"potions_floor_spawned":[1,2,7,8,16,20],"killed_by":"Slavers","ascension_level":0}