{"path_per_floor":["M","$","?","?","M","R","E","?","T","$","M","M","R","M","R","B",null,"M","$","M","M","M"],"character_chosen":"THE_SILENT","items_purchased":["Flying Knee","Footwork"],"gold_per_floor":[113,113,113,113,124,124,154,154,154,79,92,111,111,123,123,218,218,231,49,34,45,61,61],"floor_reached":23,"campfire_rested":1,"playtime":1313,"current_hp_per_floor":[76,76,81,81,80,80,57,57,57,57,56,55,79,75,75,44,82,69,69,57,33,30,0],"items_purged":["Strike_G","Strike_G"],"gold":61,"score":193,"play_id":"c53a1fc4-57a9-4fe9-a18c-1498d3206a80","local_time":"20180326224921","is_prod":false,"is_daily":false,"is_ascension_mode":false,"campfire_upgraded":2,"timestamp":1522129761,"path_taken":["M","$","?","?","M","R","E","?","T","$","M","M","R","M","R","BOSS","M","$","M","?","M","E"],"build_version":"2018-03-22v2","purchased_purges":2,"victory":false,"master_deck":["Defend_G","Defend_G","Defend_G","Defend_G","Defend_G","Strike_G","Strike_G","Survivor+1","Neutralize+1","Noxious Fumes+1","Flying Knee","Footwork"],"max_hp_per_floor":[77,77,82,82,82,82,82,82,82,82,82,82,82,82,82,82,82,82,82,82,82,82,82],"relics":["Ring of the Snake","Torii","Gambling Chip","The Specimen"],"card_choices":[{"not_picked":["PiercingWail","Sucker Punch"],"picked":"Noxious Fumes"}],"player_experience":39353,"potions_floor_usage":[23],"damage_taken":[{"damage":1.0,"enemies":"Cultist","floor":1.0,"turns":4.0},{"damage":1.0,"enemies":"2 Louse","floor":5.0,"turns":2.0},{"damage":23.0,"enemies":"Gremlin Nob","floor":7.0,"turns":5.0},{"damage":1.0,"enemies":"Small Slimes","floor":11.0,"turns":3.0},{"damage":1.0,"enemies":"Blue Slaver","floor":12.0,"turns":4.0},{"damage":4.0,"enemies":"Lots of Slimes","floor":14.0,"turns":3.0},{"damage":31.0,"enemies":"Slime Boss","floor":16.0,"turns":12.0},{"damage":13.0,"enemies":"3 Byrds","floor":18.0,"turns":6.0},{"damage":12.0,"enemies":"2 Thieves","floor":20.0,"turns":5.0},{"damage":24.0,"enemies":"3 Cultists","floor":21.0,"turns":6.0},{"damage":3,"enemies":"Centurion and Healer","floor":22,"turns":11},{"damage":32,"enemies":"Gremlin Leader","floor":23,"turns":3}],"event_choices":[{"event_name":"Big Fish","player_choice":"Donut","floor":3.0,"damage_taken":0.0},{"event_name":"Purifier","player_choice":"One Purge","floor":4.0,"damage_taken":0.0},{"event_name":"Upgrade Shrine","player_choice":"Upgraded","floor":8.0,"damage_taken":0.0}],"boss_relics":[],"potions_floor_spawned":[11,12,16,20,21],"seed_played":"4846899410074051461","killed_by":"Gremlin Leader","ascension_level":0,"is_trial":false}