{"gold_per_floor":[110,128,78,97,112,112,145,145,172,184,184,194,225,245,245,341,341,353,34,53,65,0,0,27,39,39,52,52,151,166,166],"floor_reached":31,"playtime":2914,"items_purged":["Strike_B"],"score":326,"play_id":"6cfb26a1-e0fd-4aa1-b987-3ff42f7e2eef","local_time":"20190410205119","is_ascension_mode":true,"campfire_choices":[{"data":"Zap","floor":6,"key":"SMITH"},{"data":"Streamline","floor":8,"key":"SMITH"},{"data":"Dualcast","floor":15,"key":"SMITH"},{"data":"Leap","floor":23,"key":"SMITH"},{"data":"Gash","floor":28,"key":"SMITH"}],"neow_cost":"NONE","seed_source_timestamp":10355157754100,"circlet_count":0,"master_deck":["Strike_B","Strike_B","Defend_B","Defend_B","Defend_B","Defend_B","Zap+1","Dualcast+1","Capacitor","Streamline+1","Aggregate","Self Repair","Multi-Cast","Sweeping Beam","Hologram","Hello World","Leap+1","Thunder Strike","Doom and Gloom","Zap+1","Glacier","Ball Lightning","Gash+1","Self Repair","Gash+1","Stack+1","Gash+1"],"relics":["Cracked Core","Oddly Smooth Stone","Bag of Preparation","Boot","Ancient Tea Set","Strawberry","Sozu","DollysMirror","PreservedInsect","Molten Egg 2"],"potions_floor_usage":[2,13,16,20],"damage_taken":[{"damage":2,"enemies":"Small Slimes","floor":1,"turns":4},{"damage":0,"enemies":"2 Louse","floor":2,"turns":4},{"damage":1,"enemies":"Jaw Worm","floor":4,"turns":4},{"damage":28,"enemies":"Lots of Slimes","floor":5,"turns":5},{"damage":31,"enemies":"Lagavulin","floor":7,"turns":7},{"damage":9,"enemies":"Red Slaver","floor":10,"turns":3},{"damage":4,"enemies":"2 Fungi Beasts","floor":12,"turns":3},{"damage":23,"enemies":"3 Sentries","floor":13,"turns":6},{"damage":9,"enemies":"3 Louse","floor":14,"turns":4},{"damage":9,"enemies":"Hexaghost","floor":16,"turns":13},{"damage":0,"enemies":"Chosen","floor":18,"turns":4},{"damage":0,"enemies":"Shell Parasite","floor":20,"turns":6},{"damage":22,"enemies":"Sentry and Sphere","floor":21,"turns":7},{"damage":0,"enemies":"Gremlin Leader","floor":24,"turns":8},{"damage":38,"enemies":"Cultist and Chosen","floor":25,"turns":9},{"damage":27,"enemies":"3 Cultists","floor":27,"turns":5},{"damage":15,"enemies":"Centurion and Healer","floor":30,"turns":6},{"damage":39,"enemies":"Book of Stabbing","floor":31,"turns":3}],"seed_played":"-567492434271280064","potions_obtained":[{"floor":1,"key":"Weak Potion"},{"floor":4,"key":"SpeedPotion"},{"floor":12,"key":"Regen Potion"},{"floor":14,"key":"GamblersBrew"}],"is_trial":false,"path_per_floor":["M","M","?","M","M","R","E","R","T","M","?","M","E","M","R","B",null,"M","$","M","M","?","R","E","M","T","M","R","?","M","E"],"character_chosen":"DEFECT","items_purchased":["DollysMirror","Glacier"],"campfire_rested":0,"item_purchase_floors":[19,19],"current_hp_per_floor":[73,73,73,72,44,44,20,20,20,18,18,21,27,25,25,23,82,82,82,82,67,67,67,74,50,50,37,37,37,36,0],"gold":166,"neow_bonus":"RANDOM_COMMON_RELIC","is_prod":false,"is_daily":false,"chose_seed":false,"campfire_upgraded":5,"win_rate":0,"timestamp":1554954679,"path_taken":["M","M","?","M","M","R","E","R","T","M","?","?","E","?","R","BOSS","M","$","M","M","?","R","E","M","T","M","R","?","M","E"],"build_version":"2019-01-23","purchased_purges":1,"victory":false,"max_hp_per_floor":[75,75,75,75,75,75,75,75,75,75,75,75,82,82,82,82,82,82,82,82,82,82,82,82,82,82,82,82,82,82,82],"card_choices":[{"not_picked":["Heatsinks","Barrage"],"picked":"Capacitor","floor":1},{"not_picked":["Coolheaded","Leap"],"picked":"Streamline","floor":2},{"not_picked":["Turbo","Gash"],"picked":"Aggregate","floor":4},{"not_picked":["Cold Snap","Go for the Eyes"],"picked":"Self Repair","floor":5},{"not_picked":["Turbo","White Noise"],"picked":"Multi-Cast","floor":7},{"not_picked":["Cold Snap","Stack"],"picked":"Sweeping Beam","floor":10},{"not_picked":["Steam","Cold Snap"],"picked":"Hologram","floor":12},{"not_picked":["Go for the Eyes","Barrage"],"picked":"Hello World","floor":13},{"not_picked":["Rebound","Multi-Cast"],"picked":"Leap","floor":14},{"not_picked":["Core Surge","Electrodynamics"],"picked":"Thunder Strike","floor":16},{"not_picked":["Turbo+1","Beam Cell"],"picked":"Doom and Gloom","floor":18},{"not_picked":["Hello World","Leap"],"picked":"Ball Lightning","floor":20},{"not_picked":["Go for the Eyes","Streamline"],"picked":"Gash+1","floor":21},{"not_picked":["All For One","Coolheaded"],"picked":"Self Repair","floor":24},{"not_picked":["Rip and Tear","Redo"],"picked":"Gash","floor":25},{"not_picked":["Fusion","Cold Snap+1"],"picked":"Stack+1","floor":27},{"not_picked":["Beam Cell+1","Cold Snap+1"],"picked":"Gash+1","floor":30}],"player_experience":773748,"relics_obtained":[{"floor":7,"key":"Bag of Preparation"},{"floor":9,"key":"Boot"},{"floor":13,"key":"Strawberry"},{"floor":24,"key":"PreservedInsect"},{"floor":26,"key":"Molten Egg 2"}],"event_choices":[{"cards_removed":["Strike_B"],"damage_healed":0,"gold_gain":0,"player_choice":"Card Removal","damage_taken":0,"max_hp_gain":0,"max_hp_loss":0,"event_name":"The Cleric","floor":3,"gold_loss":50},{"damage_healed":0,"gold_gain":0,"player_choice":"Searched \u00271\u0027 times","damage_taken":0,"relics_obtained":["Ancient Tea Set"],"max_hp_gain":0,"max_hp_loss":0,"event_name":"Dead Adventurer","floor":11,"gold_loss":0},{"damage_healed":0,"gold_gain":0,"player_choice":"Paid Fearfully","damage_taken":0,"max_hp_gain":0,"max_hp_loss":0,"event_name":"Masked Bandits","floor":22,"gold_loss":65},{"damage_healed":0,"gold_gain":99,"player_choice":"Stole From Cult","damage_taken":0,"max_hp_gain":0,"max_hp_loss":0,"event_name":"Nest","floor":29,"gold_loss":0}],"is_beta":false,"boss_relics":[{"not_picked":["Tiny House","Snecko Eye"],"picked":"Sozu"}],"items_purged_floors":[19],"is_endless":false,"potions_floor_spawned":[1,4,12,14,20,21,30],"killed_by":"Book of Stabbing","ascension_level":2}