{"gold_per_floor":[116,129,144,156,156,156,156,181,181,199,199,218,238,118,118,193,193,207,217,234,251,0,0,34,34,34,34,45,45,61,61,61,138,138,150,55,1054,398,398],"floor_reached":39,"playtime":3464,"items_purged":["Normality"],"score":735,"play_id":"d301ad23-b051-4c34-b1a7-3397926108ef","local_time":"20190409135149","is_ascension_mode":true,"campfire_choices":[{"floor":6,"key":"REST"},{"data":"Defend_B","floor":11,"key":"SMITH"},{"floor":15,"key":"REST"},{"floor":23,"key":"REST"},{"floor":27,"key":"REST"},{"data":"Redo","floor":29,"key":"SMITH"},{"floor":32,"key":"REST"}],"neow_cost":"NONE","seed_source_timestamp":229611707623515,"circlet_count":0,"master_deck":["AscendersBane","Strike_B+1","Strike_B","Strike_B","Strike_B","Defend_B+1","Defend_B","Defend_B","Defend_B","Zap+1","Dualcast","Rebound","Cold Snap","Conserve Battery","Conserve Battery","Seek","Glacier","Redo+1","Buffer","Fusion","Streamline+1","Doom and Gloom","Aggregate","Chrysalis","FTL","Rainbow","Go for the Eyes","Necronomicurse","Core Surge","Normality","Fission","Fission"],"relics":["Cracked Core","Pear","Symbiotic Virus","Runic Pyramid","Shuriken","Bottled Tornado","Necronomicon","Nuclear Battery","Bag of Preparation","DollysMirror","Boot"],"potions_floor_usage":[8,16,20,20,20,20,24,28,36],"damage_taken":[{"damage":1,"enemies":"Cultist","floor":1,"turns":4},{"damage":9,"enemies":"Small Slimes","floor":2,"turns":3},{"damage":2,"enemies":"Jaw Worm","floor":3,"turns":3},{"damage":18,"enemies":"Exordium Thugs","floor":4,"turns":6},{"damage":20,"enemies":"3 Sentries","floor":8,"turns":8},{"damage":5,"enemies":"Large Slime","floor":10,"turns":5},{"damage":2,"enemies":"2 Fungi Beasts","floor":12,"turns":3},{"damage":6,"enemies":"3 Louse","floor":13,"turns":2},{"damage":32,"enemies":"Slime Boss","floor":16,"turns":13},{"damage":12,"enemies":"Chosen","floor":18,"turns":4},{"damage":3,"enemies":"Shell Parasite","floor":19,"turns":7},{"damage":36,"enemies":"3 Cultists","floor":20,"turns":7},{"damage":7,"enemies":"Centurion and Healer","floor":21,"turns":8},{"damage":22,"enemies":"Book of Stabbing","floor":24,"turns":5},{"damage":15,"enemies":"Shelled Parasite and Fungi","floor":28,"turns":5},{"damage":6,"enemies":"Cultist and Chosen","floor":30,"turns":7},{"damage":12,"enemies":"Automaton","floor":33,"turns":10},{"damage":18,"enemies":"3 Darklings","floor":35,"turns":9}],"seed_played":"998250174447237030","potions_obtained":[{"floor":3,"key":"SpeedPotion"},{"floor":8,"key":"EntropicBrew"},{"floor":10,"key":"Swift Potion"},{"floor":16,"key":"Poison Potion"},{"floor":21,"key":"EssenceOfSteel"},{"floor":24,"key":"SkillPotion"},{"floor":30,"key":"Dexterity Potion"},{"floor":33,"key":"PowerPotion"}],"is_trial":false,"path_per_floor":["M","M","M","M","?","R","?","E","T","M","R","M","M","$","R","B",null,"M","M","M","M","$","R","E","?","T","R","M","R","M","?","R","B",null,"M","$","?","$","M"],"character_chosen":"DEFECT","items_purchased":["Glacier","Redo","Chrysalis","FTL","Fruit Juice","Bag of Preparation","Fission","DollysMirror","Boot"],"campfire_rested":5,"item_purchase_floors":[14,14,22,22,36,38,38,38,38],"current_hp_per_floor":[70,61,59,41,25,48,48,38,38,33,33,31,25,25,51,19,71,59,56,20,13,13,39,17,17,17,43,28,28,22,6,32,20,71,53,58,58,58,0],"gold":398,"neow_bonus":"TEN_PERCENT_HP_BONUS","is_prod":false,"is_daily":false,"chose_seed":false,"campfire_upgraded":2,"win_rate":0,"timestamp":1554835909,"path_taken":["M","?","M","M","?","R","?","E","T","M","R","M","M","$","R","BOSS","M","M","M","M","$","R","E","?","T","R","M","R","M","?","R","BOSS","M","$","?","$","M"],"build_version":"2019-01-23","purchased_purges":1,"victory":false,"max_hp_per_floor":[78,78,78,78,78,78,78,88,88,88,88,88,88,88,88,88,88,88,88,88,88,88,88,88,88,88,88,88,88,88,88,88,88,88,88,93,93,93,93],"card_choices":[{"not_picked":["Turbo","Heatsinks"],"picked":"Rebound","floor":1},{"not_picked":["Rebound","Scrape","Beam Cell"],"picked":"SKIP","floor":2},{"not_picked":["Gash","Hello World","Chill"],"picked":"SKIP","floor":3},{"not_picked":["Compile Driver","Self Repair","Aggregate"],"picked":"SKIP","floor":4},{"not_picked":["Redo","Beam Cell"],"picked":"Cold Snap","floor":8},{"not_picked":["Gash","Leap"],"picked":"Conserve Battery","floor":10},{"not_picked":["Turbo","Barrage"],"picked":"Conserve Battery","floor":12},{"not_picked":["Leap","Go for the Eyes"],"picked":"Seek","floor":13},{"not_picked":["Hyperbeam","Machine Learning"],"picked":"Buffer","floor":16},{"not_picked":["Barrage+1","Steam"],"picked":"Fusion","floor":18},{"not_picked":["Rebound","Go for the Eyes"],"picked":"Streamline+1","floor":19},{"not_picked":["Reprogram","Tempest"],"picked":"Doom and Gloom","floor":20},{"not_picked":["Streamline","Consume"],"picked":"Aggregate","floor":21},{"not_picked":["Turbo","Redo"],"picked":"Rainbow","floor":24},{"not_picked":["Scrape","Melter"],"picked":"Go for the Eyes","floor":28},{"not_picked":["Streamline","Redo","Self Repair"],"picked":"SKIP","floor":30},{"not_picked":["Reboot","Creative AI"],"picked":"Core Surge","floor":33},{"not_picked":["Reinforced Body","Gash","Ball Lightning"],"picked":"SKIP","floor":35}],"player_experience":347866,"relics_obtained":[{"floor":8,"key":"Pear"},{"floor":9,"key":"Symbiotic Virus"},{"floor":24,"key":"Shuriken"},{"floor":26,"key":"Bottled Tornado"},{"floor":31,"key":"Necronomicon"}],"event_choices":[{"damage_healed":0,"gold_gain":0,"player_choice":"Entered Light","damage_taken":16,"max_hp_gain":0,"max_hp_loss":0,"event_name":"Shining Light","floor":5,"gold_loss":0,"cards_upgraded":["Strike_B","Zap"]},{"damage_healed":0,"gold_gain":0,"player_choice":"Fled","damage_taken":0,"max_hp_gain":0,"max_hp_loss":0,"event_name":"Scrap Ooze","floor":7,"gold_loss":0},{"damage_healed":0,"gold_gain":0,"player_choice":"Ignored","damage_taken":0,"max_hp_gain":0,"max_hp_loss":0,"event_name":"Beggar","floor":25,"gold_loss":0},{"damage_healed":0,"gold_gain":0,"player_choice":"Obtained Book","damage_taken":16,"max_hp_gain":0,"max_hp_loss":0,"event_name":"Cursed Tome","floor":31,"gold_loss":0},{"damage_healed":0,"gold_gain":999,"player_choice":"Gold","damage_taken":0,"max_hp_gain":0,"max_hp_loss":0,"event_name":"MindBloom","floor":37,"gold_loss":0,"cards_obtained":["Normality","Normality"]}],"is_beta":false,"boss_relics":[{"not_picked":["Empty Cage","Philosopher\u0027s Stone"],"picked":"Runic Pyramid"},{"not_picked":["Lizard Tail","White Beast Statue"],"picked":"Nuclear Battery"}],"items_purged_floors":[38],"is_endless":false,"potions_floor_spawned":[3,8,10,16,21,24,30,33],"killed_by":"3 Shapes","ascension_level":14}