{"gold_per_floor":[115,115,190,205,224,254,254,289,338,338,338,338,351,367,367,491,491,516,516,38,58],"floor_reached":21,"playtime":910,"items_purged":[],"score":215,"play_id":"372b9c9d-2ba0-4a3c-aa32-b6266de383fc","local_time":"20190221145734","is_ascension_mode":true,"campfire_choices":[{"floor":7,"key":"REST"},{"floor":10,"key":"REST"},{"floor":12,"key":"REST"},{"data":"Noxious Fumes","floor":15,"key":"SMITH"}],"neow_cost":"NONE","seed_source_timestamp":309980375295520,"circlet_count":0,"master_deck":["Defend_G","Defend_G","Defend_G","Defend_G","Defend_G","Strike_G","Strike_G","Strike_G","Strike_G","Strike_G","Survivor","Neutralize","Terror","Dagger Spray","Dagger Spray","Distraction","Blade Dance","Injury","Noxious Fumes+1","Finisher","Phantasmal Killer","Flying Knee","RitualDagger","HandOfGreed","Well Laid Plans"],"relics":["Ring of the Serpent","NeowsBlessing","Ornamental Fan","Blood Vial","Golden Idol","Strawberry"],"potions_floor_usage":[8,18,21,21],"damage_taken":[{"damage":0,"enemies":"2 Louse","floor":1,"turns":1},{"damage":0,"enemies":"Small Slimes","floor":4,"turns":1},{"damage":0,"enemies":"Jaw Worm","floor":5,"turns":1},{"damage":25,"enemies":"3 Sentries","floor":6,"turns":8},{"damage":31,"enemies":"Lagavulin","floor":8,"turns":5},{"damage":7,"enemies":"Looter","floor":13,"turns":4},{"damage":8,"enemies":"Blue Slaver","floor":14,"turns":4},{"damage":46,"enemies":"The Guardian","floor":16,"turns":11},{"damage":25,"enemies":"2 Thieves","floor":18,"turns":4},{"damage":22,"enemies":"Colosseum Slavers","floor":21,"turns":4},{"damage":29,"enemies":"Colosseum Nobs","floor":21,"turns":3}],"seed_played":"-3425320418762317673","potions_obtained":[{"floor":1,"key":"FearPotion"},{"floor":6,"key":"Strength Potion"},{"floor":14,"key":"SkillPotion"}],"is_trial":false,"path_per_floor":["M","?","?","M","M","E","R","E","T","R","?","R","M","M","R","B",null,"M","?","$","?"],"character_chosen":"THE_SILENT","items_purchased":["HandOfGreed","Well Laid Plans","Strawberry","SkillPotion"],"campfire_rested":3,"item_purchase_floors":[20,20,20,20],"current_hp_per_floor":[70,70,59,59,59,34,55,24,24,45,45,66,61,55,55,11,70,45,39,46,0],"gold":58,"neow_bonus":"THREE_ENEMY_KILL","is_prod":false,"is_daily":false,"chose_seed":false,"campfire_upgraded":1,"win_rate":0,"timestamp":1550782654,"path_taken":["M","?","?","M","M","E","R","E","T","R","?","R","?","M","R","BOSS","M","?","$","?"],"build_version":"2019-01-23","purchased_purges":0,"victory":false,"max_hp_per_floor":[70,70,70,70,70,70,70,70,70,70,70,70,70,70,70,70,70,70,70,77,77],"card_choices":[{"not_picked":["Dagger Throw","Prepared"],"picked":"Terror","floor":1},{"not_picked":["Eviscerate","Acrobatics"],"picked":"Dagger Spray","floor":4},{"not_picked":["Prepared","Poisoned Stab"],"picked":"Dagger Spray","floor":5},{"not_picked":["Setup","Acrobatics"],"picked":"Distraction","floor":6},{"not_picked":["Quick Slash","Terror"],"picked":"Blade Dance","floor":8},{"not_picked":["Acrobatics","Choke"],"picked":"Noxious Fumes","floor":13},{"not_picked":["Expertise","Accuracy"],"picked":"Finisher","floor":14},{"not_picked":["Glass Knife","Malaise"],"picked":"Phantasmal Killer","floor":16},{"not_picked":["PiercingWail","Crippling Poison"],"picked":"Flying Knee","floor":18}],"player_experience":504520,"relics_obtained":[{"floor":6,"key":"Ornamental Fan"},{"floor":8,"key":"Blood Vial"}],"event_choices":[{"damage_healed":0,"gold_gain":0,"player_choice":"Ignored","damage_taken":0,"max_hp_gain":0,"max_hp_loss":0,"event_name":"Shining Light","floor":2,"gold_loss":0},{"damage_healed":0,"gold_gain":75,"player_choice":"Gather Gold","damage_taken":11,"max_hp_gain":0,"max_hp_loss":0,"event_name":"World of Goop","floor":3,"gold_loss":0},{"damage_healed":0,"gold_gain":0,"player_choice":"Take Wound","damage_taken":0,"relics_obtained":["Golden Idol"],"max_hp_gain":0,"max_hp_loss":0,"event_name":"Golden Idol","floor":11,"gold_loss":0,"cards_obtained":["Injury"]},{"damage_healed":0,"gold_gain":0,"player_choice":"Joined the Cult","damage_taken":6,"max_hp_gain":0,"max_hp_loss":0,"event_name":"Nest","floor":19,"gold_loss":0,"cards_obtained":["RitualDagger"]},{"damage_healed":0,"gold_gain":0,"player_choice":"Fight","damage_taken":0,"max_hp_gain":0,"max_hp_loss":0,"event_name":"Colosseum","floor":21,"gold_loss":0},{"damage_healed":0,"gold_gain":0,"player_choice":"Fought Nobs","damage_taken":0,"max_hp_gain":0,"max_hp_loss":0,"event_name":"Colosseum","floor":21,"gold_loss":0}],"is_beta":false,"boss_relics":[{"not_picked":["Pandora\u0027s Box","Cursed Key"],"picked":"Ring of the Serpent"}],"items_purged_floors":[],"is_endless":false,"potions_floor_spawned":[1,6,14,21],"killed_by":"Colosseum Nobs","ascension_level":3}