{"gold_per_floor":[115,44,219,58,58,87,105,118,145,145,172,172,200,213,213,312,312,302,302],"floor_reached":19,"playtime":1023,"items_purged":["Doubt"],"score":204,"play_id":"c14bb46e-d7fd-4114-bb91-74af14ffb59f","local_time":"20180712034345","is_ascension_mode":true,"campfire_choices":[{"data":"Noxious Fumes","floor":10.0,"key":"SMITH"},{"data":"Storm of Steel","floor":12.0,"key":"SMITH"},{"floor":15.0,"key":"REST"}],"neow_cost":"","seed_source_timestamp":874054476705692,"circlet_count":0,"master_deck":["Survivor","Neutralize","Caltrops","Malaise","Noxious Fumes+1","Outmaneuver","Cloak And Dagger","Bane","Cloak And Dagger","Storm of Steel+1","Acrobatics","Sucker Punch","Escape Plan","Burst","Quick Slash","Acrobatics","Deflect","Bane","Caltrops","Heel Hook","Deflect","Deadly Poison","Dodge and Roll","Poisoned Stab","Deflect"],"special_seed":0,"relics":["Ring of the Snake","Matryoshka","Dream Catcher","War Paint","Potion Belt","Oddly Smooth Stone","Juzu Bracelet","Pandora\u0027s Box"],"potions_floor_usage":[19],"damage_taken":[{"damage":2.0,"enemies":"Cultist","floor":1.0,"turns":5.0},{"damage":18.0,"enemies":"Lagavulin","floor":6.0,"turns":11.0},{"damage":0.0,"enemies":"Jaw Worm","floor":7.0,"turns":5.0},{"damage":0.0,"enemies":"2 Louse","floor":8.0,"turns":4.0},{"damage":1.0,"enemies":"3 Sentries","floor":11.0,"turns":6.0},{"damage":11.0,"enemies":"Lagavulin","floor":13.0,"turns":5.0},{"damage":5.0,"enemies":"Exordium Thugs","floor":14.0,"turns":6.0},{"damage":18.0,"enemies":"Slime Boss","floor":16.0,"turns":9.0},{"damage":12.0,"enemies":"2 Thieves","floor":18.0,"turns":4.0},{"damage":63,"floor":19,"turns":3}],"seed_played":"2488354350708806354","potions_obtained":[{"floor":1.0,"key":"Weak Potion"},{"floor":7.0,"key":"LiquidBronze"},{"floor":14.0,"key":"Poison Potion"},{"floor":16.0,"key":"Weak Potion"},{"floor":18.0,"key":"PowerPotion"}],"is_trial":false,"path_per_floor":["M","$","?","$","T","E","M","M","T","R","E","R","E","M","R","B",null,"M"],"character_chosen":"THE_SILENT","items_purchased":["Malaise","Noxious Fumes","Outmaneuver"],"campfire_rested":1,"item_purchase_floors":[2,4,4],"current_hp_per_floor":[68,68,68,68,68,50,50,50,50,50,49,49,38,33,54,36,70,58,0],"gold":302,"neow_bonus":"","is_prod":false,"is_daily":false,"chose_seed":false,"campfire_upgraded":2,"win_rate":0,"timestamp":1531388625,"path_taken":["M","?","?","$","?","E","M","M","T","R","E","R","E","M","R","BOSS","M","?"],"build_version":"2018-07-05","purchased_purges":1,"victory":false,"max_hp_per_floor":[70,70,70,70,70,70,70,70,70,70,70,70,70,70,70,70,70,70,70],"card_choices":[{"not_picked":["Deflect","Deadly Poison"],"picked":"Caltrops","floor":1.0},{"not_picked":["Flechettes","Dagger Spray"],"picked":"Cloak And Dagger","floor":6.0},{"not_picked":["Bouncing Flask","Dagger Spray"],"picked":"Bane","floor":7.0},{"not_picked":["Predator","Endless Agony"],"picked":"Cloak And Dagger","floor":8.0},{"not_picked":["Underhanded Strike","Cloak And Dagger"],"picked":"Storm of Steel","floor":11.0},{"not_picked":["Bouncing Flask","Prepared"],"picked":"Acrobatics","floor":13.0},{"not_picked":["Poisoned Stab","Terror"],"picked":"Sucker Punch","floor":14.0},{"not_picked":["Quick Slash","Sucker Punch"],"picked":"Escape Plan","floor":15.0},{"not_picked":["Doppelganger","Glass Knife"],"picked":"Burst","floor":16.0},{"not_picked":["Bane+1","Crippling Poison"],"picked":"Deflect","floor":18.0}],"player_experience":99676,"relics_obtained":[{"floor":5.0,"key":"Matryoshka"},{"floor":6.0,"key":"Dream Catcher"},{"floor":9.0,"key":"War Paint"},{"floor":9.0,"key":"Potion Belt"},{"floor":11.0,"key":"Oddly Smooth Stone"},{"floor":13.0,"key":"Juzu Bracelet"}],"event_choices":[{"event_name":"Liars Game","player_choice":"agreed","floor":3.0,"damage_taken":0.0},{"event_name":"Masked Bandits","player_choice":"Fought over 302 gold","floor":19,"damage_taken":0}],"boss_relics":[{"not_picked":["Philosopher\u0027s Stone","Black Star"],"picked":"Pandora\u0027s Box"}],"items_purged_floors":[4],"is_endless":false,"potions_floor_spawned":[1,7,14,16,18],"ascension_level":2}