{"gold_per_floor":[14,33,53,53,53,53,68,81,81,81,101,112,112,144,144,248,248,265,282,282,132,146,179,179,179],"floor_reached":25,"playtime":1946,"items_purged":["Strike_B"],"score":259,"play_id":"f075e010-112f-437c-8343-21785cb461f7","local_time":"20190325091815","is_ascension_mode":true,"campfire_choices":[{"data":"Zap","floor":6.0,"key":"SMITH"},{"data":"Glacier","floor":13.0,"key":"SMITH"},{"floor":15.0,"key":"REST"},{"floor":24.0,"key":"REST"}],"neow_cost":"NO_GOLD","seed_source_timestamp":0,"circlet_count":0,"master_deck":["Strike_B+1","Strike_B","Defend_B+1","Defend_B","Zap+1","Dualcast","Conserve Battery","Glacier+1","Echo Form","Coolheaded+1","Cold Snap","Echo Form","Aggregate"],"special_seed":0,"relics":["Cracked Core","Potion Belt","Dream Catcher","Bottled Lightning","Eternal Feather","Mummified Hand","The Courier"],"potions_floor_usage":[],"damage_taken":[{"damage":1.0,"enemies":"Cultist","floor":1.0,"turns":3.0},{"damage":0.0,"enemies":"2 Louse","floor":2.0,"turns":2.0},{"damage":2.0,"enemies":"Small Slimes","floor":3.0,"turns":3.0},{"damage":5.0,"enemies":"2 Fungi Beasts","floor":7.0,"turns":3.0},{"damage":2.0,"enemies":"3 Louse","floor":8.0,"turns":3.0},{"damage":0.0,"enemies":"Blue Slaver","floor":11.0,"turns":2.0},{"damage":14.0,"enemies":"Gremlin Gang","floor":12.0,"turns":5.0},{"damage":23.0,"enemies":"Gremlin Nob","floor":14.0,"turns":5.0},{"damage":18.0,"enemies":"Hexaghost","floor":16.0,"turns":16.0},{"damage":1.0,"enemies":"Chosen","floor":18.0,"turns":7.0},{"damage":7.0,"enemies":"Shell Parasite","floor":19.0,"turns":11.0},{"damage":22.0,"enemies":"Cultist and Chosen","floor":22.0,"turns":10.0},{"damage":26.0,"enemies":"Gremlin Leader","floor":23.0,"turns":9.0},{"damage":48,"enemies":"Book of Stabbing","floor":25,"turns":8}],"seed_played":"5863640975247235611","potions_obtained":[{"floor":2.0,"key":"Strength Potion"},{"floor":7.0,"key":"SkillPotion"},{"floor":11.0,"key":"SteroidPotion"},{"floor":12.0,"key":"Poison Potion"},{"floor":16.0,"key":"EssenceOfSteel"},{"floor":22.0,"key":"AttackPotion"},{"floor":23.0,"key":"SpeedPotion"}],"is_trial":false,"path_per_floor":["M","M","M","?","?","R","M","M","T","?","M","M","R","E","R","B",null,"M","M","?","$","M","E","R","E"],"character_chosen":"DEFECT","items_purchased":["Echo Form"],"campfire_rested":2,"item_purchase_floors":[21],"current_hp_per_floor":[74,74,72,72,72,72,67,65,65,50,50,36,36,13,35,17,75,74,67,67,67,45,19,47,0],"gold":179,"neow_bonus":"REMOVE_TWO","is_prod":false,"is_daily":false,"chose_seed":false,"campfire_upgraded":2,"win_rate":0,"timestamp":1553523495,"path_taken":["M","?","M","?","?","R","M","?","T","?","M","M","R","E","R","BOSS","M","M","?","$","M","E","R","E"],"build_version":"2019-01-23","purchased_purges":1,"victory":false,"max_hp_per_floor":[75,75,75,75,75,75,75,75,75,75,75,75,75,75,75,75,75,75,75,75,75,75,75,75,75],"card_choices":[{"not_picked":["Gash","Consume"],"picked":"Conserve Battery","floor":1.0},{"not_picked":["Loop","Stack","Recycle"],"picked":"SKIP","floor":2.0},{"not_picked":["Steam","Redo","Chaos"],"picked":"SKIP","floor":3.0},{"not_picked":["Streamline","Beam Cell","Loop"],"picked":"SKIP","floor":7.0},{"not_picked":["Capacitor","Turbo","Fusion"],"picked":"SKIP","floor":8.0},{"not_picked":["White Noise","Cold Snap"],"picked":"Glacier","floor":11.0},{"not_picked":["Redo","Self Repair","Steam Power"],"picked":"SKIP","floor":12.0},{"not_picked":["Meteor Strike","Steam","Amplify"],"picked":"SKIP","floor":14.0},{"not_picked":["Buffer","Amplify"],"picked":"Echo Form","floor":16.0},{"not_picked":["Conserve Battery","Fusion"],"picked":"Coolheaded+1","floor":18.0},{"not_picked":["Gash","Coolheaded"],"picked":"Cold Snap","floor":19.0},{"not_picked":["Compile Driver","Melter","Steam Power"],"picked":"SKIP","floor":22.0},{"not_picked":["Streamline","Barrage"],"picked":"Aggregate","floor":23.0}],"player_experience":73874,"relics_obtained":[{"floor":9.0,"key":"Dream Catcher"},{"floor":14.0,"key":"Bottled Lightning"},{"floor":23.0,"key":"The Courier"}],"event_choices":[{"cards_removed":["Defend_B"],"damage_healed":0.0,"max_hp_gain":0.0,"max_hp_loss":0.0,"gold_gain":0.0,"event_name":"Living Wall","player_choice":"Forget","floor":4.0,"gold_loss":0.0,"damage_taken":0.0},{"damage_healed":0.0,"max_hp_gain":0.0,"max_hp_loss":0.0,"gold_gain":0.0,"event_name":"WeMeetAgain","player_choice":"Gave Potion","floor":5.0,"gold_loss":0.0,"damage_taken":0.0,"relics_obtained":["Potion Belt"]},{"damage_healed":0.0,"max_hp_gain":0.0,"max_hp_loss":0.0,"gold_gain":0.0,"event_name":"Shining Light","player_choice":"Entered Light","floor":10.0,"gold_loss":0.0,"damage_taken":15.0,"cards_upgraded":["Strike_B","Defend_B"]},{"damage_healed":0.0,"max_hp_gain":0.0,"max_hp_loss":0.0,"gold_gain":0.0,"event_name":"The Mausoleum","player_choice":"Opened","floor":20.0,"gold_loss":0.0,"damage_taken":0.0,"relics_obtained":["Mummified Hand"]}],"is_beta":false,"boss_relics":[{"not_picked":["White Beast Statue","FrozenCore"],"picked":"Eternal Feather"}],"items_purged_floors":[21],"is_endless":false,"potions_floor_spawned":[2,7,11,12,16,22,23],"killed_by":"Book of Stabbing","ascension_level":3}