{"gold_per_floor":[115,132,132,144,156,156,166,43,43,76,88,103,103,103,103,208,208,227,240,165,264,283,283,296,296,375,0,17,17,17,32,32,131,131,145,47,61,11,11,11,26,41,41,52,65,81,96,96,96,96],"floor_reached":50,"playtime":7129,"items_purged":["Strike_B"],"score":477,"play_id":"778db1f1-96b3-4d3a-a0e3-5ea234e9f2be","local_time":"20190315212104","is_ascension_mode":false,"campfire_choices":[{"data":"Static Discharge","floor":6.0,"key":"SMITH"},{"data":"Beam Cell","floor":13.0,"key":"SMITH"},{"data":"Ball Lightning","floor":15.0,"key":"SMITH"},{"data":"Gash","floor":23.0,"key":"SMITH"},{"data":"Streamline","floor":25.0,"key":"SMITH"},{"floor":29.0,"key":"REST"},{"data":"Defend_B","floor":32.0,"key":"SMITH"},{"data":"Hyperbeam","floor":40.0,"key":"SMITH"},{"floor":49,"key":"REST"}],"neow_cost":"NONE","seed_source_timestamp":89691191472579,"circlet_count":0,"master_deck":["Strike_B+1","Strike_B+1","Defend_B+1","Defend_B","Defend_B","Defend_B","Gash","Streamline+1","Gash+1","Gash","Beam Cell+1","Gash","Echo Form","Streamline","Gash+1","Gash","Stack+1","Gash","Hyperbeam+1","Streamline+1","Gash+1","Rebound","Gash+1","Leap+1"],"special_seed":0,"relics":["Cracked Core","Pen Nib","Meat on the Bone","Mummified Hand","Velvet Choker","Frozen Egg 2","Empty Cage","Ornamental Fan"],"potions_floor_usage":[47,50],"damage_taken":[{"damage":1.0,"enemies":"Jaw Worm","floor":1.0,"turns":3.0},{"damage":2.0,"enemies":"2 Louse","floor":2.0,"turns":3.0},{"damage":0.0,"enemies":"Small Slimes","floor":4.0,"turns":2.0},{"damage":3.0,"enemies":"Red Slaver","floor":5.0,"turns":3.0},{"damage":0.0,"enemies":"Large Slime","floor":7.0,"turns":5.0},{"damage":31.0,"enemies":"Lagavulin","floor":10.0,"turns":4.0},{"damage":1.0,"enemies":"Exordium Wildlife","floor":11.0,"turns":4.0},{"damage":18.0,"enemies":"Lots of Slimes","floor":12.0,"turns":4.0},{"damage":11.0,"enemies":"Slime Boss","floor":16.0,"turns":7.0},{"damage":5.0,"enemies":"Chosen","floor":18.0,"turns":3.0},{"damage":0.0,"enemies":"Spheric Guardian","floor":19.0,"turns":2.0},{"damage":22.0,"enemies":"3 Cultists","floor":22.0,"turns":3.0},{"damage":10.0,"enemies":"Chosen and Byrds","floor":24.0,"turns":3.0},{"damage":28.0,"enemies":"Shelled Parasite and Fungi","floor":28.0,"turns":3.0},{"damage":10.0,"enemies":"Cultist and Chosen","floor":31.0,"turns":4.0},{"damage":32.0,"enemies":"Collector","floor":33.0,"turns":5.0},{"damage":10.0,"enemies":"Orb Walker","floor":35.0,"turns":2.0},{"damage":14.0,"enemies":"3 Shapes","floor":37.0,"turns":4.0},{"damage":17.0,"enemies":"Spire Growth","floor":41.0,"turns":4.0},{"damage":18.0,"enemies":"3 Darklings","floor":42.0,"turns":5.0},{"damage":9.0,"enemies":"Transient","floor":44.0,"turns":5.0},{"damage":14.0,"enemies":"Maw","floor":45.0,"turns":6.0},{"damage":4.0,"enemies":"4 Shapes","floor":46.0,"turns":4.0},{"damage":38,"enemies":"Writhing Mass","floor":47,"turns":5},{"damage":50,"enemies":"Time Eater","floor":50,"turns":6}],"seed_played":"-4378800323845128152","potions_obtained":[{"floor":2.0,"key":"SteroidPotion"},{"floor":4.0,"key":"Dexterity Potion"},{"floor":5.0,"key":"SteroidPotion"},{"floor":18.0,"key":"Fire Potion"},{"floor":22.0,"key":"SteroidPotion"},{"floor":24.0,"key":"Strength Potion"},{"floor":31.0,"key":"FocusPotion"},{"floor":37.0,"key":"Ancient Potion"},{"floor":41.0,"key":"Ancient Potion"},{"floor":42.0,"key":"SpeedPotion"}],"is_trial":false,"path_per_floor":["M","M","?","M","M","R","M","$","T","E","M","M","R","?","R","B",null,"M","M","?","?","M","R","M","R","T","?","M","R","?","M","R","B",null,"M","$","M","$","?","R","M","M","T","M","M","M","M","?","R","B"],"character_chosen":"DEFECT","items_purchased":["Gash","Block Potion","PowerPotion","AttackPotion"],"campfire_rested":2,"item_purchase_floors":[8,36,36,38],"current_hp_per_floor":[74,72,57,57,54,54,54,54,54,35,46,40,40,40,40,41,75,70,70,70,70,48,48,38,38,38,38,22,44,44,46,46,26,75,65,65,51,51,51,51,46,40,40,43,41,49,23,23,45,0],"gold":96,"neow_bonus":"RANDOM_COMMON_RELIC","is_prod":false,"is_daily":false,"chose_seed":false,"campfire_upgraded":7,"win_rate":0,"timestamp":1552710064,"path_taken":["M","M","?","M","M","R","M","$","T","E","M","M","R","?","R","BOSS","M","M","?","?","M","R","M","R","T","?","M","R","?","M","R","BOSS","M","$","M","$","?","R","M","M","T","?","M","M","M","?","R","BOSS"],"build_version":"2019-01-23","purchased_purges":1,"victory":false,"max_hp_per_floor":[75,75,75,75,75,75,75,75,75,75,75,75,75,75,75,75,75,75,75,75,75,75,75,75,75,75,75,75,75,75,75,75,75,75,75,75,75,75,75,75,75,75,75,75,75,75,75,75,75,75],"card_choices":[{"not_picked":["Defragment","Aggregate"],"picked":"Gash","floor":1.0},{"not_picked":["Leap","Stack"],"picked":"Streamline","floor":2.0},{"not_picked":["Sweeping Beam","Steam","Recycle"],"picked":"SKIP","floor":4.0},{"not_picked":["Chaos","Cold Snap"],"picked":"Static Discharge","floor":5.0},{"not_picked":["Defragment","Machine Learning"],"picked":"Gash","floor":7.0},{"not_picked":["Sunder","Steam Power"],"picked":"Beam Cell","floor":10.0},{"not_picked":["Loop","Stack"],"picked":"Gash","floor":11.0},{"not_picked":["Redo","Coolheaded"],"picked":"Ball Lightning","floor":12.0},{"not_picked":["Core Surge","Thunder Strike"],"picked":"Echo Form","floor":16.0},{"not_picked":["Steam","Recycle"],"picked":"Streamline","floor":18.0},{"not_picked":["Hologram","Leap+1"],"picked":"Gash+1","floor":19.0},{"not_picked":["Coolheaded","Turbo"],"picked":"Gash","floor":22.0},{"not_picked":["Steam+1","Melter+1"],"picked":"Stack+1","floor":24.0},{"not_picked":["Skim","Lockon+1","FTL"],"picked":"SKIP","floor":28.0},{"not_picked":["Tempest","Defragment+1"],"picked":"Gash","floor":31.0},{"not_picked":["All For One","Machine Learning+1"],"picked":"Hyperbeam","floor":33.0},{"not_picked":["Go for the Eyes+1","Turbo+1"],"picked":"Streamline+1","floor":35.0},{"not_picked":["Turbo","Compile Driver+1"],"picked":"Gash+1","floor":37.0},{"not_picked":["Glacier","Barrage+1"],"picked":"Gash+1","floor":41.0},{"not_picked":["Tempest","Streamline+1"],"picked":"Leap+1","floor":42.0},{"not_picked":["Barrage","Electrodynamics+1","Beam Cell"],"picked":"SKIP","floor":44.0},{"not_picked":["Ball Lightning+1","Gash","Hologram+1"],"picked":"SKIP","floor":45.0},{"not_picked":["Leap","Beam Cell","Coolheaded+1"],"picked":"SKIP","floor":46.0},{"not_picked":["Doom and Gloom+1","Go for the Eyes+1","Tempest+1"],"picked":"SKIP","floor":47}],"player_experience":180774,"relics_obtained":[{"floor":9.0,"key":"Meat on the Bone"},{"floor":10.0,"key":"Mummified Hand"},{"floor":26.0,"key":"Frozen Egg 2"},{"floor":43.0,"key":"Ornamental Fan"}],"event_choices":[{"damage_healed":0.0,"max_hp_gain":0.0,"max_hp_loss":0.0,"gold_gain":0.0,"event_name":"Shining Light","player_choice":"Entered Light","floor":3.0,"gold_loss":0.0,"damage_taken":15.0,"cards_upgraded":["Strike_B","Strike_B"]},{"damage_healed":0.0,"max_hp_gain":0.0,"max_hp_loss":0.0,"gold_gain":0.0,"event_name":"Liars Game","player_choice":"Ignored","floor":14.0,"gold_loss":0.0,"damage_taken":0.0},{"cards_removed":["Zap"],"damage_healed":0.0,"max_hp_gain":0.0,"max_hp_loss":0.0,"gold_gain":0.0,"event_name":"Beggar","player_choice":"Gave Gold","floor":20.0,"gold_loss":75.0,"damage_taken":0.0},{"damage_healed":0.0,"max_hp_gain":0.0,"max_hp_loss":0.0,"gold_gain":99.0,"event_name":"Nest","player_choice":"Stole From Cult","floor":21.0,"gold_loss":0.0,"damage_taken":0.0},{"damage_healed":0.0,"max_hp_gain":0.0,"max_hp_loss":0.0,"gold_gain":0.0,"event_name":"Masked Bandits","player_choice":"Paid Fearfully","floor":27.0,"gold_loss":375.0,"damage_taken":0.0},{"damage_healed":0.0,"max_hp_gain":0.0,"max_hp_loss":0.0,"gold_gain":0.0,"event_name":"Ghosts","player_choice":"Ignored","floor":30.0,"gold_loss":0.0,"damage_taken":0.0},{"damage_healed":0.0,"max_hp_gain":0.0,"max_hp_loss":0.0,"gold_gain":0.0,"cards_transformed":["Strike_B"],"event_name":"Transmorgrifier","player_choice":"Transformed","floor":39.0,"gold_loss":0.0,"damage_taken":0.0,"cards_obtained":["Rebound"]},{"cards_removed":["Static Discharge"],"damage_healed":0,"gold_gain":0,"player_choice":"Removed Power","damage_taken":0,"max_hp_gain":0,"max_hp_loss":0,"event_name":"Falling","floor":48,"gold_loss":0}],"is_beta":false,"boss_relics":[{"not_picked":["White Beast Statue","Runic Dome"],"picked":"Velvet Choker"},{"not_picked":["Eternal Feather","Tiny House"],"picked":"Empty Cage"}],"items_purged_floors":[8],"is_endless":false,"potions_floor_spawned":[2,4,5,18,22,24,31,37,41,42],"killed_by":"Time Eater","ascension_level":0}