{"path_per_floor":["M","M","M","?","?","E","R","E","T","R","M","?","E","$","R","B",null,"M","M","$","?","?","R","?","R","T","?","M","E","M","E","R","B",null,"M","$","?","M","M","E","R","M","T","E","M"],"character_chosen":"THE_SILENT","items_purchased":["Noxious Fumes","Snake Skull","Regen Potion","Deadly Poison"],"gold_per_floor":[114,131,141,141,241,274,274,309,309,309,327,327,362,9,9,105,105,116,132,32,32,32,32,32,32,32,32,50,80,93,125,125,230,230,243,70,70,90,105,166,166,185,208,240,256,256],"floor_reached":46,"campfire_rested":3,"playtime":1866,"current_hp_per_floor":[70,63,63,68,68,27,49,28,28,50,52,52,52,52,52,43,75,58,42,42,42,42,42,67,67,67,67,68,58,59,44,66,37,75,74,74,65,63,63,64,64,66,66,32,17,0],"items_purged":["Strike_G","Strike_G","Strike_G"],"gold":256,"score":590,"play_id":"9b172665-9fe3-4326-a16c-fcc83b7188b9","local_time":"20180422042115","is_prod":false,"is_daily":false,"chose_seed":false,"is_ascension_mode":true,"campfire_upgraded":4,"timestamp":1524363675,"path_taken":["M","M","?","?","?","E","R","E","T","R","M","?","E","$","R","BOSS","M","M","$","?","?","R","?","R","T","?","?","E","?","E","R","BOSS","M","$","?","?","M","E","R","M","T","E","M","E"],"build_version":"2018-04-19","seed_source_timestamp":2050521406978631,"purchased_purges":3,"victory":false,"master_deck":["Defend_G+1","Defend_G+1","Defend_G","Defend_G","Defend_G","Strike_G","Strike_G","Survivor","Neutralize","Sucker Punch","Blur","Dash+1","Dash+1","Cloak And Dagger","Cloak And Dagger","Noxious Fumes","Sucker Punch","Poisoned Stab+1","Neutralize","Crippling Poison+1","After Image","Terror","After Image","Crippling Poison+1","Deadly Poison","Madness+1","Madness","Deadly Poison","Sucker Punch+1","Catalyst","Injury","Crippling Poison+1","Dodge and Roll+1"],"max_hp_per_floor":[70,70,70,75,75,75,75,75,75,75,75,75,75,75,75,75,75,75,75,75,75,75,75,75,75,75,75,75,75,75,75,75,75,75,75,75,75,75,75,75,75,75,75,75,75,75],"relics":["Ring of the Snake","Blood Vial","Mercury Hourglass","Ancient Tea Set","Question Card","Snake Skull","Lizard Tail","Dodecahedron","War Paint","Torii","Cursed Key","Tiny Chest","Lantern","Toxic Egg 2"],"card_choices":[{"not_picked":["Prepared","Backflip"],"picked":"Sucker Punch","floor":1},{"not_picked":["Predator","Acrobatics"],"picked":"Blur","floor":2},{"not_picked":["PiercingWail","Dagger Throw"],"picked":"Dash","floor":3},{"not_picked":["Infinite Blades","Dodge and Roll"],"picked":"Dash","floor":6},{"not_picked":["Dagger Spray","Bane"],"picked":"Cloak And Dagger","floor":11},{"not_picked":["Dodge and Roll","Underhanded Strike"],"picked":"Cloak And Dagger","floor":13},{"not_picked":["PiercingWail","Outmaneuver","Deflect"],"picked":"Sucker Punch","floor":18},{"not_picked":["Predator","Outmaneuver","Bane"],"picked":"Poisoned Stab","floor":19},{"not_picked":["Dodge and Roll","Noxious Fumes","Terror"],"picked":"Crippling Poison","floor":28},{"not_picked":["Underhanded Strike","Poisoned Stab","Dagger Spray"],"picked":"After Image","floor":30},{"not_picked":["Caltrops","Sucker Punch","Deflect"],"picked":"Terror","floor":31},{"not_picked":["Corpse Explosion","Burst","Envenom"],"picked":"After Image","floor":33},{"not_picked":["Dodge and Roll","Cloak And Dagger","Sucker Punch"],"picked":"Crippling Poison","floor":35},{"not_picked":["Dodge and Roll","Deflect","Riddle With Holes"],"picked":"Deadly Poison","floor":38},{"not_picked":["Venomology","Flying Knee","Tools of the Trade"],"picked":"Sucker Punch","floor":40},{"not_picked":["Deflect","Slice","Quick Slash"],"picked":"Catalyst","floor":42},{"not_picked":["Bouncing Flask","Flying Knee","Bane"],"picked":"Crippling Poison","floor":44},{"not_picked":["Deflect","Deadly Poison","Underhanded Strike"],"picked":"Dodge and Roll","floor":45}],"player_experience":109340,"potions_floor_usage":[1,6,8,8,13,16,18,29,33,33,39,45,46],"damage_taken":[{"damage":0,"enemies":"Cultist","floor":1,"turns":4},{"damage":7,"enemies":"Small Slimes","floor":2,"turns":3},{"damage":0,"enemies":"2 Louse","floor":3,"turns":3},{"damage":41,"enemies":"Gremlin Nob","floor":6,"turns":6},{"damage":23,"enemies":"Lagavulin","floor":8,"turns":10},{"damage":0,"enemies":"2 Fungi Beasts","floor":11,"turns":2},{"damage":2,"enemies":"Gremlin Nob","floor":13,"turns":4},{"damage":26,"enemies":"The Guardian","floor":16,"turns":11},{"damage":17,"enemies":"Spheric Guardian","floor":18,"turns":7},{"damage":18,"enemies":"Chosen","floor":19,"turns":7},{"damage":1,"enemies":"Centurion and Healer","floor":28,"turns":9},{"damage":12,"enemies":"Slavers","floor":29,"turns":4},{"damage":1,"enemies":"Chosen and Byrds","floor":30,"turns":5},{"damage":17,"enemies":"Book of Stabbing","floor":31,"turns":8},{"damage":79,"enemies":"Collector","floor":33,"turns":12},{"damage":1,"enemies":"Orb Walker","floor":35,"turns":3},{"damage":4,"enemies":"3 Shapes","floor":38,"turns":3},{"damage":2,"enemies":"Sphere and 2 Shapes","floor":39,"turns":5},{"damage":1,"enemies":"Nemesis","floor":40,"turns":9},{"damage":0,"enemies":"Maw","floor":42,"turns":7},{"damage":36,"enemies":"Giant Head","floor":44,"turns":10},{"damage":17,"enemies":"3 Darklings","floor":45,"turns":5},{"damage":25,"enemies":"2 Orb Walkers","floor":46,"turns":3}],"event_choices":[{"event_name":"Big Fish","player_choice":"Donut","floor":4,"damage_taken":0},{"event_name":"Golden Shrine","player_choice":"Pray","floor":5,"damage_taken":0},{"event_name":"Wheel of Change","player_choice":"Curse","floor":12,"damage_taken":0},{"event_name":"Fountain of Cleansing","player_choice":"Removed Curse","floor":21,"damage_taken":0},{"event_name":"Beggar","player_choice":"Ignored","floor":22,"damage_taken":0},{"event_name":"The Library","player_choice":"Heal","floor":24,"damage_taken":0},{"event_name":"Match and Keep!","player_choice":"1 cards matched","floor":27,"damage_taken":0},{"event_name":"Winding Halls","player_choice":"Embrace Madness","floor":37,"damage_taken":0}],"boss_relics":[{"not_picked":["Velvet Choker","Philosopher\u0027s Stone"],"picked":"Lizard Tail"},{"not_picked":["Black Star","Snecko Eye"],"picked":"Cursed Key"}],"potions_floor_spawned":[2,6,13,18,19,29,33,35,44],"seed_played":"7061873583502546086","killed_by":"2 Orb Walkers","ascension_level":2,"is_trial":false}