{"gold_per_floor":[111,124,49,62,74,74,84,84,114,114,114,149,149,172,172,261,261,284,307,307,330,351,351,351,122,122,145,169,183,183,202,202,300,300,321,321,166,185,185,185,310,346,394,394,409,450,450,475,475,475],"floor_reached":51,"playtime":2521,"items_purged":["Strike_B","Strike_B"],"score":1409,"play_id":"15d702b1-f205-438a-9006-7370399401a3","local_time":"20190407171745","is_ascension_mode":true,"campfire_choices":[{"data":"Static Discharge","floor":6.0,"key":"SMITH"},{"data":"White Noise","floor":8.0,"key":"SMITH"},{"floor":13.0,"key":"REST"},{"floor":15.0,"key":"REST"},{"data":"Seek","floor":23.0,"key":"SMITH"},{"data":"Storm","floor":30.0,"key":"SMITH"},{"data":"Storm","floor":32.0,"key":"SMITH"},{"floor":40.0,"key":"RECALL"},{"floor":44.0,"key":"DIG"},{"floor":49.0,"key":"REST"}],"neow_cost":"NONE","seed_source_timestamp":237084984515204,"circlet_count":0,"master_deck":["AscendersBane","Defend_B","Defend_B","Defend_B","Defend_B","Zap+1","Dualcast","Machine Learning","Genetic Algorithm","Static Discharge+1","Hello World","Storm+1","White Noise+1","Hello World","Self Repair","Seek+1","Thunder Strike","Glacier","Coolheaded","Coolheaded","Cold Snap","Storm+1","Self Repair+1","Self Repair","Fusion+1","Electrodynamics","Force Field","Leap","Thunder Strike","Seek","Rebound","Amplify+1","Hello World","Fusion+1","Streamline","Heatsinks+1"],"special_seed":0,"relics":["Cracked Core","Tiny Chest","Golden Idol","Oddly Smooth Stone","Orrery","Boot","Omamori","Fusion Hammer","Shovel","Toxic Egg 2","Strawberry","Bag of Preparation","Darkstone Periapt"],"potions_floor_usage":[],"damage_taken":[{"damage":3.0,"enemies":"2 Louse","floor":1.0,"turns":2.0},{"damage":1.0,"enemies":"Cultist","floor":2.0,"turns":3.0},{"damage":4.0,"enemies":"Small Slimes","floor":4.0,"turns":4.0},{"damage":6.0,"enemies":"Blue Slaver","floor":5.0,"turns":3.0},{"damage":7.0,"enemies":"Looter","floor":7.0,"turns":4.0},{"damage":23.0,"enemies":"3 Sentries","floor":12.0,"turns":5.0},{"damage":20.0,"enemies":"Exordium Wildlife","floor":14.0,"turns":4.0},{"damage":14.0,"enemies":"The Guardian","floor":16.0,"turns":13.0},{"damage":15.0,"enemies":"Spheric Guardian","floor":18.0,"turns":4.0},{"damage":10.0,"enemies":"3 Byrds","floor":21.0,"turns":2.0},{"damage":23.0,"enemies":"Snake Plant","floor":22.0,"turns":3.0},{"damage":20.0,"enemies":"Centurion and Healer","floor":27.0,"turns":3.0},{"damage":5.0,"enemies":"Snecko","floor":28.0,"turns":4.0},{"damage":9.0,"enemies":"Sentry and Sphere","floor":29.0,"turns":4.0},{"damage":13.0,"enemies":"3 Cultists","floor":31.0,"turns":4.0},{"damage":20.0,"enemies":"Collector","floor":33.0,"turns":6.0},{"damage":14.0,"enemies":"Orb Walker","floor":35.0,"turns":4.0},{"damage":0.0,"enemies":"3 Shapes","floor":38.0,"turns":2.0},{"damage":36.0,"enemies":"Mind Bloom Boss Battle","floor":41.0,"turns":4.0},{"damage":0.0,"enemies":"Reptomancer","floor":42.0,"turns":3.0},{"damage":35.0,"enemies":"3 Darklings","floor":45.0,"turns":3.0},{"damage":2.0,"enemies":"Nemesis","floor":46.0,"turns":5.0},{"damage":0.0,"enemies":"Jaw Worm Horde","floor":48.0,"turns":2.0},{"damage":62,"enemies":"Time Eater","floor":50,"turns":5}],"seed_played":"4142081652277576602","potions_obtained":[{"floor":1.0,"key":"SkillPotion"},{"floor":4.0,"key":"Swift Potion"},{"floor":11.0,"key":"EntropicBrew"},{"floor":11.0,"key":"SkillPotion"},{"floor":14.0,"key":"GamblersBrew"},{"floor":16.0,"key":"Strength Potion"},{"floor":18.0,"key":"SpeedPotion"},{"floor":22.0,"key":"EssenceOfSteel"},{"floor":27.0,"key":"FocusPotion"},{"floor":28.0,"key":"Energy Potion"},{"floor":31.0,"key":"SkillPotion"},{"floor":38.0,"key":"LiquidBronze"},{"floor":45.0,"key":"Energy Potion"}],"is_trial":false,"path_per_floor":["M","M","$","M","M","R","M","R","T","?","?","E","R","M","R","B",null,"M","T","?","M","M","R","?","$","T","M","M","M","R","M","R","B",null,"M","?","$","M","?","R","?","E","T","R","M","E","?","M","R","B",null],"character_chosen":"DEFECT","items_purchased":["Hello World","Electrodynamics","AttackPotion"],"campfire_rested":3,"item_purchase_floors":[3,25,37],"current_hp_per_floor":[61,60,60,56,50,50,43,43,43,43,43,20,39,26,45,38,58,50,50,50,50,51,51,51,51,51,38,47,62,62,63,63,60,63,64,61,61,61,61,61,35,52,59,59,38,68,68,68,68,23],"gold":475,"neow_bonus":"ONE_RANDOM_RARE_CARD","is_prod":false,"is_daily":false,"chose_seed":false,"campfire_upgraded":5,"win_rate":0,"timestamp":1554675465,"path_taken":["M","M","$","M","M","R","M","R","T","?","?","E","R","M","R","BOSS","M","?","?","M","?","R","?","?","T","M","M","M","R","M","R","BOSS","M","?","$","M","?","R","?","E","T","R","?","E","?","M","R","BOSS"],"build_version":"2019-01-23","purchased_purges":2,"victory":true,"max_hp_per_floor":[71,71,71,71,71,71,71,71,71,64,64,64,64,64,64,64,64,64,64,64,64,64,64,64,64,64,64,64,64,64,64,64,64,64,64,61,61,61,61,61,61,61,68,68,68,68,68,68,68,68],"card_choices":[{"not_picked":["FTL","Conserve Battery"],"picked":"Genetic Algorithm","floor":1.0},{"not_picked":["Undo","Ball Lightning"],"picked":"Static Discharge","floor":2.0},{"not_picked":["Static Discharge","Fusion"],"picked":"Storm","floor":4.0},{"not_picked":["Gash","Consume"],"picked":"White Noise","floor":5.0},{"not_picked":["Sweeping Beam","Rip and Tear"],"picked":"Hello World","floor":7.0},{"not_picked":["Leap","Beam Cell"],"picked":"Self Repair","floor":12.0},{"not_picked":["Consume","Conserve Battery"],"picked":"Seek","floor":14.0},{"not_picked":["Amplify","Multi-Cast"],"picked":"Thunder Strike","floor":16.0},{"not_picked":["Cold Snap","Darkness"],"picked":"Glacier","floor":17.0},{"not_picked":["Turbo","Fusion"],"picked":"Coolheaded","floor":17.0},{"not_picked":["Lockon","Rebound"],"picked":"Coolheaded","floor":17.0},{"not_picked":["Consume","Conserve Battery"],"picked":"Cold Snap","floor":17.0},{"not_picked":["Redo","Rebound"],"picked":"Storm","floor":17.0},{"not_picked":["Blizzard","Barrage"],"picked":"Self Repair+1","floor":18.0},{"not_picked":["Beam Cell","Streamline"],"picked":"Self Repair","floor":21.0},{"not_picked":["Hologram","Conserve Battery"],"picked":"Fusion+1","floor":22.0},{"not_picked":["Rebound","Loop"],"picked":"Force Field","floor":27.0},{"not_picked":["Sweeping Beam","Auto Shields"],"picked":"Leap","floor":28.0},{"not_picked":["Turbo+1","Leap","Barrage"],"picked":"SKIP","floor":29.0},{"not_picked":["Barrage","Ball Lightning"],"picked":"Thunder Strike","floor":31.0},{"not_picked":["Reboot","Rainbow"],"picked":"Seek","floor":33.0},{"not_picked":["Conserve Battery","BootSequence","White Noise"],"picked":"SKIP","floor":35.0},{"not_picked":["Conserve Battery+1","Streamline+1","Redo"],"picked":"SKIP","floor":38.0},{"not_picked":["Blizzard","Coolheaded"],"picked":"Rebound","floor":41.0},{"not_picked":["Beam Cell","Cold Snap"],"picked":"Amplify","floor":42.0},{"not_picked":["Steam+1","Go for the Eyes"],"picked":"Hello World","floor":45.0},{"not_picked":["Steam+1","Ball Lightning"],"picked":"Fusion+1","floor":46.0},{"not_picked":["Blizzard+1","Steam+1"],"picked":"Heatsinks+1","floor":48.0}],"player_experience":891852,"relics_obtained":[{"floor":9.0,"key":"Tiny Chest"},{"floor":12.0,"key":"Oddly Smooth Stone"},{"floor":19.0,"key":"Boot"},{"floor":26.0,"key":"Omamori"},{"floor":41.0,"key":"Shovel"},{"floor":42.0,"key":"Toxic Egg 2"},{"floor":43.0,"key":"Strawberry"},{"floor":44.0,"key":"Bag of Preparation"},{"floor":46.0,"key":"Darkstone Periapt"}],"event_choices":[{"damage_healed":0.0,"max_hp_gain":0.0,"max_hp_loss":7.0,"gold_gain":0.0,"event_name":"Golden Idol","player_choice":"Lose Max HP","floor":10.0,"gold_loss":0.0,"damage_taken":0.0,"relics_obtained":["Golden Idol"]},{"damage_healed":0.0,"max_hp_gain":0.0,"max_hp_loss":0.0,"gold_gain":0.0,"event_name":"Lab","player_choice":"Got Potions","floor":11.0,"gold_loss":0.0,"damage_taken":0.0},{"cards_removed":["Strike_B"],"damage_healed":0.0,"max_hp_gain":0.0,"max_hp_loss":0.0,"gold_gain":0.0,"event_name":"Purifier","player_choice":"Purged","floor":20.0,"gold_loss":0.0,"damage_taken":0.0},{"damage_healed":0.0,"max_hp_gain":0.0,"max_hp_loss":0.0,"gold_gain":0.0,"event_name":"Accursed Blacksmith","player_choice":"Forge","floor":24.0,"gold_loss":0.0,"damage_taken":0.0,"cards_upgraded":["Zap"]},{"damage_healed":0.0,"max_hp_gain":0.0,"max_hp_loss":3.0,"gold_gain":0.0,"event_name":"Winding Halls","player_choice":"Max HP","floor":36.0,"gold_loss":0.0,"damage_taken":0.0},{"damage_healed":0.0,"max_hp_gain":0.0,"max_hp_loss":0.0,"gold_gain":0.0,"event_name":"SensoryStone","player_choice":"Memory 1","floor":39.0,"gold_loss":0.0,"damage_taken":0.0},{"damage_healed":0.0,"max_hp_gain":0.0,"max_hp_loss":0.0,"gold_gain":0.0,"event_name":"MindBloom","player_choice":"Fight","floor":41.0,"gold_loss":0.0,"damage_taken":0.0},{"damage_healed":0.0,"max_hp_gain":0.0,"max_hp_loss":0.0,"gold_gain":0.0,"cards_transformed":["Strike_B"],"event_name":"Transmorgrifier","player_choice":"Transformed","floor":47.0,"gold_loss":0.0,"damage_taken":0.0,"cards_obtained":["Streamline"]}],"is_beta":false,"boss_relics":[{"not_picked":["Cursed Key","Runic Pyramid"],"picked":"Orrery"},{"not_picked":["Snecko Eye","Pandora\u0027s Box"],"picked":"Fusion Hammer"}],"items_purged_floors":[25,37],"is_endless":false,"potions_floor_spawned":[1,4,14,16,18,22,27,28,31,38,41,45],"ascension_level":19}