{"gold_per_floor":[111,111,111,111,111,144,159,159,159,33,33,66,85,102,102,204,204,224,243,243,3,18,45,45,45,45,45,56,86,86,99,99,194,194,207,207,277,237,305,305,338,338,338,366,378,439,489,30,30,30],"floor_reached":51,"playtime":2741,"items_purged":["Strike_G"],"score":908,"play_id":"98fe7403-1a38-4f56-b221-cf3845c0f186","local_time":"20181122054430","is_ascension_mode":true,"campfire_choices":[{"floor":8,"key":"REST"},{"data":"Accuracy","floor":11,"key":"SMITH"},{"data":"Sucker Punch","floor":15,"key":"SMITH"},{"data":"Neutralize","floor":24,"key":"SMITH"},{"floor":32,"key":"REST"},{"data":"Footwork","floor":40,"key":"SMITH"},{"floor":42,"key":"REST"},{"floor":49,"key":"REST"}],"neow_cost":"NONE","seed_source_timestamp":162548259500947,"circlet_count":0,"master_deck":["Defend_G+1","Defend_G","Defend_G","Defend_G+1","Strike_G","Strike_G","Strike_G","Survivor","Neutralize+1","Tools of the Trade","Infinite Blades","Poisoned Stab","Sucker Punch+1","Accuracy+1","Bandage Up+1","Malaise+1","Blade Dance+1","After Image+1","Calculated Gamble+1","Expertise+1","Blade Dance+1","Adrenaline+1","Prepared+1","Deadly Poison+1","RitualDagger","Dash+1","Prepared+1","Storm of Steel+1","Leg Sweep+1","Footwork+1","Prepared+1","PiercingWail+1","Tactician+1","Blur+1","Escape Plan+1","Cloak And Dagger+1","Noxious Fumes"],"relics":["Ring of the Snake","Blood Vial","Ninja Scroll","Toxic Egg 2","FossilizedHelix","Calling Bell","Dream Catcher","Mummified Hand","StoneCalendar","Paper Crane","Gremlin Horn","The Specimen","War Paint","Empty Cage","SsserpentHead","Question Card","Strawberry","Boot","Calipers"],"potions_floor_usage":[6,13,19,22,29,31,33,35,41,50],"damage_taken":[{"damage":2,"enemies":"2 Louse","floor":1,"turns":3},{"damage":38,"enemies":"Lagavulin","floor":6,"turns":10},{"damage":1,"enemies":"Jaw Worm","floor":7,"turns":2},{"damage":21,"enemies":"Gremlin Nob","floor":12,"turns":4},{"damage":0,"enemies":"Small Slimes","floor":13,"turns":2},{"damage":0,"enemies":"2 Fungi Beasts","floor":14,"turns":3},{"damage":14,"enemies":"Slime Boss","floor":16,"turns":9},{"damage":10,"enemies":"Shell Parasite","floor":18,"turns":5},{"damage":12,"enemies":"2 Thieves","floor":19,"turns":4},{"damage":17,"enemies":"Centurion and Healer","floor":22,"turns":7},{"damage":6,"enemies":"Book of Stabbing","floor":23,"turns":5},{"damage":0,"enemies":"Chosen and Byrds","floor":28,"turns":6},{"damage":16,"enemies":"Slavers","floor":29,"turns":5},{"damage":11,"enemies":"Sentry and Sphere","floor":31,"turns":5},{"damage":53,"enemies":"Automaton","floor":33,"turns":10},{"damage":22,"enemies":"3 Shapes","floor":35,"turns":7},{"damage":0,"enemies":"Orb Walker","floor":37,"turns":4},{"damage":18,"enemies":"Transient","floor":39,"turns":5},{"damage":12,"enemies":"Reptomancer","floor":41,"turns":7},{"damage":44,"enemies":"Giant Head","floor":44,"turns":10},{"damage":0,"enemies":"Sphere and 2 Shapes","floor":45,"turns":3},{"damage":13,"enemies":"Writhing Mass","floor":46,"turns":6},{"damage":67,"enemies":"Time Eater","floor":50,"turns":12}],"seed_played":"-8308053222657639778","potions_obtained":[{"floor":1,"key":"Regen Potion"},{"floor":13,"key":"Fruit Juice"},{"floor":16,"key":"Poison Potion"},{"floor":19,"key":"AttackPotion"},{"floor":23,"key":"Energy Potion"},{"floor":28,"key":"GamblersBrew"},{"floor":29,"key":"SkillPotion"},{"floor":35,"key":"Fruit Juice"},{"floor":39,"key":"PowerPotion"},{"floor":45,"key":"LiquidBronze"}],"is_trial":false,"path_per_floor":["M","?","?","?","?","E","M","R","T","$","R","E","M","M","R","B",null,"M","M","?","$","M","E","R","$","T","?","M","E","?","M","R","B",null,"M","?","M","?","M","R","E","R","T","E","M","M","?","$","R","B",null],"character_chosen":"THE_SILENT","items_purchased":["Accuracy","Bandage Up+1","Paper Crane","Noxious Fumes","Calipers"],"campfire_rested":4,"item_purchase_floors":[10,10,21,48,48],"current_hp_per_floor":[68,68,68,56,56,35,36,57,57,57,57,44,51,59,59,53,75,65,61,61,61,52,54,54,54,54,54,62,54,48,45,67,22,75,58,58,60,60,50,50,46,70,77,41,43,38,38,38,64,5],"gold":30,"neow_bonus":"TRANSFORM_CARD","is_prod":false,"is_daily":false,"chose_seed":false,"campfire_upgraded":4,"win_rate":0,"timestamp":1542861870,"path_taken":["M","?","?","?","?","E","M","R","T","?","R","E","M","M","R","BOSS","M","M","?","$","M","E","R","?","T","?","?","E","?","M","R","BOSS","M","?","?","?","?","R","E","R","T","E","M","?","?","$","R","BOSS"],"build_version":"2018-11-15","purchased_purges":1,"victory":true,"max_hp_per_floor":[70,70,70,70,70,70,70,70,70,70,70,70,75,75,75,75,75,75,75,75,75,75,75,75,75,75,75,75,75,75,75,75,75,75,80,80,80,80,80,80,80,80,87,87,87,87,87,87,87,87],"card_choices":[{"not_picked":["Sucker Punch","Dagger Throw"],"picked":"Infinite Blades","floor":1},{"not_picked":["Choke","Masterful Stab"],"picked":"Poisoned Stab","floor":6},{"not_picked":["Dagger Throw","Bouncing Flask"],"picked":"Sucker Punch","floor":7},{"not_picked":["Prepared+1","Poisoned Stab"],"picked":"Malaise+1","floor":12},{"not_picked":["Bouncing Flask+1","Slice"],"picked":"Blade Dance+1","floor":13},{"not_picked":["Dagger Spray","Expertise+1","Skewer"],"picked":"SKIP","floor":14},{"not_picked":["Tools of the Trade","Phantasmal Killer+1"],"picked":"After Image","floor":16},{"not_picked":["Dagger Spray","Flying Knee"],"picked":"Calculated Gamble+1","floor":18},{"not_picked":["Bane","Catalyst+1"],"picked":"Expertise+1","floor":19},{"not_picked":["Flechettes","Choke","Flying Knee"],"picked":"SKIP","floor":22},{"not_picked":["Underhanded Strike","Prepared+1"],"picked":"Adrenaline+1","floor":23},{"not_picked":["Slice","Acrobatics+1"],"picked":"Prepared+1","floor":28},{"not_picked":["Masterful Stab","Eviscerate"],"picked":"Deadly Poison+1","floor":29},{"not_picked":["Setup+1","Dodge and Roll+1"],"picked":"Dash","floor":31},{"not_picked":["Dodge and Roll+1","Backstab+1"],"picked":"Prepared+1","floor":32},{"not_picked":["Wraith Form v2","Tools of the Trade"],"picked":"Storm of Steel+1","floor":33},{"not_picked":["Bane+1","Underhanded Strike"],"picked":"Leg Sweep+1","floor":35},{"not_picked":["Outmaneuver+1","Concentrate+1"],"picked":"Footwork","floor":37},{"not_picked":["Calculated Gamble+1","Bane+1"],"picked":"Prepared+1","floor":39},{"not_picked":["Eviscerate","All Out Attack+1"],"picked":"PiercingWail+1","floor":41},{"not_picked":["Deflect+1","Glass Knife","Acrobatics+1"],"picked":"Tactician+1","floor":42},{"not_picked":["Bane","Finisher","Dagger Throw"],"picked":"Blur+1","floor":44},{"not_picked":["Finisher","Flechettes+1","Quick Slash"],"picked":"Escape Plan+1","floor":45},{"not_picked":["Catalyst+1","Blade Dance+1","Sucker Punch"],"picked":"Cloak And Dagger+1","floor":46}],"player_experience":158925,"relics_obtained":[{"floor":6,"key":"Ninja Scroll"},{"floor":9,"key":"Toxic Egg 2"},{"floor":12,"key":"FossilizedHelix"},{"floor":17,"key":"Dream Catcher"},{"floor":17,"key":"Mummified Hand"},{"floor":17,"key":"StoneCalendar"},{"floor":23,"key":"Gremlin Horn"},{"floor":26,"key":"The Specimen"},{"floor":29,"key":"War Paint"},{"floor":41,"key":"Question Card"},{"floor":43,"key":"Strawberry"},{"floor":44,"key":"Boot"}],"event_choices":[{"damage_healed":0,"gold_gain":0,"player_choice":"Ignored","damage_taken":0,"max_hp_gain":0,"max_hp_loss":0,"event_name":"Liars Game","floor":2,"gold_loss":0},{"damage_healed":0,"gold_gain":0,"player_choice":"Ignored","damage_taken":0,"max_hp_gain":0,"max_hp_loss":0,"event_name":"Golden Idol","floor":3,"gold_loss":0},{"damage_healed":0,"gold_gain":0,"player_choice":"Success","damage_taken":12,"relics_obtained":["Blood Vial"],"max_hp_gain":0,"max_hp_loss":0,"event_name":"Scrap Ooze","floor":4,"gold_loss":0},{"cards_removed":["Defend_G"],"damage_healed":0,"gold_gain":0,"player_choice":"Forget","damage_taken":0,"max_hp_gain":0,"max_hp_loss":0,"event_name":"Living Wall","floor":5,"gold_loss":0},{"damage_healed":0,"gold_gain":0,"player_choice":"Copied","damage_taken":0,"max_hp_gain":0,"max_hp_loss":0,"event_name":"Duplicator","floor":20,"gold_loss":0,"cards_obtained":["Blade Dance"]},{"damage_healed":0,"gold_gain":0,"player_choice":"Joined the Cult","damage_taken":6,"max_hp_gain":0,"max_hp_loss":0,"event_name":"Nest","floor":30,"gold_loss":0,"cards_obtained":["RitualDagger"]},{"damage_healed":0,"gold_gain":0,"player_choice":"Trade","damage_taken":0,"relics_obtained":["SsserpentHead"],"max_hp_gain":0,"max_hp_loss":0,"event_name":"FaceTrader","floor":36,"gold_loss":0},{"cards_removed":["Clumsy"],"damage_healed":0,"gold_gain":0,"player_choice":"Upgrade and Remove","damage_taken":0,"max_hp_gain":0,"max_hp_loss":0,"event_name":"Designer","floor":38,"gold_loss":90,"cards_upgraded":["After Image"]},{"damage_healed":0,"gold_gain":0,"player_choice":"Forge","damage_taken":0,"max_hp_gain":0,"max_hp_loss":0,"event_name":"Accursed Blacksmith","floor":47,"gold_loss":0,"cards_upgraded":["Dash"]}],"is_beta":false,"boss_relics":[{"not_picked":["Astrolabe","Ectoplasm"],"picked":"Calling Bell"},{"not_picked":["Snecko Eye","Orrery"],"picked":"Empty Cage"}],"items_purged_floors":[48],"is_endless":false,"potions_floor_spawned":[1,13,16,19,23,28,29,35,39,45],"ascension_level":3}