{"gold_per_floor":[110,110,110,120,7,7,41,41,65,90,108,124,134,164,164,265,265,278,203,253,253,269,298,298,298,352,352,370,382,382,392,392,493,493,510,510,254,254,254,282,282,307,387,387,422,422,58,85,85,85],"floor_reached":51,"playtime":2724,"items_purged":["Strike_B","Defend_B","Defend_B"],"score":942,"play_id":"5d71365f-5a6c-4c2a-b50f-66860eae1986","local_time":"20180706161146","is_ascension_mode":true,"campfire_choices":[{"data":"Dualcast","floor":6,"key":"SMITH"},{"data":"Zap","floor":8,"key":"SMITH"},{"data":"Defragment","floor":15,"key":"SMITH"},{"data":"Capacitor","floor":25,"key":"SMITH"},{"data":"Loop","floor":27,"key":"SMITH"},{"data":"Consume","floor":30,"key":"SMITH"},{"data":"Chaos","floor":32,"key":"SMITH"},{"data":"Capacitor","floor":41,"key":"SMITH"},{"data":"Capacitor","floor":44,"key":"SMITH"},{"data":"Defend_B","floor":49,"key":"PURGE"}],"neow_cost":"","seed_source_timestamp":499847676304098,"circlet_count":0,"master_deck":["Defend_B","Zap+1","Dualcast+1","Glacier","Doom and Gloom","Defragment+1","Chaos+1","Conserve Battery","Go for the Eyes","FTL","Coolheaded","Rainbow","Machine Learning","Capacitor+1","Consume+1","Coolheaded+1","Loop+1","Self Repair","Stack+1","Electrodynamics","Capacitor+1","Capacitor+1","Darkness","Static Discharge+1","Buffer+1","Self Repair+1","Defragment+1","Turbo","Hologram+1","Chill","FTL"],"relics":["Cracked Core","Pear","Dream Catcher","Happy Flower","Pen Nib","Vajra","Runic Pyramid","Girya","Omamori","Black Star","Frozen Egg 2","Mummified Hand","The Courier","Meat on the Bone","Shuriken","Peace Pipe","Calipers","Juzu Bracelet","War Paint"],"potions_floor_usage":[16,22,28,31,45,50,50,50],"damage_taken":[{"damage":7,"enemies":"Jaw Worm","floor":1,"turns":4},{"damage":0,"enemies":"2 Louse","floor":4,"turns":4},{"damage":7,"enemies":"3 Sentries","floor":7,"turns":6},{"damage":0,"enemies":"Lagavulin","floor":10,"turns":6},{"damage":0,"enemies":"Cultist","floor":11,"turns":4},{"damage":7,"enemies":"Exordium Wildlife","floor":12,"turns":4},{"damage":0,"enemies":"2 Fungi Beasts","floor":13,"turns":3},{"damage":1,"enemies":"3 Sentries","floor":14,"turns":6},{"damage":7,"enemies":"Slime Boss","floor":16,"turns":8},{"damage":2,"enemies":"Spheric Guardian","floor":18,"turns":4},{"damage":0,"enemies":"3 Byrds","floor":22,"turns":5},{"damage":17,"enemies":"Book of Stabbing","floor":23,"turns":8},{"damage":3,"enemies":"Snecko","floor":28,"turns":5},{"damage":0,"enemies":"3 Cultists","floor":29,"turns":5},{"damage":15,"enemies":"Snake Plant","floor":31,"turns":5},{"damage":4,"enemies":"Automaton","floor":33,"turns":10},{"damage":5,"enemies":"Flame Bruiser 1 Orb","floor":35,"turns":5},{"damage":11,"enemies":"Giant Head","floor":40,"turns":10},{"damage":39,"enemies":"Nemesis","floor":42,"turns":9},{"damage":36,"enemies":"2 Orb Walkers","floor":45,"turns":5},{"damage":13,"enemies":"Giant Head","floor":48,"turns":9},{"damage":13,"enemies":"Awakened One","floor":50,"turns":9}],"seed_played":"-3135737959197094710","potions_obtained":[{"floor":1,"key":"SteroidPotion"},{"floor":12,"key":"Ancient Potion"},{"floor":13,"key":"Swift Potion"},{"floor":14,"key":"Explosive Potion"},{"floor":16,"key":"Block Potion"},{"floor":22,"key":"Regen Potion"},{"floor":28,"key":"SkillPotion"},{"floor":45,"key":"EssenceOfSteel"}],"is_trial":false,"path_per_floor":["M","?","?","M","$","R","E","R","T","E","M","M","M","E","R","B",null,"M","?","?","?","M","E","?","R","T","R","M","M","R","M","R","B",null,"M","?","$","?","?","E","R","E","T","R","E","?","$","E","R","B"],"character_chosen":"DEFECT","items_purchased":["Chaos","Capacitor","Darkness","Defragment+1","Turbo","Hologram","Chill","EssenceOfSteel","Dexterity Potion"],"campfire_rested":0,"item_purchase_floors":[5,37,37,47,47,47,47,47,47],"current_hp_per_floor":[68,60,60,60,60,60,53,53,53,53,53,46,46,45,45,38,85,83,83,83,83,83,66,66,66,66,66,63,63,63,55,55,58,85,80,80,80,80,80,76,76,44,44,44,39,74,74,74,74,74],"gold":85,"neow_bonus":"","is_prod":false,"is_daily":false,"chose_seed":false,"campfire_upgraded":9,"win_rate":0,"timestamp":1530918706,"path_taken":["M","?","?","M","?","R","E","R","T","E","M","?","M","E","R","BOSS","M","?","?","?","M","E","?","R","T","R","M","M","R","M","R","BOSS","M","?","$","?","?","E","R","E","T","R","E","?","$","E","R","BOSS"],"build_version":"2018-07-05","purchased_purges":3,"victory":true,"max_hp_per_floor":[75,85,85,85,85,85,85,85,85,85,85,85,85,85,85,85,85,85,85,85,85,85,85,85,85,85,85,85,85,85,85,85,85,85,85,85,85,85,85,85,85,85,85,85,85,74,74,74,74,74],"card_choices":[{"not_picked":["Steam Power","Force Field"],"picked":"Glacier","floor":1},{"not_picked":["Gash","Beam Cell"],"picked":"Defragment","floor":4},{"not_picked":["Compile Driver","Chaos"],"picked":"Conserve Battery","floor":7},{"not_picked":["Rebound","Reprogram"],"picked":"Go for the Eyes","floor":10},{"not_picked":["Cold Snap","Skim"],"picked":"FTL","floor":11},{"not_picked":["Rebound","Static Discharge"],"picked":"Cold Snap","floor":12},{"not_picked":["Beam Cell","Hologram"],"picked":"Coolheaded","floor":13},{"not_picked":["Meteor Strike","Conserve Battery"],"picked":"Rainbow","floor":14},{"not_picked":["All For One","Thunder Strike"],"picked":"Machine Learning","floor":16},{"not_picked":["Coolheaded","Turbo+1"],"picked":"Capacitor","floor":18},{"not_picked":["Ball Lightning","Rip and Tear"],"picked":"Coolheaded+1","floor":22},{"not_picked":["Reprogram+1","Ball Lightning+1"],"picked":"Loop","floor":23},{"not_picked":["Steam","Rip and Tear"],"picked":"Self Repair","floor":28},{"not_picked":["Rebound","Streamline+1","Chaos"],"picked":"SKIP","floor":29},{"not_picked":["Leap","Gash+1"],"picked":"Stack","floor":31},{"not_picked":["Machine Learning","Rainbow"],"picked":"Electrodynamics","floor":33},{"not_picked":["Streamline","Gash"],"picked":"Capacitor","floor":35},{"not_picked":["Go for the Eyes","Ball Lightning+1"],"picked":"Static Discharge","floor":40},{"not_picked":["Rebound+1","Cold Snap"],"picked":"Buffer+1","floor":42},{"not_picked":["Stack+1","Skim+1"],"picked":"Self Repair+1","floor":45},{"not_picked":["Cold Snap+1","Consume"],"picked":"FTL","floor":48}],"player_experience":253497,"relics_obtained":[{"floor":7,"key":"Dream Catcher"},{"floor":9,"key":"Happy Flower"},{"floor":10,"key":"Pen Nib"},{"floor":14,"key":"Vajra"},{"floor":23,"key":"Girya"},{"floor":26,"key":"Omamori"},{"floor":40,"key":"Frozen Egg 2"},{"floor":40,"key":"Mummified Hand"},{"floor":42,"key":"The Courier"},{"floor":42,"key":"Meat on the Bone"},{"floor":43,"key":"Shuriken"},{"floor":45,"key":"Peace Pipe"},{"floor":45,"key":"Calipers"},{"floor":48,"key":"Juzu Bracelet"},{"floor":48,"key":"War Paint"}],"event_choices":[{"event_name":"Scrap Ooze","player_choice":"success","floor":2,"damage_taken":18},{"event_name":"Transmorgrifier","player_choice":"Transform","floor":3,"damage_taken":0},{"event_name":"Beggar","player_choice":"Gave Gold","floor":19,"damage_taken":0},{"event_name":"The Joust","player_choice":"Bet on Murderer","floor":20,"damage_taken":0},{"event_name":"The Library","player_choice":"Read","floor":21,"damage_taken":0},{"event_name":"Back to Basics","player_choice":"Elegance","floor":24,"damage_taken":0},{"event_name":"Falling","player_choice":"Removed Attack","floor":36,"damage_taken":0},{"event_name":"The Woman in Blue","player_choice":"Bought 0 Potions","floor":38,"damage_taken":0},{"event_name":"Tomb of Lord Red Mask","player_choice":"Ignored","floor":39,"damage_taken":0},{"event_name":"The Moai Head","player_choice":"Heal","floor":46,"damage_taken":0}],"boss_relics":[{"not_picked":["Fusion Hammer","Lizard Tail"],"picked":"Runic Pyramid"},{"not_picked":["Velvet Choker","White Beast Statue"],"picked":"Black Star"}],"items_purged_floors":[5,37,47],"is_endless":false,"potions_floor_spawned":[1,12,13,14,16,22,28,29,45,48],"ascension_level":3}