{"path_per_floor":["M","?","?","M","$","E","R","M","T","E","M","R","?","E","R","B",null,"M","$","M","?","M","R"],"character_chosen":"THE_SILENT","items_purchased":["Madness","Outmaneuver","Quick Slash","Well Laid Plans"],"gold_per_floor":[109,109,109,125,37,66,66,81,81,114,133,133,133,176,176,301,301,322,110,131,131,146,146],"floor_reached":24,"campfire_rested":0,"playtime":1898,"current_hp_per_floor":[69,69,69,62,62,37,37,36,36,22,30,30,30,30,30,41,65,42,42,30,30,35,35],"items_purged":["Strike_G"],"gold":146,"play_id":"2dea19ae-f07b-4fbf-b436-5462abc26582","is_prod":false,"is_daily":false,"is_ascension_mode":false,"campfire_upgraded":0,"path_taken":["M","?","?","?","?","E","R","M","T","E","M","R","?","E","R","BOSS","M","$","M","?","M","R","E"],"build_version":"2018-02-01-PROD3","purchased_purges":3,"victory":false,"master_deck":["Defend_G","Defend_G","Defend_G","Defend_G","Defend_G+1","Strike_G","Strike_G","Strike_G","Strike_G","Survivor","Neutralize","Flying Knee","Deflect","Outmaneuver+1","Choke","Flechettes","Terror+1","Dagger Spray","Madness","Bullet Time","Backflip","Heel Hook","Acrobatics","Distraction","Burst","Outmaneuver","Outmaneuver","Quick Slash","Well Laid Plans","Outmaneuver","Sucker Punch+1"],"max_hp_per_floor":[70,70,70,70,70,70,70,70,70,70,70,70,65,65,65,65,65,65,65,65,65,65,65],"relics":["Orrery","Shovel","Meat on the Bone","Ginger","Oddly Smooth Stone","Happy Flower","Golden Idol","Vajra","War Paint","Sozu","Orichalcum"],"card_choices":[{"not_picked":["Acrobatics","Poisoned Stab"],"picked":"Flying Knee"},{"not_picked":["Bouncing Flask","Prepared"],"picked":"Deflect"},{"not_picked":["PiercingWail","Deflect"],"picked":"Outmaneuver"},{"not_picked":["Acrobatics","Bouncing Flask"],"picked":"Choke"},{"not_picked":["Quick Slash","Sucker Punch"],"picked":"Flechettes"},{"not_picked":["Bane","PiercingWail"],"picked":"Terror"},{"not_picked":["Poisoned Stab","Caltrops"],"picked":"Dagger Spray"},{"not_picked":["Poisoned Stab","Caltrops"],"picked":"Bullet Time"},{"not_picked":["Dagger Throw","Backstab"],"picked":"Backflip"},{"not_picked":["Slice","Skewer"],"picked":"Heel Hook"},{"not_picked":["PiercingWail","Deflect"],"picked":"Acrobatics"},{"not_picked":["Leg Sweep","Dodge and Roll"],"picked":"Distraction"},{"not_picked":["Unload","Corpse Explosion"],"picked":"Burst"},{"not_picked":["Quick Slash","Choke"],"picked":"Outmaneuver"},{"not_picked":["Dash","Poisoned Stab"],"picked":"Outmaneuver"},{"not_picked":["Deflect","Prepared"],"picked":"Sucker Punch"}],"player_experience":15711,"potions_floor_usage":[16,16],"damage_taken":[{"damage":1,"enemies":"Small Slimes","floor":1,"turns":3},{"damage":7,"enemies":"Blue Slaver","floor":4,"turns":4},{"damage":25,"enemies":"Lagavulin","floor":6,"turns":8},{"damage":1,"enemies":"Cultist","floor":8,"turns":4},{"damage":26,"enemies":"Gremlin Nob","floor":10,"turns":4},{"damage":4,"enemies":"2 Fungi Beasts","floor":11,"turns":4},{"damage":12,"enemies":"Lagavulin","floor":14,"turns":7},{"damage":1,"enemies":"Hexaghost","floor":16,"turns":6},{"damage":35,"enemies":"Chosen","floor":18,"turns":7},{"damage":24,"enemies":"2 Thieves","floor":20,"turns":5},{"damage":7,"enemies":"Snake Plant","floor":22,"turns":4},{"damage":41,"enemies":"Gremlin Leader","floor":24,"turns":6}],"event_choices":[{"event_name":"The Woman in Blue","player_choice":"Bought 0 Potions","floor":2,"damage_taken":0},{"event_name":"Living Wall","player_choice":"Grow","floor":3,"damage_taken":0},{"event_name":"Golden Idol","player_choice":"Lose Max HP","floor":13,"damage_taken":0},{"event_name":"Vampires","player_choice":"Ignored","floor":21,"damage_taken":0}],"boss_relics":[{"not_picked":["Tiny House","Eternal Feather"],"picked":"Sozu"}],"potions_floor_spawned":[10,11,14,16,18,22],"seed_played":"5897791805161442830","killed_by":"Gremlin Leader","ascension_level":0,"is_trial":false}