{"gold_per_floor":[112,128,53,53,65,100,119,130,180,130,130,143,143,143,143,247,247,267,367,322],"floor_reached":20,"playtime":1865,"items_purged":[],"score":174,"play_id":"aa64a12a-8319-45e0-a916-4c7925a443ed","local_time":"20190407014611","is_ascension_mode":false,"campfire_choices":[{"data":"Bane","floor":11,"key":"SMITH"},{"floor":15,"key":"REST"}],"neow_cost":"NONE","seed_source_timestamp":6625571843085662,"circlet_count":0,"master_deck":["Defend_G","Defend_G","Strike_G","Strike_G","Strike_G","Strike_G","Strike_G","Survivor","Neutralize","Cloak And Dagger","Catalyst","Deflect","PiercingWail","Bane+1","Blade Dance","Bouncing Flask","Burst","Bane+1","Crippling Poison"],"relics":["Empty Cage","Snake Skull","Strawberry","Black Star","Thread and Needle","Bottled Lightning"],"potions_floor_usage":[6,19,19,19],"damage_taken":[{"damage":1,"enemies":"Cultist","floor":1,"turns":4},{"damage":5,"enemies":"Jaw Worm","floor":2,"turns":5},{"damage":0,"enemies":"2 Louse","floor":5,"turns":3},{"damage":40,"enemies":"Gremlin Nob","floor":6,"turns":7},{"damage":4,"enemies":"2 Fungi Beasts","floor":7,"turns":6},{"damage":20,"enemies":"Large Slime","floor":8,"turns":10},{"damage":6,"enemies":"Looter","floor":12,"turns":3},{"damage":14,"enemies":"Hexaghost","floor":16,"turns":8},{"damage":10,"enemies":"Spheric Guardian","floor":18,"turns":5},{"damage":39,"enemies":"Colosseum Slavers","floor":19,"turns":5},{"damage":26,"enemies":"Colosseum Nobs","floor":19,"turns":7},{"damage":3,"enemies":"2 Thieves","floor":20,"turns":2}],"seed_played":"-8033428734145001935","potions_obtained":[{"floor":2,"key":"PowerPotion"},{"floor":5,"key":"SpeedPotion"},{"floor":8,"key":"SteroidPotion"},{"floor":16,"key":"SpeedPotion"}],"is_trial":false,"path_per_floor":["M","M","$","?","M","E","M","M","T","?","R","M","?","?","R","B",null,"M","?","M"],"character_chosen":"THE_SILENT","items_purchased":["Infinite Blades"],"campfire_rested":1,"item_purchase_floors":[3],"current_hp_per_floor":[69,64,64,70,70,30,26,6,13,13,13,7,4,4,27,13,77,67,2,0],"gold":322,"neow_bonus":"BOSS_RELIC","is_prod":false,"is_daily":false,"chose_seed":false,"campfire_upgraded":1,"win_rate":0,"timestamp":1554615971,"path_taken":["M","?","$","?","M","E","?","M","T","?","R","M","?","?","R","BOSS","M","?","M"],"build_version":"2019-01-23","purchased_purges":0,"victory":false,"max_hp_per_floor":[70,70,70,70,70,70,70,70,77,77,77,77,77,77,77,77,77,77,77,77],"card_choices":[{"not_picked":["Poisoned Stab","Deadly Poison"],"picked":"Cloak And Dagger","floor":1},{"not_picked":["Deflect","Masterful Stab"],"picked":"Catalyst","floor":2},{"not_picked":["Slice","Skewer"],"picked":"Deflect","floor":5},{"not_picked":["Infinite Blades","Sucker Punch"],"picked":"PiercingWail","floor":6},{"not_picked":["Bullet Time","Flying Knee"],"picked":"Bane","floor":7},{"not_picked":["Predator","Dash"],"picked":"Blade Dance","floor":8},{"not_picked":["Dagger Throw","Outmaneuver"],"picked":"Bouncing Flask","floor":12},{"not_picked":["A Thousand Cuts","Glass Knife"],"picked":"Burst","floor":16},{"not_picked":["Prepared","Heel Hook"],"picked":"Bane+1","floor":18},{"not_picked":["Endless Agony","Terror"],"picked":"Crippling Poison","floor":19}],"player_experience":193461,"relics_obtained":[{"floor":6,"key":"Snake Skull"},{"floor":9,"key":"Strawberry"},{"floor":19,"key":"Thread and Needle"},{"floor":19,"key":"Bottled Lightning"}],"event_choices":[{"cards_removed":["Infinite Blades"],"damage_healed":6,"gold_gain":0,"player_choice":"Offered Uncommon","damage_taken":0,"max_hp_gain":0,"max_hp_loss":0,"event_name":"Bonfire Elementals","floor":4,"gold_loss":0},{"cards_removed":["Defend_G"],"damage_healed":0,"gold_gain":0,"player_choice":"Card Removal","damage_taken":0,"max_hp_gain":0,"max_hp_loss":0,"event_name":"The Cleric","floor":10,"gold_loss":50},{"damage_healed":0,"gold_gain":0,"player_choice":"Fled","damage_taken":3,"max_hp_gain":0,"max_hp_loss":0,"event_name":"Scrap Ooze","floor":13,"gold_loss":0},{"damage_healed":0,"gold_gain":0,"player_choice":"Ignored","damage_taken":0,"max_hp_gain":0,"max_hp_loss":0,"event_name":"Shining Light","floor":14,"gold_loss":0},{"damage_healed":0,"gold_gain":0,"player_choice":"Fight","damage_taken":0,"max_hp_gain":0,"max_hp_loss":0,"event_name":"Colosseum","floor":19,"gold_loss":0},{"damage_healed":0,"gold_gain":0,"player_choice":"Fought Nobs","damage_taken":0,"max_hp_gain":0,"max_hp_loss":0,"event_name":"Colosseum","floor":19,"gold_loss":0}],"is_beta":false,"boss_relics":[{"not_picked":["Runic Dome","Eternal Feather"],"picked":"Black Star"}],"items_purged_floors":[],"is_endless":false,"potions_floor_spawned":[2,5,8,16,18,19],"killed_by":"2 Thieves","ascension_level":0}