{"gold_per_floor":[109,124,124,143,29,64,84,110,182,182,200,212,212,238,238,333,333,353,268,54,54,54,54,88,106,106,106,22,50,2,19,19,124,124,142,0,12,12,32,32,64,64,64,83,83,112,40,59,59,59],"floor_reached":50,"playtime":6252,"items_purged":["Pain"],"score":667,"play_id":"827795bd-490e-402c-8377-7968beb2ae6e","local_time":"20190331220348","is_ascension_mode":true,"campfire_choices":[{"floor":10,"key":"REST"},{"floor":13,"key":"REST"},{"data":"Concentrate","floor":15,"key":"SMITH"},{"data":"Distraction","floor":23,"key":"SMITH"},{"floor":27,"key":"REST"},{"floor":32,"key":"REST"},{"floor":40,"key":"REST"},{"floor":42,"key":"REST"},{"floor":45,"key":"REST"},{"floor":49,"key":"REST"}],"neow_cost":"NONE","seed_source_timestamp":7942247736579,"circlet_count":0,"master_deck":["Defend_G","Defend_G","Defend_G","Defend_G","Defend_G","Strike_G","Strike_G","Strike_G","Strike_G","Strike_G","Survivor","Neutralize","Blind","Dagger Spray","PiercingWail","Predator","Well Laid Plans","Cloak And Dagger","PiercingWail","Acrobatics","Endless Agony","Infinite Blades","Concentrate+1","Glass Knife","Terror","Violence","Distraction+1","Footwork+1","Blade Dance+1","Swift Strike","Noxious Fumes+1","Phantasmal Killer","Wraith Form v2+1","Backstab+1","Cloak And Dagger","Flash of Steel","Blind","PiercingWail+1","Tools of the Trade+1","Flying Knee+1","Footwork+1","Acrobatics+1"],"relics":["Ring of the Snake","WarpedTongs","Darkstone Periapt","Gambling Chip","Ninja Scroll","Vajra","Black Star","Blue Candle","NlothsMask","Bronze Scales","Bottled Lightning","Pantograph","Frozen Egg 2","HoveringKite","Red Mask","Mercury Hourglass","Shuriken","Bottled Flame","Art of War","Bottled Tornado"],"potions_floor_usage":[8,14,24,29,33,41,48,48],"damage_taken":[{"damage":1,"enemies":"Small Slimes","floor":1,"turns":4},{"damage":0,"enemies":"Cultist","floor":2,"turns":5},{"damage":4,"enemies":"Jaw Worm","floor":4,"turns":5},{"damage":10,"enemies":"Lagavulin","floor":6,"turns":8},{"damage":0,"enemies":"3 Louse","floor":7,"turns":2},{"damage":32,"enemies":"Gremlin Nob","floor":8,"turns":5},{"damage":1,"enemies":"Red Slaver","floor":11,"turns":3},{"damage":2,"enemies":"Looter","floor":12,"turns":3},{"damage":3,"enemies":"Lagavulin","floor":14,"turns":5},{"damage":5,"enemies":"The Guardian","floor":16,"turns":11},{"damage":1,"enemies":"3 Byrds","floor":18,"turns":5},{"damage":25,"enemies":"Slavers","floor":24,"turns":6},{"damage":16,"enemies":"2 Thieves","floor":25,"turns":3},{"damage":24,"enemies":"Gremlin Leader","floor":29,"turns":6},{"damage":1,"enemies":"3 Cultists","floor":31,"turns":6},{"damage":57,"enemies":"Champ","floor":33,"turns":10},{"damage":7,"enemies":"3 Shapes","floor":35,"turns":4},{"damage":12,"enemies":"3 Darklings","floor":37,"turns":3},{"damage":3,"enemies":"Transient","floor":39,"turns":5},{"damage":48,"enemies":"Giant Head","floor":41,"turns":7},{"damage":17,"enemies":"4 Shapes","floor":44,"turns":6},{"damage":25,"enemies":"Reptomancer","floor":46,"turns":6},{"damage":4,"enemies":"Maw","floor":48,"turns":6},{"damage":75,"enemies":"Awakened One","floor":50,"turns":6}],"seed_played":"-5718073522819832417","potions_obtained":[{"floor":1,"key":"SteroidPotion"},{"floor":7,"key":"Swift Potion"},{"floor":8,"key":"SpeedPotion"},{"floor":12,"key":"FairyPotion"},{"floor":16,"key":"Regen Potion"},{"floor":25,"key":"Swift Potion"},{"floor":33,"key":"Strength Potion"},{"floor":46,"key":"FearPotion"}],"is_trial":false,"path_per_floor":["?","M","?","?","?","M","?","?","M"],"character_chosen":"THE_SILENT","items_purchased":["Well Laid Plans","Terror","Violence","Swift Strike","AttackPotion","Footwork+1"],"campfire_rested":8,"item_purchase_floors":[5,20,20,28,30,47],"current_hp_per_floor":[69,69,69,65,65,55,55,23,23,44,43,41,62,59,59,54,70,69,69,69,69,69,69,53,37,37,58,58,34,34,33,54,13,70,63,63,51,46,43,64,16,37,37,20,41,16,16,12,33,0],"gold":59,"neow_bonus":"RANDOM_COLORLESS","is_prod":false,"is_daily":false,"chose_seed":false,"campfire_upgraded":2,"win_rate":0,"timestamp":1554062628,"path_taken":["M","M","?","M","$","E","M","E","T","R","M","?","R","E","R","BOSS","M","?","$","?","?","R","E","M","T","R","$","E","$","?","R","BOSS","M","?","M","?","M","R","E","R","T","M","R","E","$","?","R","BOSS"],"build_version":"2019-01-23","purchased_purges":1,"victory":false,"max_hp_per_floor":[70,70,70,70,70,70,70,70,70,70,70,70,70,70,70,70,70,70,70,70,70,70,70,70,70,70,70,70,70,70,70,70,70,70,70,70,70,70,70,70,70,70,70,70,70,70,70,70,70,70],"card_choices":[{"not_picked":["Dodge and Roll","Deflect"],"picked":"Dagger Spray","floor":1},{"not_picked":["Dagger Throw","Finisher"],"picked":"PiercingWail","floor":2},{"not_picked":["All Out Attack","Quick Slash"],"picked":"Predator","floor":4},{"not_picked":["Well Laid Plans","Predator"],"picked":"Cloak And Dagger","floor":6},{"not_picked":["Choke","Concentrate"],"picked":"PiercingWail","floor":7},{"not_picked":["Riddle With Holes","Grand Finale"],"picked":"Acrobatics","floor":8},{"not_picked":["Outmaneuver","Sucker Punch"],"picked":"Endless Agony","floor":11},{"not_picked":["Dodge and Roll","Blade Dance"],"picked":"Infinite Blades","floor":12},{"not_picked":["Poisoned Stab","Caltrops"],"picked":"Concentrate","floor":14},{"not_picked":["Corpse Explosion","Wraith Form v2"],"picked":"Glass Knife","floor":16},{"not_picked":["Outmaneuver","Dagger Throw","Acrobatics"],"picked":"SKIP","floor":18},{"not_picked":["Flechettes+1","Poisoned Stab"],"picked":"Footwork+1","floor":24},{"not_picked":["Poisoned Stab","Reflex"],"picked":"Blade Dance+1","floor":25},{"not_picked":["Poisoned Stab","Calculated Gamble+1"],"picked":"Noxious Fumes","floor":29},{"not_picked":["Catalyst","Dodge and Roll"],"picked":"Phantasmal Killer","floor":31},{"not_picked":["Adrenaline","Venomology"],"picked":"Wraith Form v2+1","floor":33},{"not_picked":["Flechettes","Riddle With Holes"],"picked":"Backstab+1","floor":35},{"not_picked":["Choke","Slice"],"picked":"Cloak And Dagger","floor":37},{"not_picked":["Trip","PanicButton"],"picked":"Flash of Steel","floor":38},{"not_picked":["Panacea","Bandage Up"],"picked":"Blind","floor":38},{"not_picked":["All Out Attack","Dodge and Roll+1"],"picked":"PiercingWail+1","floor":39},{"not_picked":["Dagger Throw+1","Outmaneuver"],"picked":"Tools of the Trade+1","floor":41},{"not_picked":["Dagger Throw","Poisoned Stab","Dagger Spray"],"picked":"SKIP","floor":44},{"not_picked":["Underhanded Strike","Quick Slash"],"picked":"Flying Knee+1","floor":46},{"not_picked":["Heel Hook+1","Deadly Poison"],"picked":"Acrobatics+1","floor":48}],"player_experience":176693,"relics_obtained":[{"floor":6,"key":"Darkstone Periapt"},{"floor":8,"key":"Gambling Chip"},{"floor":9,"key":"Ninja Scroll"},{"floor":14,"key":"Vajra"},{"floor":24,"key":"Bronze Scales"},{"floor":24,"key":"Bottled Lightning"},{"floor":29,"key":"Pantograph"},{"floor":29,"key":"Frozen Egg 2"},{"floor":41,"key":"Mercury Hourglass"},{"floor":41,"key":"Shuriken"},{"floor":43,"key":"Bottled Flame"},{"floor":46,"key":"Art of War"},{"floor":46,"key":"Bottled Tornado"}],"event_choices":[{"damage_healed":0,"gold_gain":0,"player_choice":"Rummage","damage_taken":0,"relics_obtained":["WarpedTongs"],"max_hp_gain":0,"max_hp_loss":0,"event_name":"Accursed Blacksmith","floor":3,"gold_loss":0,"cards_obtained":["Pain"]},{"damage_healed":0,"gold_gain":0,"player_choice":"Obtained Relic","damage_taken":0,"relics_obtained":["Blue Candle"],"max_hp_gain":0,"max_hp_loss":0,"event_name":"Addict","floor":19,"gold_loss":85},{"damage_healed":0,"gold_gain":0,"player_choice":"Read","damage_taken":0,"max_hp_gain":0,"max_hp_loss":0,"event_name":"The Library","floor":21,"gold_loss":0,"cards_obtained":["Distraction"]},{"damage_healed":0,"gold_gain":0,"player_choice":"Trade","damage_taken":0,"relics_obtained":["NlothsMask"],"max_hp_gain":0,"max_hp_loss":0,"event_name":"FaceTrader","floor":22,"gold_loss":0},{"damage_healed":0,"gold_gain":0,"player_choice":"Paid","damage_taken":0,"relics_obtained":["Red Mask"],"max_hp_gain":0,"max_hp_loss":0,"event_name":"Tomb of Lord Red Mask","floor":36,"gold_loss":142},{"damage_healed":0,"gold_gain":0,"player_choice":"Memory 2","damage_taken":5,"max_hp_gain":0,"max_hp_loss":0,"event_name":"SensoryStone","floor":38,"gold_loss":0}],"is_beta":false,"boss_relics":[{"not_picked":["Calling Bell","Empty Cage"],"picked":"Black Star"},{"not_picked":["Sozu","Pandora\u0027s Box"],"picked":"HoveringKite"}],"items_purged_floors":[5],"is_endless":false,"potions_floor_spawned":[1,7,8,12,16,18,25,33,39,46],"killed_by":"Awakened One","ascension_level":3}