{"gold_per_floor":[114,289,316,326,339,339,353,60,116,140,140,107,107,124,124,201,201,215,230,230,230],"floor_reached":21,"playtime":999,"items_purged":["Doubt"],"score":287,"play_id":"f29062e4-f6aa-412c-abf4-c080bd8446a9","local_time":"20190306154843","is_ascension_mode":true,"campfire_choices":[{"floor":6,"key":"REST"},{"floor":13,"key":"REST"},{"floor":15,"key":"REST"}],"neow_cost":"NONE","seed_source_timestamp":58415347446080,"circlet_count":0,"master_deck":["AscendersBane","Strike_B","Defend_B","Defend_B","Defend_B","Defend_B","Zap+1","Dualcast","Skim","Loop","BootSequence","Gash","Defragment","Leap","Cold Snap","Loop","Cold Snap","Cold Snap","Seek","Rainbow+1","Defragment+1","Steam Power+1","Chaos","Redo+1"],"relics":["Cracked Core","Dream Catcher","Regal Pillow","Tiny Chest","Odd Mushroom","MawBank","Astrolabe"],"potions_floor_usage":[16,18],"damage_taken":[{"damage":7,"enemies":"Small Slimes","floor":1,"turns":3},{"damage":0,"enemies":"Jaw Worm","floor":4,"turns":3},{"damage":0,"enemies":"Cultist","floor":5,"turns":3},{"damage":10,"enemies":"2 Fungi Beasts","floor":7,"turns":4},{"damage":51,"enemies":"The Mushroom Lair","floor":10,"turns":5},{"damage":3,"enemies":"Exordium Wildlife","floor":14,"turns":4},{"damage":44,"enemies":"Hexaghost","floor":16,"turns":13},{"damage":3,"enemies":"Shell Parasite","floor":18,"turns":6},{"damage":44,"enemies":"3 Byrds","floor":19,"turns":7},{"damage":20,"enemies":"Shelled Parasite and Fungi","floor":21,"turns":2}],"seed_played":"741969657363114617","potions_obtained":[{"floor":1,"key":"SpeedPotion"},{"floor":10,"key":"LiquidBronze"},{"floor":16,"key":"EssenceOfSteel"}],"is_trial":false,"path_per_floor":["M","?","T","M","M","R","M","$","T","?","T","$","R","M","R","B",null,"M","M","?","M"],"character_chosen":"DEFECT","items_purchased":["Defragment","Regal Pillow","Cold Snap"],"campfire_rested":3,"item_purchase_floors":[8,8,12],"current_hp_per_floor":[57,57,57,57,57,71,61,61,61,10,10,10,46,43,71,27,60,57,13,13,0],"gold":230,"neow_bonus":"UPGRADE_CARD","is_prod":false,"is_daily":false,"chose_seed":false,"campfire_upgraded":0,"win_rate":0,"timestamp":1551908923,"path_taken":["M","?","?","?","M","R","M","$","T","?","?","$","R","M","R","BOSS","M","M","?","M"],"build_version":"2019-01-23","purchased_purges":1,"victory":false,"max_hp_per_floor":[71,71,71,71,71,71,71,71,71,71,71,71,71,71,71,71,71,71,71,71,71],"card_choices":[{"not_picked":["Turbo","Barrage"],"picked":"Skim","floor":1},{"not_picked":["Rip and Tear","Go for the Eyes","Beam Cell"],"picked":"SKIP","floor":4},{"not_picked":["Stack","Aggregate"],"picked":"Loop","floor":5},{"not_picked":["Sunder","Scrape"],"picked":"BootSequence","floor":6},{"not_picked":["Hologram","Compile Driver"],"picked":"Gash","floor":7},{"not_picked":["Heatsinks","Skim"],"picked":"Leap","floor":10},{"not_picked":["Hologram","Seek"],"picked":"Loop","floor":13},{"not_picked":["Self Repair","BootSequence"],"picked":"Cold Snap","floor":14},{"not_picked":["Recycle","Turbo"],"picked":"Cold Snap","floor":15},{"not_picked":["Machine Learning","Buffer"],"picked":"Seek","floor":16},{"not_picked":["Leap","Stack"],"picked":"Chaos","floor":18},{"not_picked":["Beam Cell","Sweeping Beam"],"picked":"Redo+1","floor":19}],"player_experience":644522,"relics_obtained":[{"floor":3,"key":"Dream Catcher"},{"floor":9,"key":"Tiny Chest"},{"floor":10,"key":"Odd Mushroom"},{"floor":11,"key":"MawBank"}],"event_choices":[{"damage_healed":0,"gold_gain":175,"player_choice":"AGREE","damage_taken":0,"max_hp_gain":0,"max_hp_loss":0,"event_name":"Liars Game","floor":2,"gold_loss":0,"cards_obtained":["Doubt"]},{"damage_healed":0,"gold_gain":0,"player_choice":"Fought Mushrooms","damage_taken":0,"max_hp_gain":0,"max_hp_loss":0,"event_name":"Mushrooms","floor":10,"gold_loss":0},{"damage_healed":0,"gold_gain":0,"player_choice":"Ignored","damage_taken":0,"max_hp_gain":0,"max_hp_loss":0,"event_name":"Cursed Tome","floor":20,"gold_loss":0}],"is_beta":false,"boss_relics":[{"not_picked":["Pandora\u0027s Box","Calling Bell"],"picked":"Astrolabe"}],"items_purged_floors":[8],"is_endless":false,"potions_floor_spawned":[1,10,16],"killed_by":"Shelled Parasite and Fungi","ascension_level":14}