{"gold_per_floor":[109,129,143,143,44,69,69,86,111,111,128,140,150,179,179,275,275,288,302,61,80,80,90,90,90,90,104,104,123,137,166,166,166],"floor_reached":33,"playtime":3157,"items_purged":[],"score":333,"play_id":"4ff137d2-3553-406b-aa6e-1117781cf65d","local_time":"20180629164411","is_ascension_mode":false,"campfire_choices":[{"floor":10,"key":"REST"},{"floor":15,"key":"REST"},{"data":"Echo Form","floor":24,"key":"SMITH"},{"floor":28,"key":"REST"},{"data":"Defragment","floor":32,"key":"SMITH"}],"neow_cost":"","seed_source_timestamp":765500048797800,"circlet_count":0,"master_deck":["Strike_B","Strike_B+1","Strike_B","Strike_B","Defend_B","Defend_B","Defend_B","Defend_B","Zap","Dualcast","Defragment+1","Stack","Coolheaded","Leap","Beam Cell","Compile Driver","Go for the Eyes","Conserve Battery","Chill","Consume","Electrodynamics","Echo Form+1","Hologram+1","Glacier+1","Gash+1","Ghostly","Ghostly","Ghostly","Ghostly","Ghostly","Conserve Battery","Defragment+1","Hello World","Sweeping Beam+1","Rip and Tear"],"relics":["Cracked Core","Bronze Scales","Bag of Marbles","Regal Pillow","Du-Vu Doll","Snecko Eye","Bottled Lightning","Enchiridion","Thread and Needle","Bag of Preparation"],"potions_floor_usage":[6,14,16,23,31,33,33],"damage_taken":[{"damage":10,"enemies":"Jaw Worm","floor":1,"turns":4},{"damage":0,"enemies":"Small Slimes","floor":2,"turns":2},{"damage":2,"enemies":"2 Louse","floor":3,"turns":2},{"damage":14,"enemies":"Lagavulin","floor":6,"turns":7},{"damage":1,"enemies":"2 Fungi Beasts","floor":8,"turns":3},{"damage":5,"enemies":"Looter","floor":11,"turns":2},{"damage":0,"enemies":"Lots of Slimes","floor":12,"turns":4},{"damage":0,"enemies":"Blue Slaver","floor":13,"turns":3},{"damage":10,"enemies":"Gremlin Nob","floor":14,"turns":5},{"damage":44,"enemies":"Hexaghost","floor":16,"turns":11},{"damage":0,"enemies":"Chosen","floor":18,"turns":5},{"damage":0,"enemies":"3 Byrds","floor":19,"turns":4},{"damage":7,"enemies":"Snake Plant","floor":21,"turns":6},{"damage":14,"enemies":"Centurion and Healer","floor":23,"turns":9},{"damage":0,"enemies":"Chosen and Byrds","floor":27,"turns":7},{"damage":0,"enemies":"Snecko","floor":29,"turns":5},{"damage":0,"enemies":"Snake Plant","floor":30,"turns":4},{"damage":8,"enemies":"Book of Stabbing","floor":31,"turns":6},{"damage":45,"enemies":"Champ","floor":33,"turns":17}],"seed_played":"8483995699360471013","potions_obtained":[{"floor":1,"key":"EntropicBrew"},{"floor":6,"key":"PowerPotion"},{"floor":8,"key":"EssenceOfSteel"},{"floor":11,"key":"Fire Potion"},{"floor":16,"key":"LiquidBronze"},{"floor":19,"key":"PowerPotion"},{"floor":23,"key":"Ancient Potion"},{"floor":29,"key":"LiquidBronze"},{"floor":30,"key":"Fruit Juice"}],"is_trial":false,"path_per_floor":["M","M","M","?","$","E","?","M","T","R","M","M","M","E","R","B",null,"M","M","$","M","?","M","R","?","T","M","R","M","M","E","R"],"character_chosen":"DEFECT","items_purchased":["Leap","Beam Cell","Bottled Lightning"],"campfire_rested":3,"item_purchase_floors":[5,5,20],"current_hp_per_floor":[65,65,63,48,48,34,27,26,26,63,58,58,58,48,75,31,75,75,75,75,68,37,23,23,7,7,7,33,33,33,30,30,0],"gold":166,"neow_bonus":"","is_prod":false,"is_daily":false,"chose_seed":false,"campfire_upgraded":2,"win_rate":0.0,"timestamp":1530312251,"path_taken":["M","M","M","?","$","E","?","M","T","R","M","M","?","E","R","BOSS","M","M","$","M","?","M","R","?","T","M","R","M","M","E","R","BOSS"],"build_version":"2018-06-28","purchased_purges":0,"victory":false,"max_hp_per_floor":[75,75,75,75,75,75,75,75,75,75,75,75,75,75,75,75,75,75,75,75,75,37,37,37,37,37,37,37,37,37,42,42,42],"card_choices":[{"not_picked":["Hologram","Rebound"],"picked":"Defragment","floor":1},{"not_picked":["Static Discharge","Coolheaded"],"picked":"Stack","floor":2},{"not_picked":["Steam Power","Hello World"],"picked":"Coolheaded","floor":3},{"not_picked":["Double Energy","White Noise"],"picked":"Compile Driver","floor":6},{"not_picked":["Storm","Machine Learning"],"picked":"Go for the Eyes","floor":8},{"not_picked":["Sweeping Beam","Go for the Eyes"],"picked":"Conserve Battery","floor":11},{"not_picked":["Stack","Redo"],"picked":"Chill","floor":12},{"not_picked":["Barrage","Hologram"],"picked":"Consume","floor":13},{"not_picked":["Hologram","Rebound"],"picked":"Electrodynamics","floor":14},{"not_picked":["Amplify","Reboot"],"picked":"Echo Form","floor":16},{"not_picked":["BootSequence","Go for the Eyes"],"picked":"Hologram+1","floor":18},{"not_picked":["Barrage+1","Compile Driver"],"picked":"Glacier+1","floor":19},{"not_picked":["Rip and Tear","Coolheaded"],"picked":"Gash+1","floor":21},{"not_picked":["Heatsinks","Double Energy"],"picked":"Conserve Battery","floor":23},{"not_picked":["Ball Lightning","Barrage+1"],"picked":"Defragment","floor":27},{"not_picked":["Glacier","Stack"],"picked":"Hello World","floor":29},{"not_picked":["Rip and Tear","Amplify"],"picked":"Sweeping Beam+1","floor":30},{"not_picked":["Compile Driver","Steam"],"picked":"Rip and Tear","floor":31}],"player_experience":31133,"relics_obtained":[{"floor":6,"key":"Bronze Scales"},{"floor":9,"key":"Regal Pillow"},{"floor":14,"key":"Du-Vu Doll"},{"floor":25,"key":"Enchiridion"},{"floor":26,"key":"Thread and Needle"},{"floor":31,"key":"Bag of Preparation"}],"event_choices":[{"event_name":"Shining Light","player_choice":"Entered Light","floor":4,"damage_taken":0},{"event_name":"Scrap Ooze","player_choice":"success","floor":7,"damage_taken":7},{"event_name":"Ghosts","player_choice":"Became a Ghost","floor":22,"damage_taken":0},{"event_name":"Cursed Tome","player_choice":"Obtained Book","floor":25,"damage_taken":0}],"boss_relics":[{"not_picked":["Busted Crown","Runic Dome"],"picked":"Snecko Eye"}],"items_purged_floors":[],"is_endless":false,"potions_floor_spawned":[1,6,8,11,16,19,23,29,30],"killed_by":"Champ","ascension_level":0}