{"gold_per_floor":[112,181,230,249,259,259,590,603,603,294,312,277,277,297,297,395,395,405,420,437,437,453,453,472,387,412,235,251,251,265,42,42,42],"floor_reached":33,"playtime":2598,"items_purged":["Strike_G"],"score":251,"play_id":"75809778-910f-429c-b97e-190831d94918","local_time":"20190402222218","is_ascension_mode":false,"campfire_choices":[{"data":"Choke","floor":6,"key":"SMITH"},{"data":"Choke","floor":15,"key":"SMITH"},{"floor":23,"key":"REST"},{"floor":29,"key":"REST"},{"floor":32,"key":"REST"}],"neow_cost":"NONE","seed_source_timestamp":83874901566965,"circlet_count":0,"master_deck":["Defend_G","Defend_G","Defend_G","Defend_G","Strike_G","Strike_G","Survivor","Neutralize","Choke+1","Infinite Blades","Crippling Poison","Deadly Poison","Flying Knee","Flying Knee","Prepared","Choke+1","Corpse Explosion","Glass Knife+1","Doppelganger+1","Tactician+1","Slice+1","Distraction","Flying Knee+1","RitualDagger","Blur","Deadly Poison","Die Die Die","Dodge and Roll","Sucker Punch","Prepared+1"],"relics":["Ring of the Snake","Blood Vial","Snake Skull","Old Coin","Ninja Scroll","Bottled Tornado","Astrolabe","PreservedInsect","Boot","Bronze Scales"],"potions_floor_usage":[16],"damage_taken":[{"damage":3,"enemies":"2 Louse","floor":1,"turns":4},{"damage":0,"enemies":"Jaw Worm","floor":4,"turns":5},{"damage":0,"enemies":"Cultist","floor":5,"turns":3},{"damage":19,"enemies":"Lagavulin","floor":7,"turns":8},{"damage":0,"enemies":"Blue Slaver","floor":8,"turns":3},{"damage":9,"enemies":"Large Slime","floor":11,"turns":5},{"damage":7,"enemies":"Looter","floor":14,"turns":3},{"damage":37,"enemies":"Slime Boss","floor":16,"turns":9},{"damage":0,"enemies":"3 Byrds","floor":18,"turns":3},{"damage":1,"enemies":"Chosen","floor":19,"turns":3},{"damage":15,"enemies":"Centurion and Healer","floor":20,"turns":3},{"damage":25,"enemies":"Cultist and Chosen","floor":22,"turns":6},{"damage":21,"enemies":"Snake Plant","floor":24,"turns":3},{"damage":3,"enemies":"3 Cultists","floor":28,"turns":3},{"damage":24,"enemies":"Centurion and Healer","floor":30,"turns":4},{"damage":50,"enemies":"Automaton","floor":33,"turns":8}],"seed_played":"-8801262911457310263","potions_obtained":[{"floor":1,"key":"GhostInAJar"},{"floor":8,"key":"Fire Potion"},{"floor":11,"key":"AttackPotion"},{"floor":16,"key":"GamblersBrew"},{"floor":24,"key":"Energy Potion"}],"is_trial":false,"path_per_floor":["M","?","T","M","M","R","E","M","T","$","M","?","$","M","R","B",null,"M","M","M","?","M","R","M","?","T","$","M","R","M","$","R","B"],"character_chosen":"THE_SILENT","items_purchased":["Bottled Tornado","Flying Knee","Die Die Die","Dodge and Roll","Bronze Scales"],"campfire_rested":3,"item_purchase_floors":[10,10,27,27,31],"current_hp_per_floor":[67,67,67,69,70,70,51,53,53,53,46,63,63,58,58,23,70,70,69,55,49,26,47,28,28,28,28,27,48,26,26,47,0],"gold":42,"neow_bonus":"RANDOM_COMMON_RELIC","is_prod":false,"is_daily":false,"chose_seed":false,"campfire_upgraded":2,"win_rate":0.0,"timestamp":1554258138,"path_taken":["M","?","?","M","M","R","E","M","T","$","?","?","$","M","R","BOSS","M","M","M","?","M","R","M","?","T","?","M","R","M","$","R","BOSS"],"build_version":"2019-01-23","purchased_purges":1,"victory":false,"max_hp_per_floor":[70,70,70,70,70,70,70,70,70,70,70,70,70,70,70,70,70,70,70,70,70,70,70,70,70,70,70,70,70,70,70,70,70],"card_choices":[{"not_picked":["Footwork","Deflect"],"picked":"Choke","floor":1},{"not_picked":["Blade Dance","Dagger Spray"],"picked":"Infinite Blades","floor":4},{"not_picked":["Leg Sweep","Deflect"],"picked":"Crippling Poison","floor":5},{"not_picked":["Underhanded Strike","Blur"],"picked":"Deadly Poison","floor":7},{"not_picked":["Backflip","Finisher"],"picked":"Flying Knee","floor":8},{"not_picked":["Flechettes","Underhanded Strike"],"picked":"Prepared","floor":11},{"not_picked":["Quick Slash","PiercingWail"],"picked":"Choke","floor":14},{"not_picked":["Wraith Form v2","Tools of the Trade"],"picked":"Corpse Explosion","floor":16},{"not_picked":["Dagger Spray","Outmaneuver"],"picked":"Slice+1","floor":18},{"not_picked":["Flechettes","Slice"],"picked":"Distraction","floor":19},{"not_picked":["Quick Slash+1","Outmaneuver"],"picked":"Flying Knee+1","floor":20},{"not_picked":["Distraction","Bane"],"picked":"Blur","floor":22},{"not_picked":["Outmaneuver+1","Infinite Blades"],"picked":"Deadly Poison","floor":24},{"not_picked":["Masterful Stab","Envenom"],"picked":"Sucker Punch","floor":28},{"not_picked":["Dagger Throw","Quick Slash"],"picked":"Prepared+1","floor":30}],"player_experience":36354,"relics_obtained":[{"floor":3,"key":"Snake Skull"},{"floor":7,"key":"Old Coin"},{"floor":9,"key":"Ninja Scroll"},{"floor":26,"key":"Boot"}],"event_choices":[{"damage_healed":0,"gold_gain":69,"player_choice":"Gained Gold","damage_taken":0,"max_hp_gain":0,"max_hp_loss":0,"event_name":"Golden Wing","floor":2,"gold_loss":0},{"damage_healed":17,"gold_gain":0,"player_choice":"Healed","damage_taken":0,"max_hp_gain":0,"max_hp_loss":0,"event_name":"The Cleric","floor":12,"gold_loss":35},{"damage_healed":0,"gold_gain":0,"player_choice":"Joined the Cult","damage_taken":6,"max_hp_gain":0,"max_hp_loss":0,"event_name":"Nest","floor":21,"gold_loss":0,"cards_obtained":["RitualDagger"]},{"damage_healed":0,"gold_gain":0,"player_choice":"Obtained Relic","damage_taken":0,"relics_obtained":["PreservedInsect"],"max_hp_gain":0,"max_hp_loss":0,"event_name":"Addict","floor":25,"gold_loss":85}],"is_beta":false,"boss_relics":[{"not_picked":["Ectoplasm","WristBlade"],"picked":"Astrolabe"}],"items_purged_floors":[31],"is_endless":false,"potions_floor_spawned":[1,8,11,16,20,24,28,30],"killed_by":"Automaton","ascension_level":0}