{"gold_per_floor":[219,394,78,78,96,96,96,112,136,136,163,163,178,198,198,296,346,362,374,66,66,84,109,109,126,126,126,144,144,171,181,181,181],"floor_reached":33,"playtime":1781,"items_purged":["Doubt"],"score":373,"play_id":"28975a67-fdaf-4af6-8bc6-fb43234cf4bc","local_time":"20190327005617","is_ascension_mode":true,"campfire_choices":[{"data":"Melter","floor":6.0,"key":"SMITH"},{"data":"Go for the Eyes","floor":10.0,"key":"SMITH"},{"data":"Biased Cognition","floor":12.0,"key":"SMITH"},{"data":"Dualcast","floor":15.0,"key":"SMITH"},{"floor":24.0,"key":"REST"},{"data":"Echo Form","floor":27.0,"key":"SMITH"},{"data":"Conserve Battery","floor":29.0,"key":"SMITH"},{"floor":32.0,"key":"REST"}],"neow_cost":"NONE","seed_source_timestamp":0,"circlet_count":0,"master_deck":["Strike_B","Strike_B","Defend_B","Defend_B","Defend_B","Defend_B","Zap+1","Dualcast+1","Melter+1","Go for the Eyes+1","FTL","Cold Snap","Biased Cognition+1","Echo Form+1","Conserve Battery+1","BootSequence","Skim+1","Amplify"],"special_seed":0,"relics":["Cracked Core","Tiny Chest","Bag of Preparation","Happy Flower","Tiny House","Calipers","Art of War","Mummified Hand","Smiling Mask"],"potions_floor_usage":[],"damage_taken":[{"damage":9.0,"enemies":"Jaw Worm","floor":1.0,"turns":5.0},{"damage":0.0,"enemies":"2 Louse","floor":5.0,"turns":1.0},{"damage":0.0,"enemies":"Cultist","floor":8.0,"turns":3.0},{"damage":7.0,"enemies":"3 Sentries","floor":11.0,"turns":5.0},{"damage":0.0,"enemies":"Blue Slaver","floor":13.0,"turns":2.0},{"damage":0.0,"enemies":"Exordium Wildlife","floor":14.0,"turns":2.0},{"damage":11.0,"enemies":"Hexaghost","floor":16.0,"turns":7.0},{"damage":8.0,"enemies":"Chosen","floor":18.0,"turns":3.0},{"damage":0.0,"enemies":"Spheric Guardian","floor":19.0,"turns":1.0},{"damage":17.0,"enemies":"Centurion and Healer","floor":22.0,"turns":4.0},{"damage":17.0,"enemies":"Book of Stabbing","floor":23.0,"turns":5.0},{"damage":0.0,"enemies":"Sentry and Sphere","floor":25.0,"turns":3.0},{"damage":9.0,"enemies":"Snake Plant","floor":28.0,"turns":3.0},{"damage":2.0,"enemies":"Slavers","floor":30.0,"turns":5.0},{"damage":0.0,"enemies":"Centurion and Healer","floor":31.0,"turns":5.0},{"damage":69,"enemies":"Collector","floor":33,"turns":7}],"seed_played":"1268604456428078806","potions_obtained":[{"floor":5.0,"key":"Swift Potion"},{"floor":8.0,"key":"FocusPotion"},{"floor":11.0,"key":"AttackPotion"},{"floor":16.0,"key":"PowerPotion"},{"floor":17.0,"key":"PowerPotion"},{"floor":22.0,"key":"SkillPotion"},{"floor":31.0,"key":"SneckoOil"}],"is_trial":false,"path_per_floor":["M","?","$","?","M","R","?","M","T","R","E","R","M","M","R","B",null,"M","M","$","?","M","E","R","M","T","R","M","R","E","M","R","B"],"character_chosen":"DEFECT","items_purchased":["Go for the Eyes","FTL","Tiny Chest","Calipers"],"campfire_rested":2,"item_purchase_floors":[3,3,3,20],"current_hp_per_floor":[59,59,59,52,52,52,52,52,52,52,45,45,45,45,45,34,70,62,62,62,62,45,28,52,52,52,52,43,43,41,41,65,0],"gold":181,"neow_bonus":"HUNDRED_GOLD","is_prod":false,"is_daily":false,"chose_seed":false,"campfire_upgraded":6,"win_rate":0,"timestamp":1553666177,"path_taken":["M","?","$","?","M","R","?","?","T","R","E","R","M","M","R","BOSS","M","M","$","?","M","E","R","M","T","R","M","R","E","M","R","BOSS"],"build_version":"2019-01-23","purchased_purges":1,"victory":false,"max_hp_per_floor":[75,75,75,75,75,75,75,75,75,75,75,75,75,75,75,75,80,80,80,80,80,80,80,80,80,80,80,80,80,80,80,80,80],"card_choices":[{"not_picked":["Rebound","Beam Cell"],"picked":"Melter","floor":1.0},{"not_picked":["Self Repair","Beam Cell"],"picked":"Cold Snap","floor":5.0},{"not_picked":["Go for the Eyes","Rebound","Sweeping Beam"],"picked":"SKIP","floor":8.0},{"not_picked":["Turbo","Compile Driver"],"picked":"Biased Cognition","floor":11.0},{"not_picked":["Double Energy","Tempest","Chaos"],"picked":"SKIP","floor":13.0},{"not_picked":["Steam","Leap","Stack"],"picked":"SKIP","floor":14.0},{"not_picked":["Creative AI","Hyperbeam"],"picked":"Echo Form","floor":16.0},{"not_picked":["Heatsinks+1","Sweeping Beam"],"picked":"Conserve Battery","floor":18.0},{"not_picked":["Leap","Turbo","Hologram"],"picked":"SKIP","floor":19.0},{"not_picked":["Heatsinks","Steam"],"picked":"BootSequence","floor":22.0},{"not_picked":["Consume","Doom and Gloom","Rip and Tear"],"picked":"SKIP","floor":23.0},{"not_picked":["Recycle+1","Beam Cell"],"picked":"Skim+1","floor":25.0},{"not_picked":["Double Energy","Conserve Battery","Hologram"],"picked":"SKIP","floor":28.0},{"not_picked":["FTL","Undo+1"],"picked":"Amplify","floor":30.0},{"not_picked":["Doom and Gloom+1","Leap","Stack"],"picked":"SKIP","floor":31.0}],"player_experience":104686,"relics_obtained":[{"floor":9.0,"key":"Bag of Preparation"},{"floor":11.0,"key":"Happy Flower"},{"floor":23.0,"key":"Art of War"},{"floor":26.0,"key":"Mummified Hand"},{"floor":30.0,"key":"Smiling Mask"}],"event_choices":[{"damage_healed":0.0,"max_hp_gain":0.0,"max_hp_loss":0.0,"gold_gain":175.0,"event_name":"Liars Game","player_choice":"AGREE","floor":2.0,"gold_loss":0.0,"damage_taken":0.0,"cards_obtained":["Doubt"]},{"cards_removed":["Strike_B"],"damage_healed":0.0,"max_hp_gain":0.0,"max_hp_loss":0.0,"gold_gain":0.0,"event_name":"Golden Wing","player_choice":"Card Removal","floor":4.0,"gold_loss":0.0,"damage_taken":7.0},{"cards_removed":["Strike_B"],"damage_healed":0.0,"max_hp_gain":0.0,"max_hp_loss":0.0,"gold_gain":0.0,"event_name":"Bonfire Elementals","player_choice":"Offered Basic","floor":7.0,"gold_loss":0.0,"damage_taken":0.0},{"damage_healed":0.0,"max_hp_gain":0.0,"max_hp_loss":0.0,"gold_gain":0.0,"event_name":"Vampires","player_choice":"Ignored","floor":21.0,"gold_loss":0.0,"damage_taken":0.0}],"is_beta":false,"boss_relics":[{"not_picked":["FrozenCore","Fusion Hammer"],"picked":"Tiny House"}],"items_purged_floors":[3],"is_endless":false,"potions_floor_spawned":[5,8,11,16,19,22,31],"killed_by":"Collector","ascension_level":6}