{"gold_per_floor":[117,117,117,136,151,179,179,193,193,3,3,16,16,30,30,130,130,141,141,62,80,80,80,112,129,129,129,149,149,162,174,174,273,273,287,88,114,129,75,103,103,203,203,203,220,220,268,285,285,285],"floor_reached":50,"playtime":6793,"items_purged":[],"score":517,"play_id":"66847f06-16c9-4224-b8d7-a18d1aa2e885","local_time":"20190310114241","is_ascension_mode":false,"campfire_choices":[{"floor":7,"key":"REST"},{"floor":11,"key":"REST"},{"data":"Inflame","floor":13,"key":"SMITH"},{"data":"Berserk","floor":15,"key":"SMITH"},{"floor":27,"key":"REST"},{"floor":29,"key":"REST"},{"floor":32,"key":"REST"},{"floor":41,"key":"REST"},{"floor":44,"key":"REST"},{"floor":49,"key":"REST"}],"neow_cost":"NONE","seed_source_timestamp":476588603811,"circlet_count":0,"master_deck":["Strike_R+1","Strike_R+1","Strike_R+1","Strike_R+1","Strike_R+1","Defend_R+1","Defend_R+1","Defend_R+1","Defend_R+1","Bash+1","Heavy Blade","Inflame","Iron Wave","Infernal Blade","Seeing Red","Inflame+1","Pommel Strike","Berserk+1","Brutality","Shrug It Off+1","Metallicize","Pommel Strike+1","Double Tap","Infernal Blade","Spot Weakness","Flame Barrier+1","Anger","Cleave+1","Combust","Twin Strike","Offering","Clothesline+1","Iron Wave+1","Flex","Burning Pact+1","Rupture+1","Armaments+1","Shrug It Off+1","Rage+1","Parasite","Pommel Strike+1","Warcry+1"],"relics":["Burning Blood","PreservedInsect","Bronze Scales","Pear","Bag of Marbles","Sozu","MutagenicStrength","Bag of Preparation","Dream Catcher","Philosopher\u0027s Stone","Toolbox","Anchor","Toxic Egg 2","Du-Vu Doll","Kunai","Girya"],"potions_floor_usage":[16,16,33],"damage_taken":[{"damage":1,"enemies":"Cultist","floor":1,"turns":3},{"damage":17,"enemies":"Jaw Worm","floor":4,"turns":5},{"damage":14,"enemies":"Small Slimes","floor":5,"turns":4},{"damage":27,"enemies":"3 Sentries","floor":6,"turns":6},{"damage":7,"enemies":"Blue Slaver","floor":8,"turns":3},{"damage":10,"enemies":"3 Louse","floor":12,"turns":3},{"damage":15,"enemies":"Exordium Thugs","floor":14,"turns":3},{"damage":43,"enemies":"Hexaghost","floor":16,"turns":6},{"damage":18,"enemies":"3 Byrds","floor":18,"turns":4},{"damage":6,"enemies":"Chosen","floor":21,"turns":3},{"damage":5,"enemies":"Slavers","floor":24,"turns":4},{"damage":6,"enemies":"Snecko","floor":25,"turns":3},{"damage":4,"enemies":"Cultist and Chosen","floor":28,"turns":3},{"damage":0,"enemies":"Snake Plant","floor":30,"turns":2},{"damage":10,"enemies":"Chosen and Byrds","floor":31,"turns":5},{"damage":44,"enemies":"Automaton","floor":33,"turns":8},{"damage":8,"enemies":"3 Darklings","floor":35,"turns":3},{"damage":3,"enemies":"3 Shapes","floor":38,"turns":3},{"damage":81,"enemies":"Reptomancer","floor":40,"turns":5},{"damage":7,"enemies":"Mind Bloom Boss Battle","floor":42,"turns":3},{"damage":4,"enemies":"Jaw Worm Horde","floor":45,"turns":3},{"damage":48,"enemies":"2 Orb Walkers","floor":47,"turns":5},{"damage":18,"enemies":"Writhing Mass","floor":48,"turns":4},{"damage":48,"enemies":"Time Eater","floor":50,"turns":4}],"seed_played":"-7355528281035362620","potions_obtained":[{"floor":4,"key":"Energy Potion"},{"floor":14,"key":"Energy Potion"},{"floor":16,"key":"GamblersBrew"}],"is_trial":false,"path_per_floor":["T","?","?","?","?","M","T","?","?","?"],"character_chosen":"IRONCLAD","items_purchased":["Inflame","Bag of Marbles","Metallicize","Toolbox","Flex"],"campfire_rested":8,"item_purchase_floors":[10,10,20,36,39],"current_hp_per_floor":[80,80,80,69,61,40,64,63,73,73,90,86,86,77,77,40,90,78,78,78,78,78,78,79,79,79,90,90,90,90,86,90,52,90,88,88,88,90,90,15,42,41,41,68,70,70,28,16,41,0],"gold":285,"neow_bonus":"UPGRADE_CARD","is_prod":false,"is_daily":false,"chose_seed":false,"campfire_upgraded":2,"win_rate":0.0,"timestamp":1552214561,"path_taken":["M","?","?","M","M","E","R","M","T","$","R","M","R","M","R","BOSS","M","?","$","M","?","?","E","M","T","R","?","R","M","M","R","BOSS","M","$","?","M","$","E","R","?","T","R","M","?","?","M","R","BOSS"],"build_version":"2019-01-23","purchased_purges":0,"victory":false,"max_hp_per_floor":[80,80,80,80,80,80,80,80,90,90,90,90,90,90,90,90,90,90,90,90,90,90,90,90,90,90,90,90,90,90,90,90,90,90,90,90,90,90,90,90,90,90,90,90,90,85,85,85,85,85],"card_choices":[{"not_picked":["Body Slam","Armaments"],"picked":"Heavy Blade","floor":1},{"not_picked":["Body Slam","Headbutt"],"picked":"Inflame","floor":4},{"not_picked":["Shrug It Off","Armaments"],"picked":"Iron Wave","floor":5},{"not_picked":["Warcry","Fire Breathing"],"picked":"Infernal Blade","floor":6},{"not_picked":["Warcry","Headbutt"],"picked":"Seeing Red","floor":8},{"not_picked":["Thunderclap","Warcry"],"picked":"Pommel Strike","floor":12},{"not_picked":["Hemokinesis","True Grit"],"picked":"Berserk","floor":14},{"not_picked":["Berserk","Impervious"],"picked":"Brutality","floor":16},{"not_picked":["Ghostly Armor","Sword Boomerang"],"picked":"Shrug It Off+1","floor":18},{"not_picked":["Fire Breathing","Shrug It Off+1"],"picked":"Pommel Strike+1","floor":21},{"not_picked":["Burning Pact+1","Fire Breathing"],"picked":"Double Tap","floor":24},{"not_picked":["Pommel Strike","Cleave"],"picked":"Infernal Blade","floor":25},{"not_picked":["Cleave+1","Pommel Strike+1"],"picked":"Spot Weakness","floor":27},{"not_picked":["True Grit","Warcry"],"picked":"Flame Barrier+1","floor":28},{"not_picked":["Twin Strike","Entrench"],"picked":"Anger","floor":29},{"not_picked":["Shockwave","Armaments"],"picked":"Cleave+1","floor":30},{"not_picked":["Thunderclap","Heavy Blade"],"picked":"Combust","floor":31},{"not_picked":["Body Slam","Cleave"],"picked":"Twin Strike","floor":32},{"not_picked":["Barricade","Berserk"],"picked":"Offering","floor":33},{"not_picked":["Iron Wave","Clash"],"picked":"Clothesline+1","floor":35},{"not_picked":["Twin Strike+1","Pommel Strike"],"picked":"Iron Wave+1","floor":38},{"not_picked":["Clothesline","Fire Breathing"],"picked":"Burning Pact","floor":40},{"not_picked":["Clothesline+1","Corruption+1"],"picked":"Rupture+1","floor":42},{"not_picked":["Pommel Strike","Fire Breathing"],"picked":"Armaments+1","floor":44},{"not_picked":["Clothesline","Second Wind+1"],"picked":"Shrug It Off+1","floor":45},{"not_picked":["Thunderclap+1","Flex+1"],"picked":"Rage+1","floor":47},{"not_picked":["Heavy Blade","Second Wind+1"],"picked":"Pommel Strike+1","floor":48},{"not_picked":["Sword Boomerang+1","Reaper"],"picked":"Warcry+1","floor":49}],"player_experience":53154,"relics_obtained":[{"floor":2,"key":"PreservedInsect"},{"floor":6,"key":"Bronze Scales"},{"floor":9,"key":"Pear"},{"floor":24,"key":"Bag of Preparation"},{"floor":26,"key":"Dream Catcher"},{"floor":37,"key":"Anchor"},{"floor":40,"key":"Toxic Egg 2"},{"floor":42,"key":"Du-Vu Doll"},{"floor":43,"key":"Kunai"},{"floor":47,"key":"Girya"}],"event_choices":[{"damage_healed":0,"gold_gain":0,"player_choice":"Ignored","damage_taken":0,"max_hp_gain":0,"max_hp_loss":0,"event_name":"Liars Game","floor":3,"gold_loss":0},{"damage_healed":0,"gold_gain":0,"player_choice":"Ignored","damage_taken":0,"max_hp_gain":0,"max_hp_loss":0,"event_name":"Vampires","floor":19,"gold_loss":0},{"damage_healed":0,"gold_gain":0,"player_choice":"Simplicity","damage_taken":0,"max_hp_gain":0,"max_hp_loss":0,"event_name":"Back to Basics","floor":22,"gold_loss":0,"cards_upgraded":["Strike_R","Strike_R","Strike_R","Strike_R","Strike_R","Defend_R","Defend_R","Defend_R","Defend_R"]},{"damage_healed":0,"gold_gain":0,"player_choice":"Inject Mutagens","damage_taken":0,"relics_obtained":["MutagenicStrength"],"max_hp_gain":0,"max_hp_loss":0,"event_name":"Drug Dealer","floor":23,"gold_loss":0},{"damage_healed":0,"gold_gain":0,"player_choice":"Fight","damage_taken":0,"max_hp_gain":0,"max_hp_loss":0,"event_name":"MindBloom","floor":42,"gold_loss":0},{"damage_healed":0,"gold_gain":0,"player_choice":"Max HP","damage_taken":0,"max_hp_gain":0,"max_hp_loss":5,"event_name":"Winding Halls","floor":46,"gold_loss":0},{"damage_healed":0,"gold_gain":0,"player_choice":"Fight","damage_taken":0,"max_hp_gain":0,"max_hp_loss":0,"event_name":"Mysterious Sphere","floor":47,"gold_loss":0}],"is_beta":false,"boss_relics":[{"not_picked":["Busted Crown","Lizard Tail"],"picked":"Sozu"},{"not_picked":["Runic Dome","Cursed Key"],"picked":"Philosopher\u0027s Stone"}],"items_purged_floors":[],"is_endless":false,"potions_floor_spawned":[4,14,16,18,24,25,33,35,38],"killed_by":"Time Eater","ascension_level":0}