{"path_per_floor":["M","$","?","M","$","E","?","E","T","?","?","R","?","E","R","B",null,"M","?","M","?","?","E"],"character_chosen":"DEFECT","items_purchased":["FTL"],"gold_per_floor":[118,43,43,61,22,55,25,59,113,170,170,170,137,166,166,269,269,281,281,295,329,329,362,362],"floor_reached":24,"campfire_rested":2,"playtime":700,"current_hp_per_floor":[68,68,68,61,61,31,31,12,12,3,3,25,25,17,39,19,75,46,46,52,34,34,14,0],"items_purged":["Strike_B"],"gold":362,"score":287,"play_id":"b1866f1e-837b-44e0-b0f4-5a4a7210faf8","local_time":"20180518045501","is_prod":false,"is_daily":false,"chose_seed":false,"is_ascension_mode":true,"campfire_upgraded":0,"timestamp":1526612101,"campfire_choices":[{"floor":12,"key":"REST"},{"floor":15,"key":"REST"}],"path_taken":["M","$","?","M","?","E","?","E","T","?","?","R","?","E","R","BOSS","M","?","M","?","?","E","M"],"build_version":"2018-05-17","seed_source_timestamp":1103268977497094,"purchased_purges":1,"victory":false,"master_deck":["Defend_B","Defend_B","Defend_B","Defend_B","Zap+1","Dualcast","Ball Lightning","FTL","Ball Lightning","Doom and Gloom","Beam Cell","White Noise","Electrodynamics","Bite","Bite","Bite","Bite","Bite","Streamline+1","Static Discharge","Decay"],"max_hp_per_floor":[75,75,75,75,75,75,75,75,75,75,75,75,75,75,75,75,75,75,52,52,52,52,52,52],"relics":["Cracked Core","Dream Catcher","Boot","Juzu Bracelet","DataDisk","Happy Flower","Letter Opener","Velvet Choker","Red Mask","Pantograph"],"card_choices":[{"not_picked":["Stack","Turbo","Barrage"],"picked":"SKIP","floor":1},{"not_picked":["Aggregate","BootSequence"],"picked":"Ball Lightning","floor":4},{"not_picked":["Sweeping Beam","Steam Power","Barrage"],"picked":"SKIP","floor":6},{"not_picked":["Genetic Algorithm","Undo"],"picked":"Ball Lightning","floor":8},{"not_picked":["Static Discharge","Meteor Strike"],"picked":"Doom and Gloom","floor":12},{"not_picked":["Reprogram","Ball Lightning"],"picked":"Beam Cell","floor":14},{"not_picked":["Aggregate","Axe Kick"],"picked":"White Noise","floor":15},{"not_picked":["Creative AI","Biased Cognition"],"picked":"Electrodynamics","floor":16},{"not_picked":["Blizzard","Coolheaded","Auto Shields"],"picked":"SKIP","floor":18},{"not_picked":["Blizzard","Rebound"],"picked":"Streamline+1","floor":20},{"not_picked":["Coolheaded","Capacitor"],"picked":"Static Discharge","floor":21},{"not_picked":["Hologram","Barrage","Sweeping Beam"],"picked":"SKIP","floor":23}],"player_experience":72447,"potions_floor_usage":[8,8,14,16,23],"damage_taken":[{"damage":7,"enemies":"Jaw Worm","floor":1,"turns":3},{"damage":7,"enemies":"2 Louse","floor":4,"turns":2},{"damage":30,"enemies":"3 Sentries","floor":6,"turns":7},{"damage":19,"enemies":"Gremlin Nob","floor":8,"turns":4},{"damage":16,"enemies":"3 Sentries","floor":10,"turns":5},{"damage":8,"enemies":"3 Sentries","floor":14,"turns":3},{"damage":20,"enemies":"Hexaghost","floor":16,"turns":6},{"damage":29,"enemies":"2 Thieves","floor":18,"turns":3},{"damage":2,"enemies":"Chosen","floor":20,"turns":3},{"damage":22,"enemies":"Masked Bandits","floor":21,"turns":3},{"damage":30,"enemies":"Gremlin Leader","floor":23,"turns":5},{"damage":30,"enemies":"3 Cultists","floor":24,"turns":3}],"relics_obtained":[{"floor":6,"key":"Boot"},{"floor":8,"key":"Juzu Bracelet"},{"floor":9,"key":"DataDisk"},{"floor":10,"key":"Happy Flower"},{"floor":14,"key":"Letter Opener"},{"floor":21,"key":"Red Mask"},{"floor":23,"key":"Pantograph"}],"event_choices":[{"event_name":"Golden Idol","player_choice":"Ignored","floor":3,"damage_taken":0},{"event_name":"The Woman in Blue","player_choice":"Bought 2 Potions","floor":7,"damage_taken":0},{"event_name":"Dead Adventurer","player_choice":"Searched \u00272\u0027 times","floor":10,"damage_taken":0},{"event_name":"Upgrade Shrine","player_choice":"Upgraded","floor":11,"damage_taken":0},{"event_name":"World of Goop","player_choice":"Left","floor":13,"damage_taken":0},{"event_name":"Vampires","player_choice":"Became a vampire","floor":19,"damage_taken":0},{"event_name":"Masked Bandits","player_choice":"Fought over 295 gold","floor":21,"damage_taken":0},{"event_name":"Wheel of Change","player_choice":"Curse","floor":22,"damage_taken":0}],"boss_relics":[{"not_picked":["Tiny House","Eternal Feather"],"picked":"Velvet Choker"}],"potions_floor_spawned":[6,10,14,18],"seed_played":"5408934406083247932","killed_by":"3 Cultists","ascension_level":3,"potions_obtained":[{"floor":6,"key":"SpeedPotion"},{"floor":7,"key":"FairyPotion"},{"floor":7,"key":"Dexterity Potion"},{"floor":10,"key":"SteroidPotion"},{"floor":14,"key":"LiquidBronze"},{"floor":18,"key":"LiquidBronze"}],"is_trial":false}