{"path_per_floor":["M","M","?","$","M","E","R","$","T","M","E","M","E","M","R","B",null,"M","?","?","$","M","E"],"character_chosen":"IRONCLAD","items_purchased":["Headbutt","Dropkick","Armaments","Vajra","Bandage Up","Anger"],"gold_per_floor":[118,135,135,84,99,127,127,42,342,356,388,400,428,439,439,543,543,558,458,458,179,189,222],"floor_reached":24,"campfire_rested":2,"playtime":1365,"current_hp_per_floor":[75,80,80,80,74,48,72,72,72,74,57,50,34,33,57,48,80,64,64,49,49,38,11],"items_purged":[],"gold":222,"play_id":"91f728e3-480a-4cda-aa38-c9c47cb93930","is_prod":false,"is_daily":false,"is_ascension_mode":false,"campfire_upgraded":0,"path_taken":["M","M","?","$","M","E","R","$","T","M","E","M","E","M","R","BOSS","M","?","?","$","M","E","M"],"build_version":"2018-01-25-PROD3","purchased_purges":0,"victory":false,"master_deck":["Strike_R","Strike_R","Strike_R","Strike_R","Strike_R","Defend_R","Defend_R","Defend_R","Defend_R","Bash","Iron Wave","Spot Weakness+1","Headbutt","Fire Breathing","Headbutt","Dropkick","Armaments","Armaments","Rampage","Warcry","Armaments","Feel No Pain","Double Tap","Clash","J.A.X.","Bandage Up","Anger","Metallicize+1","Shrug It Off+1"],"max_hp_per_floor":[80,80,80,80,80,80,80,80,80,80,80,80,80,80,80,80,80,80,80,85,85,85,85],"relics":["Burning Blood","Bronze Scales","Old Coin","Juzu Bracelet","Pen Nib","Question Card","Vajra","Champion Belt"],"card_choices":[{"not_picked":["Cleave","Berserk"],"picked":"Iron Wave"},{"not_picked":["Thunderclap","Heavy Blade"],"picked":"Spot Weakness"},{"not_picked":["Cleave","Shockwave"],"picked":"Fire Breathing"},{"not_picked":["Bludgeon","Battle Trance"],"picked":"Headbutt"},{"not_picked":["Perfected Strike","Intimidate"],"picked":"Armaments"},{"not_picked":["Whirlwind","Pommel Strike"],"picked":"Rampage"},{"not_picked":["Hemokinesis","Fiend Fire"],"picked":"Warcry"},{"not_picked":["Warcry","Sword Boomerang"],"picked":"Armaments"},{"not_picked":["Bloodletting","Pommel Strike"],"picked":"Feel No Pain"},{"not_picked":["Brutality","Bludgeon"],"picked":"Double Tap"},{"not_picked":["True Grit","Perfected Strike","Second Wind"],"picked":"Clash"},{"not_picked":["Headbutt","Armaments","Thunderclap"],"picked":"Metallicize"},{"not_picked":["Seeing Red","Intimidate","Armaments"],"picked":"Shrug It Off"}],"player_experience":23433,"potions_floor_usage":[14,16,16,23],"damage_taken":[{"damage":11,"enemies":"Jaw Worm","floor":1,"turns":4},{"damage":0,"enemies":"2 Louse","floor":2,"turns":2},{"damage":12,"enemies":"Blue Slaver","floor":5,"turns":4},{"damage":32,"enemies":"Gremlin Nob","floor":6,"turns":4},{"damage":4,"enemies":"2 Fungi Beasts","floor":10,"turns":3},{"damage":23,"enemies":"3 Sentries","floor":11,"turns":6},{"damage":13,"enemies":"3 Louse","floor":12,"turns":3},{"damage":22,"enemies":"Gremlin Nob","floor":13,"turns":4},{"damage":7,"enemies":"Exordium Thugs","floor":14,"turns":4},{"damage":15,"enemies":"The Guardian","floor":16,"turns":9},{"damage":22,"enemies":"Shell Parasite","floor":18,"turns":6},{"damage":21,"enemies":"Spheric Guardian","floor":22,"turns":5},{"damage":33,"enemies":"Book of Stabbing","floor":23,"turns":5},{"damage":11,"enemies":"Snecko","floor":24,"turns":3}],"event_choices":[{"event_name":"Living Wall","player_choice":"Grow","floor":3,"damage_taken":0},{"event_name":"Drug Dealer","player_choice":"Got JAXXED","floor":19,"damage_taken":0},{"event_name":"Forgotten Altar","player_choice":"Shed Blood","floor":20,"damage_taken":0}],"boss_relics":[{"not_picked":["Philosopher\u0027s Stone","Ectoplasm"],"picked":"Question Card"}],"potions_floor_spawned":[5,6,14,22],"seed_played":"6629411660169049961","killed_by":"Snecko","ascension_level":0,"is_trial":false}