{"gold_per_floor":[116,127,146,146,47,47,72,30,30,46,3,14,14,27,27,103,153,165,55,55,55,55,55,55],"floor_reached":24,"playtime":1108,"items_purged":[],"score":382,"play_id":"01f93628-7e7a-4c2e-900c-34d464df07c1","local_time":"20190331192608","is_ascension_mode":true,"campfire_choices":[{"data":"Hello World","floor":6.0,"key":"SMITH"},{"floor":13,"key":"REST"},{"floor":15,"key":"REST"},{"floor":23,"key":"REST"}],"neow_cost":"NONE","seed_source_timestamp":943513704296283,"circlet_count":0,"master_deck":["AscendersBane","Strike_B","Strike_B","Strike_B","Strike_B+1","Defend_B","Defend_B","Defend_B","Defend_B","Zap","Dualcast","Hello World+1","BasicCrystalCard","ReplayTheSpireMod:Trickstab","ReplayTheSpireMod:GoodbyeWorld","Consume","Consume","BootSequence","Cold Snap","Hello World","Electrodynamics","Defragment","Steam+1","Languid"],"special_seed":0,"relics":["Cracked Core","NeowsBlessing","Durian","Gremlin Horn","Tiny House","Oddly Smooth Stone","Nilry\u0027s Codex"],"potions_floor_usage":[18,18,21,24],"damage_taken":[{"damage":0.0,"enemies":"Cultist","floor":1.0,"turns":1.0},{"damage":0.0,"enemies":"Jaw Worm","floor":2.0,"turns":1.0},{"damage":0.0,"enemies":"2 Louse","floor":3.0,"turns":1.0},{"damage":36.0,"enemies":"3 Sentries","floor":7.0,"turns":6.0},{"damage":20,"enemies":"Lots of Slimes","floor":10,"turns":5},{"damage":12,"enemies":"Exordium Wildlife","floor":12,"turns":4},{"damage":0,"enemies":"2 Fungi Beasts","floor":14,"turns":4},{"damage":48,"enemies":"The Guardian","floor":16,"turns":24},{"damage":31,"enemies":"Chosen","floor":18,"turns":5},{"damage":0,"enemies":"2 Thieves","floor":21,"turns":1},{"damage":64,"enemies":"Centurion and Healer","floor":24,"turns":7}],"seed_played":"1084435095550838438","potions_obtained":[{"floor":2.0,"key":"LiquidBronze"},{"floor":10,"key":"Strength Potion"},{"floor":16,"key":"PowerPotion"},{"floor":17,"key":"Regen Potion"},{"floor":18,"key":"Regen Potion"}],"is_trial":false,"path_per_floor":["M","M","M","?","$","R","E","$","T","M","$","M","R","M","R","B",null,"M","$","?","M","?","R","M"],"character_chosen":"DEFECT","items_purchased":["ReplayTheSpireMod:Trickstab","Consume","BootSequence","SmokeBomb"],"campfire_rested":3,"item_purchase_floors":[5,8,11,19],"current_hp_per_floor":[64,64,64,71,71,71,40,40,40,20,20,8,30,30,52,4,63,37,37,37,37,16,40,0],"gold":55,"neow_bonus":"THREE_ENEMY_KILL","is_prod":false,"is_daily":false,"chose_seed":false,"campfire_upgraded":1,"win_rate":0,"timestamp":1554078368,"path_taken":["M","M","M","?","$","R","E","$","T","?","?","M","R","M","R","BOSS","M","$","?","?","?","R","M"],"build_version":"2019-01-23","purchased_purges":0,"victory":false,"max_hp_per_floor":[71,71,71,71,71,71,76,76,76,76,76,76,76,76,76,76,81,81,81,81,81,81,81,81],"card_choices":[{"not_picked":["Cold Snap","Gash"],"picked":"Hello World","floor":1.0},{"not_picked":["Storm","Sweeping Beam"],"picked":"Consume","floor":2.0},{"not_picked":["Go for the Eyes","FTL"],"picked":"BasicCrystalCard","floor":3.0},{"not_picked":["Sweeping Beam","Fusion"],"picked":"ReplayTheSpireMod:GoodbyeWorld","floor":7.0},{"not_picked":["Redo","Barrage"],"picked":"Consume","floor":10},{"not_picked":["Amplify","Compile Driver"],"picked":"Cold Snap","floor":12},{"not_picked":["Storm","Gash"],"picked":"Hello World","floor":14},{"not_picked":["All For One","Fission"],"picked":"Electrodynamics","floor":16},{"not_picked":["Force Field","Stack"],"picked":"Defragment","floor":17},{"not_picked":["Aggregate","Gash"],"picked":"Steam+1","floor":18}],"player_experience":876577,"relics_obtained":[{"floor":7.0,"key":"Durian"},{"floor":9.0,"key":"Gremlin Horn"},{"floor":22,"key":"Nilry\u0027s Codex"}],"event_choices":[{"cards_removed":["Consume"],"damage_healed":7.0,"max_hp_gain":0.0,"max_hp_loss":0.0,"gold_gain":0.0,"event_name":"Bonfire Elementals","player_choice":"Offered Uncommon","floor":4.0,"gold_loss":0.0,"damage_taken":0.0},{"damage_healed":0,"gold_gain":0,"player_choice":"Obtained Book","damage_taken":21,"max_hp_gain":0,"max_hp_loss":0,"event_name":"Cursed Tome","floor":22,"gold_loss":0}],"is_beta":false,"boss_relics":[{"not_picked":["Busted Crown","Runic Dome"],"picked":"Tiny House"}],"items_purged_floors":[],"is_endless":false,"potions_floor_spawned":[2,10,16,18],"killed_by":"Centurion and Healer","ascension_level":19}