{"gold_per_floor":[112,262,281,281,298,298,324,324,324,624,0,0,34,34],"floor_reached":14,"playtime":350,"items_purged":["Doubt"],"score":192,"play_id":"ad1fafa9-a71b-4d3f-8ecb-40afc6647980","local_time":"20190222234500","is_ascension_mode":true,"campfire_choices":[{"data":"Zap","floor":6,"key":"SMITH"},{"floor":8,"key":"REST"},{"floor":10,"key":"DIG"},{"floor":12,"key":"REST"}],"neow_cost":"NONE","seed_source_timestamp":34372992322899,"circlet_count":0,"master_deck":["AscendersBane","Strike_B","Strike_B","Strike_B","Defend_B","Defend_B","Defend_B","Defend_B","Zap+1","Dualcast","Capacitor","Ball Lightning","Auto Shields","Static Discharge","Compile Driver"],"relics":["Cracked Core","Shovel","Peace Pipe","Old Coin","Happy Flower","Medical Kit","Bag of Preparation"],"potions_floor_usage":[5,14],"damage_taken":[{"damage":9,"enemies":"Jaw Worm","floor":1,"turns":5},{"damage":7,"enemies":"Cultist","floor":3,"turns":4},{"damage":2,"enemies":"2 Louse","floor":5,"turns":3},{"damage":44,"enemies":"Lagavulin","floor":7,"turns":6},{"damage":30,"enemies":"3 Sentries","floor":13,"turns":6},{"damage":24,"enemies":"Gremlin Gang","floor":14,"turns":2}],"seed_played":"5016659047363900327","potions_obtained":[{"floor":5,"key":"Fruit Juice"},{"floor":7,"key":"Strength Potion"}],"is_trial":false,"path_per_floor":["M","?","M","?","M","R","E","R","T","R","$","R","E","M"],"character_chosen":"DEFECT","items_purchased":["Auto Shields","Static Discharge","Happy Flower","Compile Driver","Medical Kit"],"campfire_rested":2,"item_purchase_floors":[11,11,11,11,11],"current_hp_per_floor":[55,55,48,48,51,51,7,29,29,29,29,51,21,0],"gold":34,"neow_bonus":"REMOVE_CARD","is_prod":false,"is_daily":false,"chose_seed":false,"campfire_upgraded":1,"win_rate":0,"timestamp":1550871900,"path_taken":["M","?","M","?","?","R","E","R","T","R","?","R","E","?"],"build_version":"2019-01-23","purchased_purges":1,"victory":false,"max_hp_per_floor":[71,71,71,71,76,76,76,76,76,76,76,76,76,76],"card_choices":[{"not_picked":["Turbo","Go for the Eyes"],"picked":"Capacitor","floor":1},{"not_picked":["Barrage","Streamline","Heatsinks"],"picked":"SKIP","floor":3},{"not_picked":["Stack","Chaos","Beam Cell"],"picked":"SKIP","floor":5},{"not_picked":["Rebound","Beam Cell","Melter"],"picked":"SKIP","floor":7},{"not_picked":["Steam Power","Rebound","Coolheaded"],"picked":"SKIP","floor":13}],"player_experience":890697,"relics_obtained":[{"floor":7,"key":"Shovel"},{"floor":9,"key":"Peace Pipe"},{"floor":10,"key":"Old Coin"},{"floor":13,"key":"Bag of Preparation"}],"event_choices":[{"damage_healed":0,"gold_gain":150,"player_choice":"AGREE","damage_taken":0,"max_hp_gain":0,"max_hp_loss":0,"event_name":"Liars Game","floor":2,"gold_loss":0,"cards_obtained":["Doubt"]},{"damage_healed":0,"gold_gain":0,"player_choice":"1 cards matched","damage_taken":0,"max_hp_gain":0,"max_hp_loss":0,"event_name":"Match and Keep!","floor":4,"gold_loss":0,"cards_obtained":["Ball Lightning"]}],"is_beta":false,"boss_relics":[],"items_purged_floors":[11],"is_endless":false,"potions_floor_spawned":[5,7],"killed_by":"Gremlin Gang","ascension_level":20}