{"gold_per_floor":[119,133,148,159,159,185,195,195,222,247,247,261,292,302,302,402,402,419,439,399,413,25,25,37,37],"floor_reached":25,"playtime":1261,"items_purged":["Strike_B"],"score":261,"play_id":"a34f550c-105b-4a6a-9b05-0f886446ec20","local_time":"20190222212954","is_ascension_mode":true,"campfire_choices":[{"data":"Ball Lightning","floor":8,"key":"SMITH"},{"data":"Conserve Battery","floor":11,"key":"SMITH"},{"data":"Coolheaded","floor":15,"key":"SMITH"},{"floor":23,"key":"REST"}],"neow_cost":"NONE","seed_source_timestamp":21345328736222,"circlet_count":0,"master_deck":["Strike_B","Strike_B","Strike_B","Defend_B","Defend_B","Defend_B","Defend_B","Zap+1","Dualcast","Leap","Capacitor+1","Ball Lightning+1","Coolheaded+1","Conserve Battery+1","Core Surge","Coolheaded","Cold Snap","Hologram","Creative AI","Leap+1","Storm","Loop+1","Capacitor","Ball Lightning","Coolheaded+1"],"relics":["Cracked Core","Dream Catcher","Ancient Tea Set","Potion Belt","Fusion Hammer","Toxic Egg 2"],"potions_floor_usage":[6,10,10,12,13,21,24,25,25],"damage_taken":[{"damage":1,"enemies":"2 Louse","floor":1,"turns":2},{"damage":0,"enemies":"Cultist","floor":2,"turns":3},{"damage":7,"enemies":"Small Slimes","floor":3,"turns":5},{"damage":2,"enemies":"2 Fungi Beasts","floor":4,"turns":4},{"damage":12,"enemies":"Gremlin Nob","floor":6,"turns":3},{"damage":5,"enemies":"Large Slime","floor":7,"turns":5},{"damage":8,"enemies":"3 Sentries","floor":10,"turns":5},{"damage":0,"enemies":"Red Slaver","floor":12,"turns":3},{"damage":13,"enemies":"Gremlin Nob","floor":13,"turns":5},{"damage":0,"enemies":"2 Fungi Beasts","floor":14,"turns":3},{"damage":3,"enemies":"Hexaghost","floor":16,"turns":12},{"damage":5,"enemies":"Spheric Guardian","floor":18,"turns":6},{"damage":3,"enemies":"Shell Parasite","floor":19,"turns":6},{"damage":20,"enemies":"Sentry and Sphere","floor":21,"turns":7},{"damage":18,"enemies":"Cultist and Chosen","floor":24,"turns":6},{"damage":58,"enemies":"Gremlin Leader","floor":25,"turns":3}],"seed_played":"6014612117912033125","potions_obtained":[{"floor":2,"key":"Weak Potion"},{"floor":4,"key":"PowerPotion"},{"floor":6,"key":"Explosive Potion"},{"floor":7,"key":"Strength Potion"},{"floor":10,"key":"EssenceOfSteel"},{"floor":12,"key":"Energy Potion"},{"floor":19,"key":"LiquidBronze"},{"floor":20,"key":"FearPotion"},{"floor":20,"key":"EntropicBrew"},{"floor":20,"key":"Strength Potion"},{"floor":21,"key":"Strength Potion"},{"floor":24,"key":"SpeedPotion"}],"is_trial":false,"path_per_floor":["M","M","M","M","?","E","M","R","T","E","R","M","E","M","R","B",null,"M","M","?","M","$","R","M","E"],"character_chosen":"DEFECT","items_purchased":["Capacitor","Toxic Egg 2"],"campfire_rested":1,"item_purchase_floors":[22,22],"current_hp_per_floor":[74,74,67,65,65,53,48,48,48,40,40,40,27,27,27,24,75,70,67,67,47,47,69,51,0],"gold":37,"neow_bonus":"UPGRADE_CARD","is_prod":false,"is_daily":false,"chose_seed":false,"campfire_upgraded":3,"win_rate":0,"timestamp":1550867394,"path_taken":["M","M","M","M","?","E","M","R","T","E","R","M","E","M","R","BOSS","M","M","?","M","$","R","M","E"],"build_version":"2019-01-23","purchased_purges":1,"victory":false,"max_hp_per_floor":[75,75,75,75,75,75,75,75,75,75,75,75,75,75,75,75,75,75,75,75,75,75,75,75,75],"card_choices":[{"not_picked":["Conserve Battery","Go for the Eyes"],"picked":"Leap","floor":1},{"not_picked":["Go for the Eyes","Consume"],"picked":"Capacitor","floor":2},{"not_picked":["Gash","Go for the Eyes","FTL"],"picked":"SKIP","floor":3},{"not_picked":["Cold Snap","Tempest"],"picked":"Ball Lightning","floor":4},{"not_picked":["Thunder Strike","Scrape"],"picked":"Coolheaded","floor":6},{"not_picked":["Gash","Reprogram"],"picked":"Conserve Battery","floor":7},{"not_picked":["FTL","Turbo"],"picked":"Core Surge","floor":10},{"not_picked":["Go for the Eyes","Reinforced Body"],"picked":"Coolheaded","floor":12},{"not_picked":["Stack","Compile Driver"],"picked":"Cold Snap","floor":13},{"not_picked":["Stack","Leap"],"picked":"Hologram","floor":14},{"not_picked":["Meteor Strike","Amplify"],"picked":"Creative AI","floor":16},{"not_picked":["Conserve Battery","Hello World+1"],"picked":"Leap+1","floor":18},{"not_picked":["Steam","Barrage"],"picked":"Storm","floor":19},{"not_picked":["Heatsinks","Gash+1"],"picked":"Loop+1","floor":21},{"not_picked":["Gash+1","Capacitor"],"picked":"Ball Lightning","floor":23},{"not_picked":["Rainbow+1","Compile Driver+1"],"picked":"Coolheaded+1","floor":24}],"player_experience":228242,"relics_obtained":[{"floor":6,"key":"Dream Catcher"},{"floor":10,"key":"Ancient Tea Set"},{"floor":13,"key":"Potion Belt"}],"event_choices":[{"damage_healed":0,"gold_gain":0,"player_choice":"Grow","damage_taken":0,"max_hp_gain":0,"max_hp_loss":0,"event_name":"Living Wall","floor":5,"gold_loss":0,"cards_upgraded":["Capacitor"]},{"damage_healed":0,"gold_gain":0,"player_choice":"Bought 3 Potions","damage_taken":0,"max_hp_gain":0,"max_hp_loss":0,"event_name":"The Woman in Blue","floor":20,"gold_loss":0}],"is_beta":false,"boss_relics":[{"not_picked":["Runic Pyramid","Philosopher\u0027s Stone"],"picked":"Fusion Hammer"}],"items_purged_floors":[22],"is_endless":false,"potions_floor_spawned":[2,4,6,7,10,12,19,21,24],"killed_by":"Gremlin Leader","ascension_level":3}