{"gold_per_floor":[115,40,56,56,83,113,113,138,138,171,71,71,85,85,85,85],"floor_reached":16,"playtime":551,"items_purged":["Strike_G","Strike_G"],"score":162,"play_id":"fb6cf5e7-fd5b-4c35-918c-515b1def7a0b","local_time":"20190205213037","is_ascension_mode":true,"campfire_choices":[{"data":"Catalyst","floor":7,"key":"SMITH"},{"data":"Corpse Explosion","floor":12,"key":"SMITH"},{"data":"Neutralize","floor":15,"key":"SMITH"}],"neow_cost":"NONE","seed_source_timestamp":774220978355601,"circlet_count":0,"master_deck":["Defend_G","Defend_G+1","Defend_G","Defend_G","Defend_G","Strike_G","Strike_G","Strike_G","Survivor+1","Neutralize+1","Catalyst+1","Crippling Poison","Corpse Explosion+1","All Out Attack","Bane"],"relics":["Ring of the Snake","NeowsBlessing","PreservedInsect","Girya","Paper Crane","Singing Bowl","War Paint"],"potions_floor_usage":[16,16],"damage_taken":[{"damage":0,"enemies":"Cultist","floor":1,"turns":1},{"damage":0,"enemies":"Small Slimes","floor":3,"turns":1},{"damage":0,"enemies":"3 Sentries","floor":6,"turns":1},{"damage":31,"enemies":"Gremlin Nob","floor":8,"turns":4},{"damage":17,"enemies":"3 Sentries","floor":10,"turns":3},{"damage":12,"enemies":"Jaw Worm","floor":13,"turns":2},{"damage":27,"enemies":"Slime Boss","floor":16,"turns":7}],"seed_played":"-6498152828910855519","potions_obtained":[{"floor":8,"key":"Strength Potion"},{"floor":10,"key":"Dexterity Potion"}],"is_trial":false,"path_per_floor":["M","$","M","$","T","E","R","E","T","E","$","R","M","$","R","B"],"character_chosen":"THE_SILENT","items_purchased":[],"campfire_rested":0,"item_purchase_floors":[],"current_hp_per_floor":[70,70,70,70,70,70,70,39,39,24,24,24,12,12,12,0],"gold":85,"neow_bonus":"THREE_ENEMY_KILL","is_prod":false,"is_daily":false,"chose_seed":false,"campfire_upgraded":3,"win_rate":0,"timestamp":1549431037,"path_taken":["M","$","?","?","?","E","R","E","T","E","$","R","M","$","R","BOSS"],"build_version":"2019-01-23","purchased_purges":2,"victory":false,"max_hp_per_floor":[70,70,70,70,70,70,70,70,70,72,72,72,72,72,72,72],"card_choices":[{"not_picked":["Underhanded Strike","Endless Agony"],"picked":"Catalyst","floor":1},{"not_picked":["PiercingWail","Backflip"],"picked":"Crippling Poison","floor":3},{"not_picked":["Acrobatics","Blade Dance"],"picked":"Corpse Explosion","floor":6},{"not_picked":["Outmaneuver","Cloak And Dagger"],"picked":"All Out Attack","floor":8},{"not_picked":["Slice","Accuracy","Riddle With Holes"],"picked":"Singing Bowl","floor":10},{"not_picked":["Prepared","Deflect"],"picked":"Bane","floor":13}],"player_experience":93899,"relics_obtained":[{"floor":5,"key":"PreservedInsect"},{"floor":6,"key":"Girya"},{"floor":8,"key":"Paper Crane"},{"floor":9,"key":"Singing Bowl"},{"floor":10,"key":"War Paint"}],"event_choices":[],"is_beta":false,"boss_relics":[],"items_purged_floors":[2,11],"is_endless":false,"potions_floor_spawned":[8,10],"killed_by":"Slime Boss","ascension_level":3}