{"gold_per_floor":[368,12,27,40,56,56,68,95,147,147,160,172,198,208,208,286,286,301,34,34,34,34,61,61,77,103,103,117,130,130,148,148,223,223,240,240],"floor_reached":36,"playtime":1610,"items_purged":["Strike_B","Strike_B"],"score":796,"play_id":"f0a69c5a-4701-4984-b921-5830b5ca08da","local_time":"20190121224649","is_ascension_mode":true,"campfire_choices":[{"data":"Sunder","floor":6.0,"key":"SMITH"},{"floor":10.0,"key":"REST"},{"data":"Beam Cell","floor":15.0,"key":"SMITH"},{"floor":24.0,"key":"REST"},{"floor":27.0,"key":"RECALL"},{"floor":32.0,"key":"REST"}],"neow_cost":"PERCENT_DAMAGE","seed_source_timestamp":0,"circlet_count":0,"master_deck":["AscendersBane","Defend_B+1","Defend_B+1","Defend_B+1","Defend_B+1","Zap","Dualcast","Sunder+1","Cold Snap","Sweeping Beam","Compile Driver","Ball Lightning","Beam Cell+1","Melter","Genetic Algorithm","Ball Lightning","Conserve Battery","Cold Snap","Echo Form","BootSequence","Streamline","Jack Of All Trades","Biased Cognition","Conserve Battery","Streamline","Steam+1","Biased Cognition","Electrodynamics","Undo+1","Coolheaded","Leap","Conserve Battery","Coolheaded+1"],"special_seed":0,"relics":["Cracked Core","Oddly Smooth Stone","Anchor","Potion Belt","Blue Candle","Fusion Hammer","Bag of Preparation","PreservedInsect","Orrery"],"potions_floor_usage":[],"damage_taken":[{"damage":0.0,"enemies":"Cultist","floor":1.0,"turns":3.0},{"damage":0.0,"enemies":"Small Slimes","floor":3.0,"turns":2.0},{"damage":0.0,"enemies":"2 Louse","floor":4.0,"turns":2.0},{"damage":5.0,"enemies":"Exordium Wildlife","floor":5.0,"turns":4.0},{"damage":0.0,"enemies":"Gremlin Gang","floor":7.0,"turns":3.0},{"damage":26.0,"enemies":"Lagavulin","floor":8.0,"turns":5.0},{"damage":3.0,"enemies":"Exordium Thugs","floor":11.0,"turns":3.0},{"damage":3.0,"enemies":"2 Fungi Beasts","floor":12.0,"turns":3.0},{"damage":8.0,"enemies":"3 Sentries","floor":13.0,"turns":4.0},{"damage":3.0,"enemies":"Exordium Wildlife","floor":14.0,"turns":3.0},{"damage":14.0,"enemies":"Hexaghost","floor":16.0,"turns":7.0},{"damage":1.0,"enemies":"Shell Parasite","floor":18.0,"turns":3.0},{"damage":19.0,"enemies":"Slavers","floor":23.0,"turns":5.0},{"damage":0.0,"enemies":"Chosen","floor":25.0,"turns":3.0},{"damage":2.0,"enemies":"Centurion and Healer","floor":28.0,"turns":4.0},{"damage":43.0,"enemies":"Cultist and Chosen","floor":29.0,"turns":6.0},{"damage":10.0,"enemies":"Shelled Parasite and Fungi","floor":31.0,"turns":3.0},{"damage":37.0,"enemies":"Champ","floor":33.0,"turns":16.0},{"damage":0,"enemies":"Orb Walker","floor":35,"turns":3},{"damage":64,"enemies":"3 Darklings","floor":36,"turns":6}],"seed_played":"6000183091242266767","potions_obtained":[{"floor":1.0,"key":"Fire Potion"},{"floor":11.0,"key":"SteroidPotion"},{"floor":13.0,"key":"Explosive Potion"},{"floor":14.0,"key":"Explosive Potion"},{"floor":16.0,"key":"Fruit Juice"},{"floor":18.0,"key":"Regen Potion"},{"floor":23.0,"key":"GamblersBrew"},{"floor":28.0,"key":"Ancient Potion"}],"is_trial":false,"path_per_floor":["M","$","M","M","M","R","M","E","T","R","M","M","E","M","R","B",null,"M","$","?","?","$","E","R","M","T","R","M","?"],"character_chosen":"DEFECT","items_purchased":["Oddly Smooth Stone","Cold Snap","Block Potion","Streamline","Jack Of All Trades"],"campfire_rested":3,"item_purchase_floors":[2,2,2,19,19],"current_hp_per_floor":[46,46,46,46,41,41,41,15,15,36,33,30,22,19,19,5,55,54,54,54,54,54,49,70,70,70,70,68,25,39,29,50,13,57,57,0],"gold":240,"neow_bonus":"TWO_FIFTY_GOLD","is_prod":false,"is_daily":false,"chose_seed":false,"campfire_upgraded":2,"win_rate":0,"timestamp":1548128809,"path_taken":["M","$","?","M","M","R","M","E","T","R","M","M","E","M","R","BOSS","M","$","?","?","?","E","R","M","T","R","?","M","?","M","R","BOSS","M","M"],"build_version":"2019-01-20","purchased_purges":2,"victory":false,"max_hp_per_floor":[71,71,71,71,71,71,71,71,71,71,71,71,71,71,71,71,71,71,71,71,71,71,71,71,71,71,71,71,71,71,71,71,71,71,71,71],"card_choices":[{"not_picked":["Sweeping Beam","Conserve Battery"],"picked":"Sunder","floor":1.0},{"not_picked":["Turbo","Go for the Eyes"],"picked":"Sweeping Beam","floor":3.0},{"not_picked":["Go for the Eyes","Fusion"],"picked":"Compile Driver","floor":4.0},{"not_picked":["Redo","Barrage"],"picked":"Ball Lightning","floor":5.0},{"not_picked":["Sweeping Beam","Skim"],"picked":"Beam Cell","floor":7.0},{"not_picked":["Reinforced Body","Fusion"],"picked":"Melter","floor":8.0},{"not_picked":["Melter","Doom and Gloom"],"picked":"Genetic Algorithm","floor":11.0},{"not_picked":["Barrage","Hologram"],"picked":"Ball Lightning","floor":12.0},{"not_picked":["Fission","Compile Driver"],"picked":"Conserve Battery","floor":13.0},{"not_picked":["Redo","Go for the Eyes"],"picked":"Cold Snap","floor":14.0},{"not_picked":["Meteor Strike","Machine Learning"],"picked":"Echo Form","floor":16.0},{"not_picked":["Redo","Stack"],"picked":"BootSequence","floor":18.0},{"not_picked":["Static Discharge+1","Blizzard+1","Force Field"],"picked":"SKIP","floor":23.0},{"not_picked":["Sweeping Beam+1","Rebound"],"picked":"Streamline","floor":25.0},{"not_picked":["Consume","Redo"],"picked":"Steam+1","floor":28.0},{"not_picked":["Melter","Leap+1"],"picked":"Biased Cognition","floor":29.0},{"not_picked":["Barrage","Sweeping Beam","Beam Cell"],"picked":"SKIP","floor":31.0},{"not_picked":["Buffer","Amplify"],"picked":"Electrodynamics","floor":33.0},{"not_picked":["Beam Cell","Stack"],"picked":"Undo+1","floor":34.0},{"not_picked":["Fusion","Amplify"],"picked":"Coolheaded","floor":34.0},{"not_picked":["Steam","Double Energy"],"picked":"Leap","floor":34.0},{"not_picked":["Leap","Reinforced Body"],"picked":"Conserve Battery","floor":34.0},{"not_picked":["Turbo","Blizzard"],"picked":"Coolheaded+1","floor":35}],"player_experience":798171,"relics_obtained":[{"floor":8.0,"key":"Anchor"},{"floor":9.0,"key":"Potion Belt"},{"floor":13.0,"key":"Blue Candle"},{"floor":23.0,"key":"Bag of Preparation"},{"floor":26.0,"key":"PreservedInsect"}],"event_choices":[{"damage_healed":0.0,"max_hp_gain":0.0,"max_hp_loss":0.0,"gold_gain":0.0,"cards_transformed":["Strike_B","Strike_B"],"event_name":"Drug Dealer","player_choice":"Became Test Subject","floor":20.0,"gold_loss":0.0,"damage_taken":0.0,"cards_obtained":["Biased Cognition","Conserve Battery"]},{"damage_healed":0.0,"max_hp_gain":0.0,"max_hp_loss":0.0,"gold_gain":0.0,"event_name":"Back to Basics","player_choice":"Simplicity","floor":21.0,"gold_loss":0.0,"damage_taken":0.0,"cards_upgraded":["Defend_B","Defend_B","Defend_B","Defend_B"]},{"damage_healed":14.0,"max_hp_gain":0.0,"max_hp_loss":0.0,"gold_gain":0.0,"event_name":"The Library","player_choice":"Heal","floor":30.0,"gold_loss":0.0,"damage_taken":0.0}],"is_beta":true,"boss_relics":[{"not_picked":["Lizard Tail","Cursed Key"],"picked":"Fusion Hammer"},{"not_picked":["White Beast Statue","Snecko Eye"],"picked":"Orrery"}],"items_purged_floors":[2,19],"is_endless":false,"potions_floor_spawned":[1,3,5,11,13,14,16,18,23,28],"killed_by":"3 Darklings","ascension_level":20}