{"gold_per_floor":[117,117,117,129,129,129,163,163,187,187,201,211,223,256,256,357,357,374,117,42,42,62,62,90,90,162,162,177,194,23,37,37,141,141,152,165,165,165,20,53,73,108,131,131,144,144,154,154,154,154,154,154,8,42,42],"floor_reached":56,"playtime":3023,"items_purged":["Pain","Strike_R+1"],"score":1441,"play_id":"b85cf357-594a-4030-b1cd-70b82dcb0a59","local_time":"20181211054404","is_ascension_mode":true,"campfire_choices":[{"data":"Bash","floor":6,"key":"SMITH"},{"data":"True Grit","floor":8,"key":"SMITH"},{"data":"Seeing Red","floor":10,"key":"SMITH"},{"data":"Pommel Strike","floor":15,"key":"SMITH"},{"data":"Inflame","floor":23,"key":"SMITH"},{"data":"True Grit","floor":25,"key":"SMITH"},{"data":"Double Tap","floor":32,"key":"SMITH"},{"floor":49,"key":"RECALL"},{"data":"Mayhem","floor":52,"key":"SMITH"}],"neow_cost":"NONE","seed_source_timestamp":1470457553364349,"circlet_count":0,"master_deck":["Defend_R","Defend_R+1","Defend_R","Defend_R","Bash+1","Seeing Red+1","True Grit+1","Pommel Strike+1","Battle Trance","Sentinel","Feed","Double Tap+1","Shrug It Off","Inflame+1","Deep Breath","True Grit+1","Reaper","Thunderclap","Feel No Pain+1","Clash","Sword Boomerang+1","Offering","Dual Wield+1","Power Through+1","Rampage+1","Headbutt+1","Finesse","Mayhem+1","Clothesline+1","Exhume","Uppercut+1","Flame Barrier+1","Anger+1","Havoc","True Grit"],"relics":["Burning Blood","NeowsBlessing","WarpedTongs","FaceOfCleric","Potion Belt","Kunai","Sozu","Nloth\u0027s Gift","Ice Cream","Bronze Scales","Astrolabe","Bottled Tornado","PreservedInsect","Whetstone","Shuriken","Lantern","Anchor"],"potions_floor_usage":[16,16,18,55,55],"damage_taken":[{"damage":0,"enemies":"Small Slimes","floor":1,"turns":1},{"damage":0,"enemies":"Jaw Worm","floor":4,"turns":1},{"damage":0,"enemies":"3 Sentries","floor":7,"turns":1},{"damage":1,"enemies":"Cultist","floor":11,"turns":2},{"damage":6,"enemies":"3 Louse","floor":12,"turns":7},{"damage":14,"enemies":"Lots of Slimes","floor":13,"turns":5},{"damage":1,"enemies":"Gremlin Nob","floor":14,"turns":3},{"damage":6,"enemies":"Slime Boss","floor":16,"turns":9},{"damage":11,"enemies":"Spheric Guardian","floor":18,"turns":3},{"damage":7,"enemies":"3 Byrds","floor":22,"turns":5},{"damage":23,"enemies":"Book of Stabbing","floor":24,"turns":6},{"damage":15,"enemies":"Snake Plant","floor":28,"turns":5},{"damage":12,"enemies":"Snecko","floor":29,"turns":4},{"damage":10,"enemies":"Centurion and Healer","floor":31,"turns":5},{"damage":24,"enemies":"Champ","floor":33,"turns":9},{"damage":6,"enemies":"3 Shapes","floor":35,"turns":4},{"damage":2,"enemies":"Orb Walker","floor":36,"turns":4},{"damage":24,"enemies":"Giant Head","floor":40,"turns":5},{"damage":15,"enemies":"Sphere and 2 Shapes","floor":41,"turns":5},{"damage":6,"enemies":"Nemesis","floor":42,"turns":5},{"damage":18,"enemies":"Transient","floor":45,"turns":5},{"damage":7,"enemies":"Spire Growth","floor":47,"turns":3},{"damage":52,"enemies":"Donu and Deca","floor":50,"turns":8},{"damage":19,"enemies":"Shield and Spear","floor":54,"turns":4},{"damage":115,"enemies":"The Heart","floor":55,"turns":9}],"seed_played":"8614216055728640532","potions_obtained":[{"floor":1,"key":"Strength Potion"},{"floor":4,"key":"Dexterity Potion"},{"floor":13,"key":"SkillPotion"},{"floor":14,"key":"Regen Potion"},{"floor":16,"key":"AttackPotion"}],"is_trial":false,"path_per_floor":["M","?","?","M","?","R","E","R","T","R","M","M","M","E","R","B",null,"M","$","?","?","M","R","E","R","T","?","M","M","$","M","R","B",null,"M","M","?","?","$","E","M","E","T","?","M","T","M","$","R","B",null,"R","$","E","B",null],"character_chosen":"IRONCLAD","items_purchased":["Inflame","Deep Breath","True Grit","Clash","Bronze Scales","Clothesline","Lantern"],"campfire_rested":0,"item_purchase_floors":[19,19,19,30,30,39,53],"current_hp_per_floor":[80,64,64,70,70,70,77,77,77,77,82,83,76,82,82,86,89,85,85,85,85,88,88,76,76,76,76,82,90,90,103,103,93,114,124,129,119,119,119,122,127,132,132,132,128,128,136,136,136,113,139,139,139,142,64],"gold":42,"neow_bonus":"THREE_ENEMY_KILL","is_prod":false,"is_daily":false,"chose_seed":false,"campfire_upgraded":8,"win_rate":0,"timestamp":1544525044,"path_taken":["M","?","?","?","?","R","E","R","T","R","M","M","?","E","R","BOSS","M","$","?","?","?","R","E","R","T","?","M","?","$","?","R","BOSS","M","M","?","?","$","E","M","E","T","?","?","?","?","$","R","BOSS","R","$","E","BOSS"],"build_version":"2018-12-06","purchased_purges":2,"victory":true,"max_hp_per_floor":[80,80,80,80,80,80,81,81,81,81,82,83,84,85,85,89,89,90,90,90,90,94,94,99,99,99,99,104,108,108,113,113,114,114,124,129,129,123,123,124,131,136,136,136,137,137,138,138,138,139,139,139,139,143,144],"card_choices":[{"not_picked":["Entrench","Intimidate"],"picked":"Seeing Red","floor":1},{"not_picked":["Warcry","Combust","Havoc"],"picked":"SKIP","floor":4},{"not_picked":["Intimidate","Clash"],"picked":"True Grit","floor":7},{"not_picked":["Flex","Thunderclap"],"picked":"Pommel Strike","floor":11},{"not_picked":["Iron Wave","Sword Boomerang"],"picked":"Battle Trance","floor":12},{"not_picked":["Intimidate","Warcry"],"picked":"Sentinel","floor":13},{"not_picked":["Twin Strike","Ghostly Armor"],"picked":"Feed","floor":14},{"not_picked":["Bludgeon","Dark Embrace"],"picked":"Double Tap","floor":16},{"not_picked":["Body Slam+1","Wild Strike"],"picked":"Shrug It Off","floor":18},{"not_picked":["Rupture","Sever Soul"],"picked":"Reaper","floor":22},{"not_picked":["Body Slam","Pummel+1"],"picked":"Thunderclap","floor":24},{"not_picked":["Havoc","Armaments","Flex"],"picked":"SKIP","floor":28},{"not_picked":["Armaments","Body Slam"],"picked":"Feel No Pain+1","floor":29},{"not_picked":["True Grit","Dark Embrace"],"picked":"Sword Boomerang","floor":31},{"not_picked":["Fiend Fire","Bludgeon"],"picked":"Offering","floor":33},{"not_picked":["Flex","Hemokinesis","Dual Wield+1"],"picked":"SKIP","floor":35},{"not_picked":["True Grit","Fire Breathing"],"picked":"Headbutt+1","floor":36},{"not_picked":["PanicButton","Dramatic Entrance"],"picked":"Finesse","floor":37},{"not_picked":["Flash of Steel","Secret Technique"],"picked":"Mayhem","floor":37},{"not_picked":["Immolate","Perfected Strike"],"picked":"Exhume","floor":40},{"not_picked":["Thunderclap","Flex"],"picked":"Uppercut+1","floor":41},{"not_picked":["Second Wind","Body Slam"],"picked":"Flame Barrier+1","floor":42},{"not_picked":["Perfected Strike+1","True Grit"],"picked":"Anger+1","floor":45},{"not_picked":["Warcry+1","Heavy Blade"],"picked":"Havoc","floor":47},{"not_picked":["Berserk","Heavy Blade"],"picked":"True Grit","floor":54}],"player_experience":3758962,"relics_obtained":[{"floor":7,"key":"Regal Pillow"},{"floor":9,"key":"Potion Belt"},{"floor":14,"key":"Kunai"},{"floor":24,"key":"Ice Cream"},{"floor":40,"key":"Bottled Tornado"},{"floor":42,"key":"PreservedInsect"},{"floor":43,"key":"Whetstone"},{"floor":46,"key":"Shuriken"},{"floor":54,"key":"Anchor"}],"event_choices":[{"damage_healed":0,"gold_gain":0,"player_choice":"Entered Light","damage_taken":16,"max_hp_gain":0,"max_hp_loss":0,"event_name":"Shining Light","floor":2,"gold_loss":0,"cards_upgraded":["Defend_R","Strike_R"]},{"damage_healed":0,"gold_gain":0,"player_choice":"Rummage","damage_taken":0,"relics_obtained":["WarpedTongs"],"max_hp_gain":0,"max_hp_loss":0,"event_name":"Accursed Blacksmith","floor":3,"gold_loss":0,"cards_obtained":["Pain"]},{"damage_healed":0,"gold_gain":0,"player_choice":"Trade","damage_taken":0,"relics_obtained":["FaceOfCleric"],"max_hp_gain":0,"max_hp_loss":0,"event_name":"FaceTrader","floor":5,"gold_loss":0},{"cards_removed":["Strike_R"],"damage_healed":0,"gold_gain":0,"player_choice":"Gave Gold","damage_taken":0,"max_hp_gain":0,"max_hp_loss":0,"event_name":"Beggar","floor":20,"gold_loss":75},{"damage_healed":0,"gold_gain":0,"player_choice":"Traded Relic","damage_taken":0,"relics_obtained":["Nloth\u0027s Gift"],"max_hp_gain":0,"max_hp_loss":0,"event_name":"N\u0027loth","floor":21,"relics_lost":["Regal Pillow"],"gold_loss":0},{"damage_healed":0,"gold_gain":0,"player_choice":"Got Potions","damage_taken":0,"max_hp_gain":0,"max_hp_loss":0,"event_name":"Lab","floor":27,"gold_loss":0},{"damage_healed":0,"gold_gain":0,"player_choice":"Memory 3","damage_taken":10,"max_hp_gain":0,"max_hp_loss":0,"event_name":"SensoryStone","floor":37,"gold_loss":0},{"damage_healed":0,"gold_gain":0,"player_choice":"Max HP","damage_taken":0,"max_hp_gain":0,"max_hp_loss":6,"event_name":"Winding Halls","floor":38,"gold_loss":0},{"damage_healed":0,"gold_gain":0,"player_choice":"Bought 0 Potions","damage_taken":0,"max_hp_gain":0,"max_hp_loss":0,"event_name":"The Woman in Blue","floor":44,"gold_loss":0}],"is_beta":true,"boss_relics":[{"not_picked":["Orrery","Black Blood"],"picked":"Sozu"},{"not_picked":["Velvet Choker","Busted Crown"],"picked":"Astrolabe"}],"items_purged_floors":[19,39],"is_endless":false,"potions_floor_spawned":[1,4,13,14,16,22,28,29,33,35,45],"ascension_level":1}