{"gold_per_floor":[114,114,264,50,69,97,97,126,126,194,226,237,237,237,237,310,310,323,323,213,225,225,250,250,280,280,311,331,2,14,27,27,99,99,119,119,132,132,132,132],"floor_reached":41,"playtime":2469,"items_purged":["Doubt"],"score":1980,"play_id":"defae943-a096-45a0-8e69-7a4a311b7c47","local_time":"20190128175017","is_ascension_mode":true,"campfire_choices":[{"data":"Corpse Explosion","floor":7.0,"key":"SMITH"},{"data":"Neutralize","floor":15.0,"key":"SMITH"},{"floor":24.0,"key":"REST"},{"data":"Bouncing Flask","floor":32.0,"key":"SMITH"}],"neow_cost":"NONE","seed_source_timestamp":1583683995368107,"circlet_count":0,"master_deck":["AscendersBane","Defend_G","Defend_G","Defend_G","Defend_G","Defend_G","Strike_G","Strike_G+1","Survivor","Neutralize+1","Dagger Throw","Well Laid Plans+1","Cloak And Dagger","Backflip","Corpse Explosion+1","Bouncing Flask+1","Footwork+1","Dodge and Roll","After Image+1","Deadly Poison+1","Bullet Time","Backstab","PiercingWail","Well Laid Plans+1","Poisoned Stab+1","Flying Knee+1","Dodge and Roll","Panache+1","Escape Plan","Backflip","After Image+1","Bouncing Flask","Finesse"],"special_seed":0,"relics":["Ring of the Snake","NeowsBlessing","Frozen Egg 2","Du-Vu Doll","Mummified Hand","Bottled Lightning","Juzu Bracelet","Regal Pillow","Black Star","Thread and Needle","Kunai","Bag of Preparation","Potion Belt","Snake Skull","Bottled Tornado","Dodecahedron","Fusion Hammer"],"potions_floor_usage":[40],"damage_taken":[{"damage":0.0,"enemies":"Jaw Worm","floor":1.0,"turns":1.0},{"damage":0.0,"enemies":"Small Slimes","floor":5.0,"turns":1.0},{"damage":0.0,"enemies":"3 Sentries","floor":6.0,"turns":2.0},{"damage":18.0,"enemies":"Lagavulin","floor":8.0,"turns":9.0},{"damage":28.0,"enemies":"Gremlin Nob","floor":11.0,"turns":4.0},{"damage":0.0,"enemies":"2 Louse","floor":12.0,"turns":3.0},{"damage":0.0,"enemies":"Hexaghost","floor":16.0,"turns":9.0},{"damage":0.0,"enemies":"3 Byrds","floor":18.0,"turns":2.0},{"damage":0.0,"enemies":"Spheric Guardian","floor":21.0,"turns":5.0},{"damage":43.0,"enemies":"Gremlin Leader","floor":23.0,"turns":9.0},{"damage":5.0,"enemies":"Book of Stabbing","floor":25.0,"turns":7.0},{"damage":7.0,"enemies":"Gremlin Leader","floor":27.0,"turns":9.0},{"damage":0.0,"enemies":"Snake Plant","floor":28.0,"turns":3.0},{"damage":0.0,"enemies":"Cultist and Chosen","floor":30.0,"turns":3.0},{"damage":0.0,"enemies":"Shelled Parasite and Fungi","floor":31.0,"turns":5.0},{"damage":5.0,"enemies":"Collector","floor":33.0,"turns":10.0},{"damage":0.0,"enemies":"3 Shapes","floor":35.0,"turns":2.0},{"damage":0.0,"enemies":"3 Darklings","floor":37.0,"turns":2.0},{"damage":0.0,"enemies":"Donu and Deca","floor":39.0,"turns":8.0},{"damage":19,"enemies":"Awakened One","floor":40,"turns":21}],"seed_played":"5205163379435502496","potions_obtained":[{"floor":1.0,"key":"SmokeBomb"},{"floor":5.0,"key":"Energy Potion"},{"floor":11.0,"key":"SpeedPotion"},{"floor":12.0,"key":"PowerPotion"},{"floor":25.0,"key":"Weak Potion"},{"floor":27.0,"key":"Ancient Potion"},{"floor":33.0,"key":"Fire Potion"},{"floor":35.0,"key":"GamblersBrew"}],"is_trial":false,"path_per_floor":["M","?","?","$","M","E","R","E","T","T","E","M","?","T","R","B",null,"M","?","?","M","?","E","R","E","T","E","M","$","M","M","R","B",null,"M","?","M","?","B","B",null],"character_chosen":"THE_SILENT","items_purchased":["Well Laid Plans","Cloak And Dagger","Panache+1","Escape Plan","Backflip"],"campfire_rested":1,"item_purchase_floors":[4,4,29,29,29],"current_hp_per_floor":[59,59,59,59,59,59,59,41,41,41,13,13,13,13,13,13,53,53,53,53,53,53,10,44,39,39,32,32,32,32,32,32,27,56,56,56,56,56,56,37],"gold":132,"neow_bonus":"THREE_ENEMY_KILL","is_prod":false,"is_daily":false,"chose_seed":false,"campfire_upgraded":3,"win_rate":0,"timestamp":1548715817,"path_taken":["M","?","?","$","M","E","R","E","T","?","E","M","?","?","R","BOSS","M","?","?","M","?","E","R","E","T","E","M","$","M","M","R","BOSS","M","?","M","?","BOSS","BOSS"],"build_version":"2019-01-23","purchased_purges":1,"victory":true,"max_hp_per_floor":[66,66,66,66,66,66,66,66,66,66,66,66,66,66,66,66,66,66,66,66,66,66,66,66,66,66,66,66,66,66,66,66,66,66,66,66,66,66,66,66],"card_choices":[{"not_picked":["Endless Agony","Expertise"],"picked":"Dagger Throw","floor":1.0},{"not_picked":["Slice","Dagger Spray"],"picked":"Backflip","floor":5.0},{"not_picked":["PiercingWail","Quick Slash"],"picked":"Corpse Explosion","floor":6.0},{"not_picked":["Dagger Spray","All Out Attack"],"picked":"Bouncing Flask","floor":8.0},{"not_picked":["Concentrate","Backflip"],"picked":"Footwork+1","floor":11.0},{"not_picked":["Underhanded Strike","Bane"],"picked":"Dodge and Roll","floor":12.0},{"not_picked":["Storm of Steel","Malaise"],"picked":"After Image+1","floor":16.0},{"not_picked":["Flechettes+1","Underhanded Strike"],"picked":"Deadly Poison+1","floor":18.0},{"not_picked":["Bouncing Flask","Backstab"],"picked":"PiercingWail","floor":21.0},{"not_picked":["Bane","Backflip"],"picked":"Well Laid Plans+1","floor":23.0},{"not_picked":["Backstab","Slice"],"picked":"Poisoned Stab+1","floor":25.0},{"not_picked":["Dash","Prepared"],"picked":"Flying Knee+1","floor":27.0},{"not_picked":["Blade Dance","Slice"],"picked":"Dodge and Roll","floor":28.0},{"not_picked":["Infinite Blades+1","Flying Knee","Outmaneuver"],"picked":"SKIP","floor":30.0},{"not_picked":["All Out Attack","Sucker Punch","Quick Slash"],"picked":"SKIP","floor":31.0},{"not_picked":["Malaise","Corpse Explosion"],"picked":"After Image+1","floor":33.0},{"not_picked":["Bane+1","Poisoned Stab+1"],"picked":"Bouncing Flask","floor":35.0},{"not_picked":["Swift Strike","Transmutation"],"picked":"Finesse","floor":36.0},{"not_picked":["Dagger Spray","Deflect","Accuracy+1"],"picked":"SKIP","floor":37.0}],"player_experience":832209,"relics_obtained":[{"floor":6.0,"key":"Frozen Egg 2"},{"floor":8.0,"key":"Du-Vu Doll"},{"floor":9.0,"key":"Mummified Hand"},{"floor":10.0,"key":"Bottled Lightning"},{"floor":11.0,"key":"Juzu Bracelet"},{"floor":14.0,"key":"Regal Pillow"},{"floor":23.0,"key":"Thread and Needle"},{"floor":23.0,"key":"Kunai"},{"floor":25.0,"key":"Bag of Preparation"},{"floor":25.0,"key":"Potion Belt"},{"floor":26.0,"key":"Snake Skull"},{"floor":27.0,"key":"Bottled Tornado"},{"floor":27.0,"key":"Dodecahedron"}],"event_choices":[{"damage_healed":0.0,"max_hp_gain":0.0,"max_hp_loss":0.0,"gold_gain":0.0,"event_name":"Golden Wing","player_choice":"Ignored","floor":2.0,"gold_loss":0.0,"damage_taken":0.0},{"damage_healed":0.0,"max_hp_gain":0.0,"max_hp_loss":0.0,"gold_gain":150.0,"event_name":"Liars Game","player_choice":"AGREE","floor":3.0,"gold_loss":0.0,"damage_taken":0.0,"cards_obtained":["Doubt"]},{"damage_healed":0.0,"max_hp_gain":0.0,"max_hp_loss":0.0,"gold_gain":0.0,"event_name":"Living Wall","player_choice":"Grow","floor":13.0,"gold_loss":0.0,"damage_taken":0.0,"cards_upgraded":["Well Laid Plans"]},{"damage_healed":0.0,"max_hp_gain":0.0,"max_hp_loss":0.0,"gold_gain":0.0,"cards_transformed":["Strike_G","Strike_G"],"event_name":"Drug Dealer","player_choice":"Became Test Subject","floor":19.0,"gold_loss":0.0,"damage_taken":0.0,"cards_obtained":["Bullet Time","Backstab"]},{"cards_removed":["Strike_G"],"damage_healed":0.0,"max_hp_gain":0.0,"max_hp_loss":0.0,"gold_gain":0.0,"event_name":"Designer","player_choice":"Upgrade and Remove","floor":20.0,"gold_loss":110.0,"damage_taken":0.0,"cards_upgraded":["Strike_G"]},{"damage_healed":0.0,"max_hp_gain":0.0,"max_hp_loss":0.0,"gold_gain":0.0,"event_name":"FaceTrader","player_choice":"Leave","floor":22.0,"gold_loss":0.0,"damage_taken":0.0},{"damage_healed":0.0,"max_hp_gain":0.0,"max_hp_loss":0.0,"gold_gain":0.0,"event_name":"SensoryStone","player_choice":"Memory 1","floor":36.0,"gold_loss":0.0,"damage_taken":0.0},{"damage_healed":0.0,"max_hp_gain":0.0,"max_hp_loss":0.0,"gold_gain":0.0,"event_name":"SecretPortal","player_choice":"Took Portal","floor":38.0,"gold_loss":0.0,"damage_taken":0.0}],"is_beta":false,"boss_relics":[{"not_picked":["Busted Crown","Velvet Choker"],"picked":"Black Star"},{"not_picked":["Ring of the Serpent","HoveringKite"],"picked":"Fusion Hammer"}],"items_purged_floors":[4],"is_endless":false,"potions_floor_spawned":[1,5,11,12,25,27,33,35],"ascension_level":20}