{"gold_per_floor":[112,122,122,272,272,272,307,307,330,348,380,380,399,412,412,489,489,501,520,536,536,536,536],"floor_reached":23,"playtime":685,"items_purged":[],"score":452,"play_id":"fa559acf-ae51-4203-8818-e97af21bf104","local_time":"20190219114546","is_ascension_mode":true,"campfire_choices":[{"data":"Neutralize","floor":6,"key":"SMITH"},{"data":"Deadly Poison","floor":8,"key":"SMITH"},{"floor":15,"key":"REST"}],"neow_cost":"NONE","seed_source_timestamp":482320632097799,"circlet_count":0,"master_deck":["AscendersBane","Defend_G","Defend_G","Defend_G+1","Defend_G","Strike_G","Strike_G","Strike_G","Survivor","Neutralize+1","Leg Sweep","Flying Knee+1","Deadly Poison+1","Dagger Spray","Bouncing Flask","Catalyst","PiercingWail","Wraith Form v2","Sucker Punch+1","PiercingWail+1","Slice+1","Bane","Noxious Fumes","Blur"],"relics":["Ring of the Snake","NeowsBlessing","Centennial Puzzle","Boot","Thread and Needle","Astrolabe"],"potions_floor_usage":[10,11,16,23,23],"damage_taken":[{"damage":0,"enemies":"2 Louse","floor":1,"turns":1},{"damage":0,"enemies":"Small Slimes","floor":2,"turns":1},{"damage":0,"enemies":"Lagavulin","floor":7,"turns":1},{"damage":0,"enemies":"Jaw Worm","floor":10,"turns":3},{"damage":30,"enemies":"3 Sentries","floor":11,"turns":6},{"damage":0,"enemies":"Blue Slaver","floor":13,"turns":4},{"damage":0,"enemies":"Gremlin Gang","floor":14,"turns":4},{"damage":10,"enemies":"Hexaghost","floor":16,"turns":8},{"damage":4,"enemies":"Shell Parasite","floor":18,"turns":9},{"damage":5,"enemies":"Spheric Guardian","floor":19,"turns":7},{"damage":31,"enemies":"Shelled Parasite and Fungi","floor":20,"turns":6},{"damage":17,"enemies":"Slavers","floor":23,"turns":3}],"seed_played":"-6227435628458843558","potions_obtained":[{"floor":2,"key":"Swift Potion"},{"floor":7,"key":"Swift Potion"},{"floor":12,"key":"PowerPotion"},{"floor":12,"key":"FearPotion"},{"floor":14,"key":"Strength Potion"},{"floor":19,"key":"SkillPotion"}],"is_trial":false,"path_per_floor":["M","M","?","?","?","R","E","R","T","M","E","?","M","M","R","B",null,"M","M","M","?","?","E"],"character_chosen":"THE_SILENT","items_purchased":[],"campfire_rested":1,"item_purchase_floors":[],"current_hp_per_floor":[59,59,39,39,32,32,32,32,32,32,2,2,2,2,21,11,52,48,43,12,12,12,0],"gold":536,"neow_bonus":"THREE_ENEMY_KILL","is_prod":false,"is_daily":false,"chose_seed":false,"campfire_upgraded":2,"win_rate":0,"timestamp":1550544346,"path_taken":["M","M","?","?","?","R","E","R","T","?","E","?","M","M","R","BOSS","M","?","M","?","?","E"],"build_version":"2019-01-23","purchased_purges":0,"victory":false,"max_hp_per_floor":[66,66,66,66,66,66,66,66,66,66,66,66,66,66,66,66,66,66,66,66,66,66,66],"card_choices":[{"not_picked":["Quick Slash","Poisoned Stab"],"picked":"Leg Sweep","floor":1},{"not_picked":["Sucker Punch","PiercingWail"],"picked":"Flying Knee","floor":2},{"not_picked":["Venomology","Blur"],"picked":"Deadly Poison","floor":7},{"not_picked":["Blur","Blade Dance"],"picked":"Dagger Spray","floor":10},{"not_picked":["Poisoned Stab","Outmaneuver"],"picked":"Bouncing Flask","floor":11},{"not_picked":["Quick Slash","Backflip"],"picked":"Catalyst","floor":13},{"not_picked":["Setup","Concentrate"],"picked":"PiercingWail","floor":14},{"not_picked":["Grand Finale","Storm of Steel"],"picked":"Wraith Form v2","floor":16},{"not_picked":["Cloak And Dagger","Predator"],"picked":"Bane","floor":18},{"not_picked":["Flying Knee","Heel Hook+1"],"picked":"Noxious Fumes","floor":19},{"not_picked":["Dagger Spray","PiercingWail"],"picked":"Blur","floor":20}],"player_experience":1134945,"relics_obtained":[{"floor":7,"key":"Centennial Puzzle"},{"floor":9,"key":"Boot"},{"floor":11,"key":"Thread and Needle"}],"event_choices":[{"damage_healed":0,"gold_gain":0,"player_choice":"Entered Light","damage_taken":20,"max_hp_gain":0,"max_hp_loss":0,"event_name":"Shining Light","floor":3,"gold_loss":0,"cards_upgraded":["Flying Knee","Defend_G"]},{"damage_healed":0,"gold_gain":150,"player_choice":"AGREE","damage_taken":0,"max_hp_gain":0,"max_hp_loss":0,"event_name":"Liars Game","floor":4,"gold_loss":0,"cards_obtained":["Doubt"]},{"cards_removed":["Doubt"],"damage_healed":0,"gold_gain":0,"player_choice":"Card Removal","damage_taken":7,"max_hp_gain":0,"max_hp_loss":0,"event_name":"Golden Wing","floor":5,"gold_loss":0},{"damage_healed":0,"gold_gain":0,"player_choice":"Got Potions","damage_taken":0,"max_hp_gain":0,"max_hp_loss":0,"event_name":"Lab","floor":12,"gold_loss":0},{"damage_healed":0,"gold_gain":0,"player_choice":"Ignored","damage_taken":0,"max_hp_gain":0,"max_hp_loss":0,"event_name":"Ghosts","floor":21,"gold_loss":0},{"damage_healed":0,"gold_gain":0,"player_choice":"Ignored","damage_taken":0,"max_hp_gain":0,"max_hp_loss":0,"event_name":"Vampires","floor":22,"gold_loss":0}],"is_beta":false,"boss_relics":[{"not_picked":["Calling Bell","HoveringKite"],"picked":"Astrolabe"}],"items_purged_floors":[],"is_endless":false,"potions_floor_spawned":[2,7,14,19,20],"killed_by":"Slavers","ascension_level":20}