{"gold_per_floor":[15,90,106,117,40,40,60,91,91,91,115,40,40,57,57,131,131,150,150,163,163,28,28,56,56,79,91,163,193,205,217],"floor_reached":31,"playtime":915,"items_purged":["Strike_B"],"score":515,"play_id":"f5770c19-c34e-40e8-922a-bb12e6913376","local_time":"20190222183346","is_ascension_mode":true,"campfire_choices":[{"floor":6.0,"key":"REST"},{"floor":10.0,"key":"REST"},{"data":"Defragment","floor":15.0,"key":"SMITH"},{"data":"Consume","floor":23.0,"key":"SMITH"},{"data":"Capacitor","floor":25.0,"key":"SMITH"},{"floor":27.0,"key":"REST"},{"floor":30,"key":"REST"}],"neow_cost":"NO_GOLD","seed_source_timestamp":15028411861600,"circlet_count":0,"master_deck":["AscendersBane","Strike_B","Defend_B","Defend_B","Defend_B","Zap","Dualcast","Echo Form","Ball Lightning","Consume+1","Self Repair","Defragment+1","Compile Driver","Conserve Battery","Core Surge","Core Surge+1","Leap+1","Self Repair","Zap","Glacier","Core Surge","Capacitor+1","Capacitor","Cold Snap+1"],"special_seed":0,"relics":["Cracked Core","Cables","Ornamental Fan","Art of War","Astrolabe","Symbiotic Virus","MawBank","Tiny Chest"],"potions_floor_usage":[],"damage_taken":[{"damage":2.0,"enemies":"Small Slimes","floor":1.0,"turns":3.0},{"damage":12.0,"enemies":"Jaw Worm","floor":3.0,"turns":4.0},{"damage":1.0,"enemies":"Cultist","floor":4.0,"turns":3.0},{"damage":38.0,"enemies":"Exordium Thugs","floor":7.0,"turns":4.0},{"damage":16.0,"enemies":"Lagavulin","floor":8.0,"turns":7.0},{"damage":14.0,"enemies":"3 Louse","floor":14.0,"turns":4.0},{"damage":12.0,"enemies":"The Guardian","floor":16.0,"turns":10.0},{"damage":11.0,"enemies":"Spheric Guardian","floor":18.0,"turns":4.0},{"damage":14.0,"enemies":"Chosen","floor":20.0,"turns":4.0},{"damage":30.0,"enemies":"Slavers","floor":24.0,"turns":6.0},{"damage":47.0,"enemies":"Book of Stabbing","floor":28.0,"turns":6.0},{"damage":17,"enemies":"Snecko","floor":29,"turns":4},{"damage":42,"enemies":"Gremlin Leader","floor":31,"turns":3}],"seed_played":"3093916955531512403","potions_obtained":[{"floor":3.0,"key":"SteroidPotion"},{"floor":7.0,"key":"SkillPotion"},{"floor":8.0,"key":"EssenceOfSteel"},{"floor":24.0,"key":"EssenceOfSteel"}],"is_trial":false,"path_per_floor":["M","?","M","M","$","R","M","E","T","R","T","$","$","M","R","B",null,"M","?","M","?","$","R","E","R","T","R","E","M","R","E"],"character_chosen":"DEFECT","items_purchased":["Self Repair","Capacitor","AttackPotion"],"campfire_rested":4,"item_purchase_floors":[5,22,22],"current_hp_per_floor":[62,51,39,38,38,59,28,26,26,47,47,47,47,33,33,35,62,58,71,64,64,64,64,48,48,48,69,29,19,40,0],"gold":217,"neow_bonus":"THREE_RARE_CARDS","is_prod":false,"is_daily":false,"chose_seed":false,"campfire_upgraded":3,"win_rate":0,"timestamp":1550853226,"path_taken":["M","?","M","M","?","R","?","E","T","R","?","$","?","M","R","BOSS","M","?","?","?","$","R","E","R","T","R","E","M","R","E"],"build_version":"2019-01-23","purchased_purges":1,"victory":false,"max_hp_per_floor":[71,71,71,71,71,71,71,71,71,71,71,71,71,71,71,71,71,71,71,71,71,71,71,71,71,71,71,71,71,71,71],"card_choices":[{"not_picked":["Hyperbeam","All For One"],"picked":"Echo Form","floor":0.0},{"not_picked":["Rebound","Chill","Barrage"],"picked":"SKIP","floor":1.0},{"not_picked":["Double Energy","Hologram"],"picked":"Ball Lightning","floor":3.0},{"not_picked":["Stack","Chaos"],"picked":"Consume","floor":4.0},{"not_picked":["Stack","Compile Driver"],"picked":"Defragment","floor":7.0},{"not_picked":["Reprogram","Rebound"],"picked":"Compile Driver","floor":8.0},{"not_picked":["Rebound","Compile Driver"],"picked":"Conserve Battery","floor":14.0},{"not_picked":["Creative AI","Hyperbeam"],"picked":"Core Surge","floor":16.0},{"not_picked":["Hello World","Beam Cell","Gash"],"picked":"SKIP","floor":18.0},{"not_picked":["Fusion","Conserve Battery"],"picked":"Self Repair","floor":20.0},{"not_picked":["Hologram","Gash"],"picked":"Capacitor","floor":24.0},{"not_picked":["Leap","Sweeping Beam","Chaos"],"picked":"SKIP","floor":28.0},{"not_picked":["Ball Lightning","Rebound"],"picked":"Cold Snap+1","floor":29}],"player_experience":872859,"relics_obtained":[{"floor":8.0,"key":"Cables"},{"floor":9.0,"key":"Ornamental Fan"},{"floor":11.0,"key":"Art of War"},{"floor":24.0,"key":"Symbiotic Virus"},{"floor":26.0,"key":"MawBank"},{"floor":28.0,"key":"Tiny Chest"}],"event_choices":[{"damage_healed":0.0,"max_hp_gain":0.0,"max_hp_loss":0.0,"gold_gain":75.0,"event_name":"World of Goop","player_choice":"Gather Gold","floor":2.0,"gold_loss":0.0,"damage_taken":11.0},{"cards_removed":["Aggregate"],"damage_healed":13.0,"max_hp_gain":0.0,"max_hp_loss":0.0,"gold_gain":0.0,"event_name":"Bonfire Elementals","player_choice":"Offered Uncommon","floor":19.0,"gold_loss":0.0,"damage_taken":0.0},{"damage_healed":0.0,"max_hp_gain":0.0,"max_hp_loss":0.0,"gold_gain":0.0,"event_name":"Match and Keep!","player_choice":"3 cards matched","floor":21.0,"gold_loss":0.0,"damage_taken":0.0,"cards_obtained":["Zap","Glacier","Core Surge"]}],"is_beta":false,"boss_relics":[{"not_picked":["Coffee Dripper","Runic Dome"],"picked":"Astrolabe"}],"items_purged_floors":[12],"is_endless":false,"potions_floor_spawned":[3,7,8,24],"killed_by":"Gremlin Leader","ascension_level":18}