{"gold_per_floor":[114,130,142,196,196,196,231,249,249,249,259,259,289,299,299,403,403,419,419,419,419,436,468,468,468,493,527,527,552,568,598,598,693,693,706,706,726,741,761,761,790,806,806,844,868,906,412,439,439,439,439,439,10,40,40],"floor_reached":56,"playtime":3547,"items_purged":["Doubt","Strike_B+1"],"score":1643,"play_id":"4fad4fee-b7d6-48d7-a4da-c0a3b5efdddd","local_time":"20190125172523","is_ascension_mode":true,"campfire_choices":[{"data":"Darkness","floor":6,"key":"SMITH"},{"data":"Defragment","floor":10,"key":"SMITH"},{"data":"Consume","floor":15,"key":"SMITH"},{"data":"Electrodynamics","floor":28,"key":"SMITH"},{"data":"Tempest","floor":32,"key":"SMITH"},{"floor":40,"key":"RECALL"},{"data":"Steam Power","floor":49,"key":"SMITH"},{"data":"Stack","floor":52,"key":"SMITH"}],"neow_cost":"NONE","seed_source_timestamp":3474994148226120,"circlet_count":0,"master_deck":["Strike_B+1","Strike_B+1","Strike_B+1","Defend_B+1","Defend_B+1","Defend_B+1","Defend_B+1","Zap+1","Dualcast+1","Compile Driver","Darkness+1","Glacier","Consume+1","Defragment+1","Leap","Self Repair","FTL+1","Electrodynamics+1","Ball Lightning+1","Conserve Battery","Tempest+1","Ghostly","Ghostly","Ghostly+1","Ghostly","Ghostly","Thunder Strike+1","Tempest+1","Conserve Battery","Conserve Battery+1","Electrodynamics+1","Hello World+1","Ghostly","Defragment+1","Chill+1","Auto Shields","Static Discharge+1","Capacitor+1","Steam+1","Capacitor+1","Ghostly","Stack+1","Steam Power+1","Coolheaded","Electrodynamics+1"],"relics":["Cracked Core","DataDisk","Sundial","Molten Egg 2","Question Card","Velvet Choker","Kunai","Frozen Egg 2","Pantograph","Happy Flower","Anchor","Vajra","Boot","Cursed Key","Strawberry","MawBank","Art of War","Peace Pipe","DollysMirror","War Paint","Bird Faced Urn","Membership Card","FossilizedHelix","Blood Vial"],"potions_floor_usage":[7,12,16,16,23,31,31,37,55,55,55],"damage_taken":[{"damage":1,"enemies":"Cultist","floor":1,"turns":3},{"damage":6,"enemies":"Jaw Worm","floor":2,"turns":3},{"damage":0,"enemies":"2 Louse","floor":3,"turns":1},{"damage":8,"enemies":"Lagavulin","floor":7,"turns":5},{"damage":0,"enemies":"Red Slaver","floor":8,"turns":2},{"damage":0,"enemies":"Looter","floor":11,"turns":3},{"damage":0,"enemies":"3 Sentries","floor":13,"turns":9},{"damage":2,"enemies":"2 Fungi Beasts","floor":14,"turns":4},{"damage":10,"enemies":"Hexaghost","floor":16,"turns":10},{"damage":2,"enemies":"2 Thieves","floor":18,"turns":4},{"damage":0,"enemies":"Chosen","floor":22,"turns":3},{"damage":0,"enemies":"Book of Stabbing","floor":23,"turns":5},{"damage":19,"enemies":"Gremlin Leader","floor":27,"turns":7},{"damage":2,"enemies":"Book of Stabbing","floor":29,"turns":5},{"damage":0,"enemies":"Snake Plant","floor":30,"turns":2},{"damage":10,"enemies":"Gremlin Leader","floor":31,"turns":6},{"damage":20,"enemies":"Champ","floor":33,"turns":9},{"damage":0,"enemies":"3 Shapes","floor":35,"turns":2},{"damage":2,"enemies":"3 Darklings","floor":37,"turns":4},{"damage":0,"enemies":"Jaw Worm Horde","floor":38,"turns":2},{"damage":0,"enemies":"Transient","floor":39,"turns":5},{"damage":0,"enemies":"Giant Head","floor":41,"turns":7},{"damage":0,"enemies":"Spire Growth","floor":42,"turns":5},{"damage":0,"enemies":"Reptomancer","floor":44,"turns":6},{"damage":0,"enemies":"Jaw Worm Horde","floor":45,"turns":4},{"damage":0,"enemies":"Giant Head","floor":46,"turns":8},{"damage":0,"enemies":"Nemesis","floor":48,"turns":7},{"damage":0,"enemies":"Awakened One","floor":50,"turns":10},{"damage":0,"enemies":"Shield and Spear","floor":54,"turns":5},{"damage":23,"enemies":"The Heart","floor":55,"turns":8}],"seed_played":"4931144622388723924","potions_obtained":[{"floor":2,"key":"Weak Potion"},{"floor":3,"key":"Poison Potion"},{"floor":11,"key":"SpeedPotion"},{"floor":12,"key":"Fruit Juice"},{"floor":12,"key":"Weak Potion"},{"floor":14,"key":"PowerPotion"},{"floor":23,"key":"FocusPotion"},{"floor":27,"key":"Block Potion"},{"floor":29,"key":"EssenceOfSteel"},{"floor":33,"key":"GamblersBrew"},{"floor":35,"key":"FearPotion"},{"floor":37,"key":"FearPotion"},{"floor":44,"key":"SteroidPotion"}],"is_trial":false,"path_per_floor":["M","M","M","T","?","R","E","M","T","R","M","?","E","M","R","B",null,"M","T","?","?","M","E","?","?","T","E","R","E","M","E","R","B",null,"M","?","M","M","M","R","E","M","T","E","M","E","$","E","R","B",null,"R","$","E","B",null],"character_chosen":"DEFECT","items_purchased":["DollysMirror","Weak Potion","War Paint","Stack","Membership Card","FossilizedHelix","Coolheaded"],"campfire_rested":0,"item_purchase_floors":[47,47,47,47,53,53,53],"current_hp_per_floor":[74,68,68,68,65,65,57,57,57,57,57,62,62,67,67,64,80,80,80,80,80,80,80,40,40,40,28,28,33,33,30,30,27,40,40,40,40,40,40,40,47,47,47,47,47,47,47,47,47,47,47,47,47,47,24],"gold":40,"neow_bonus":"UPGRADE_CARD","is_prod":false,"is_daily":false,"chose_seed":false,"campfire_upgraded":7,"win_rate":0,"timestamp":1548455123,"path_taken":["M","M","M","?","?","R","E","M","T","R","M","?","E","M","R","BOSS","M","?","?","?","?","E","?","?","T","E","R","E","M","E","R","BOSS","M","?","M","M","M","R","E","M","T","E","M","E","?","E","R","BOSS","R","$","E","BOSS"],"build_version":"2019-01-23","purchased_purges":2,"victory":true,"max_hp_per_floor":[75,75,75,75,75,75,75,75,75,75,75,80,80,80,80,80,80,80,80,80,80,80,80,40,40,40,40,40,40,40,40,40,40,40,40,40,40,40,40,40,47,47,47,47,47,47,47,47,47,47,47,47,47,47,47],"card_choices":[{"not_picked":["Static Discharge","Reprogram"],"picked":"Compile Driver","floor":1},{"not_picked":["Coolheaded","Fusion"],"picked":"Darkness","floor":2},{"not_picked":["Force Field","Cold Snap"],"picked":"Glacier","floor":3},{"not_picked":["Steam","Self Repair"],"picked":"Consume","floor":7},{"not_picked":["Steam","Rebound"],"picked":"Defragment","floor":8},{"not_picked":["Gash+1","Rip and Tear+1"],"picked":"Leap","floor":11},{"not_picked":["Multi-Cast","Beam Cell+1"],"picked":"Self Repair","floor":13},{"not_picked":["Compile Driver+1","Go for the Eyes+1","Coolheaded"],"picked":"FTL+1","floor":14},{"not_picked":["Biased Cognition","Reboot","Fission"],"picked":"Electrodynamics","floor":16},{"not_picked":["Compile Driver+1","Rebound+1","Blizzard+1"],"picked":"Ball Lightning+1","floor":18},{"not_picked":["Compile Driver+1","Gash+1","Beam Cell+1"],"picked":"Conserve Battery","floor":22},{"not_picked":["Hologram+1","Beam Cell+1","Sweeping Beam+1"],"picked":"Tempest+1","floor":23},{"not_picked":["Reinforced Body","Darkness","Force Field"],"picked":"Thunder Strike+1","floor":27},{"not_picked":["Steam","Turbo","Gash+1"],"picked":"Tempest","floor":29},{"not_picked":["Scrape+1","Rebound+1","Turbo"],"picked":"Conserve Battery","floor":30},{"not_picked":["Skim","Recycle","Coolheaded"],"picked":"Conserve Battery+1","floor":31},{"not_picked":["Hyperbeam+1","Reboot","Biased Cognition+1"],"picked":"Electrodynamics+1","floor":33},{"not_picked":["Defragment+1","Darkness","Compile Driver+1"],"picked":"Hello World+1","floor":35},{"not_picked":["Reprogram","Force Field","Ball Lightning+1"],"picked":"Defragment+1","floor":37},{"not_picked":["Stack","Doom and Gloom+1","Static Discharge+1"],"picked":"Chill+1","floor":38},{"not_picked":["Sweeping Beam+1","Creative AI+1","Stack"],"picked":"Auto Shields","floor":39},{"not_picked":["Lockon+1","Melter+1","Reboot","Rebound+1"],"picked":"SKIP","floor":41},{"not_picked":["Redo","Scrape+1","Barrage+1"],"picked":"Static Discharge+1","floor":42},{"not_picked":["Steam","FTL+1","Ball Lightning+1"],"picked":"Capacitor+1","floor":44},{"not_picked":["Self Repair+1","Loop+1","Fusion+1"],"picked":"Steam+1","floor":45},{"not_picked":["Storm+1","Reprogram+1","Streamline+1"],"picked":"Capacitor+1","floor":46},{"not_picked":["White Noise+1","Double Energy+1","Amplify"],"picked":"Steam Power","floor":48},{"not_picked":["Ball Lightning+1","Rebound+1","Leap"],"picked":"Electrodynamics+1","floor":54}],"player_experience":4201651,"relics_obtained":[{"floor":7,"key":"Sundial"},{"floor":9,"key":"Molten Egg 2"},{"floor":13,"key":"Question Card"},{"floor":19,"key":"Kunai"},{"floor":23,"key":"Pantograph"},{"floor":26,"key":"Happy Flower"},{"floor":27,"key":"Anchor"},{"floor":29,"key":"Vajra"},{"floor":31,"key":"Boot"},{"floor":41,"key":"Strawberry"},{"floor":43,"key":"MawBank"},{"floor":44,"key":"Art of War"},{"floor":46,"key":"Peace Pipe"},{"floor":48,"key":"Bird Faced Urn"},{"floor":54,"key":"Blood Vial"}],"event_choices":[{"damage_healed":0,"gold_gain":0,"player_choice":"Success","damage_taken":3,"relics_obtained":["DataDisk"],"max_hp_gain":0,"max_hp_loss":0,"event_name":"Scrap Ooze","floor":5,"gold_loss":0},{"damage_healed":0,"gold_gain":0,"player_choice":"Got Potions","damage_taken":0,"max_hp_gain":0,"max_hp_loss":0,"event_name":"Lab","floor":12,"gold_loss":0},{"damage_healed":0,"gold_gain":0,"player_choice":"Simplicity","damage_taken":0,"max_hp_gain":0,"max_hp_loss":0,"event_name":"Back to Basics","floor":20,"gold_loss":0,"cards_upgraded":["Strike_B","Strike_B","Strike_B","Strike_B","Defend_B","Defend_B","Defend_B","Defend_B"]},{"damage_healed":0,"gold_gain":0,"player_choice":"Opened","damage_taken":0,"relics_obtained":["Frozen Egg 2"],"max_hp_gain":0,"max_hp_loss":0,"event_name":"The Mausoleum","floor":21,"gold_loss":0},{"damage_healed":0,"gold_gain":0,"player_choice":"Became a Ghost","damage_taken":0,"max_hp_gain":0,"max_hp_loss":40,"event_name":"Ghosts","floor":24,"gold_loss":0,"cards_obtained":["Ghostly","Ghostly","Ghostly","Ghostly","Ghostly"]},{"damage_healed":0,"gold_gain":0,"player_choice":"Ignored","damage_taken":0,"max_hp_gain":0,"max_hp_loss":0,"event_name":"Vampires","floor":25,"gold_loss":0},{"damage_healed":0,"gold_gain":0,"player_choice":"Copied","damage_taken":0,"max_hp_gain":0,"max_hp_loss":0,"event_name":"Duplicator","floor":36,"gold_loss":0,"cards_obtained":["Ghostly"]}],"is_beta":true,"boss_relics":[{"not_picked":["Black Star","Tiny House"],"picked":"Velvet Choker"},{"not_picked":["Lizard Tail","Busted Crown"],"picked":"Cursed Key"}],"items_purged_floors":[47,53],"is_endless":false,"potions_floor_spawned":[2,3,11,14,23,27,29,30,33,35,37,44,46],"ascension_level":1}