{"gold_per_floor":[112,187,187,287,34,64,64,90,117,132,150,3,3,16,16,118,118,135,110,110,121,121],"floor_reached":22,"playtime":1596,"items_purged":["Strike_R"],"score":213,"play_id":"594f4c86-2ee8-4889-bebd-ac7dc3e9a908","local_time":"20190219210620","is_ascension_mode":true,"campfire_choices":[{"floor":7,"key":"REST"},{"data":"Heavy Blade","floor":13,"key":"SMITH"},{"floor":15,"key":"REST"}],"neow_cost":"NONE","seed_source_timestamp":401708134180636,"circlet_count":0,"master_deck":["Defend_R","Defend_R","Defend_R","Defend_R","Bash+1","Berserk+1","Disarm","Spot Weakness","Heavy Blade+1","Headbutt","Flex","Heavy Blade+1","Demon Form","Ghostly Armor+1","Perfected Strike+1","Clothesline+1","Inflame"],"relics":["Burning Blood","Pen Nib","Whetstone","Boot","Anchor","Astrolabe","Pear"],"potions_floor_usage":[6,16,16,16,19],"damage_taken":[{"damage":15,"enemies":"Small Slimes","floor":1,"turns":4},{"damage":30,"enemies":"Gremlin Nob","floor":6,"turns":4},{"damage":38,"enemies":"Lagavulin","floor":8,"turns":5},{"damage":2,"enemies":"Jaw Worm","floor":10,"turns":2},{"damage":0,"enemies":"Cultist","floor":11,"turns":2},{"damage":2,"enemies":"Blue Slaver","floor":14,"turns":3},{"damage":13,"enemies":"Hexaghost","floor":16,"turns":8},{"damage":52,"enemies":"Spheric Guardian","floor":18,"turns":6},{"damage":17,"enemies":"2 Thieves","floor":19,"turns":5},{"damage":10,"enemies":"Centurion and Healer","floor":21,"turns":7},{"damage":39,"enemies":"Snecko","floor":22,"turns":5}],"seed_played":"-336039800446435913","potions_obtained":[{"floor":1,"key":"SteroidPotion"},{"floor":8,"key":"Dexterity Potion"},{"floor":11,"key":"PowerPotion"},{"floor":18,"key":"Energy Potion"}],"is_trial":false,"path_per_floor":["M","?","?","?","$","E","R","E","T","M","M","$","R","M","R","B",null,"M","M","?","M","M"],"character_chosen":"IRONCLAD","items_purchased":["Pen Nib","Spot Weakness","Heavy Blade","EssenceOfSteel"],"campfire_rested":2,"item_purchase_floors":[5,5,5,12],"current_hp_per_floor":[71,60,60,60,60,36,60,28,28,32,38,38,38,42,66,59,80,34,23,33,29,0],"gold":121,"neow_bonus":"TRANSFORM_CARD","is_prod":false,"is_daily":false,"chose_seed":false,"campfire_upgraded":1,"win_rate":0,"timestamp":1550606780,"path_taken":["M","?","?","?","$","E","R","E","T","?","M","$","R","M","R","BOSS","M","M","?","M","M"],"build_version":"2019-01-23","purchased_purges":1,"victory":false,"max_hp_per_floor":[80,80,80,80,80,80,80,80,80,80,80,80,80,80,80,80,80,80,80,90,90,90],"card_choices":[{"not_picked":["Combust","Rupture"],"picked":"Disarm","floor":1},{"not_picked":["Pommel Strike","Thunderclap"],"picked":"Headbutt","floor":6},{"not_picked":["Clothesline","Seeing Red"],"picked":"Flex","floor":8},{"not_picked":["Body Slam","Wild Strike","Havoc"],"picked":"SKIP","floor":10},{"not_picked":["Sentinel","Dropkick"],"picked":"Heavy Blade","floor":11},{"not_picked":["Spot Weakness","Corruption","Burning Pact"],"picked":"SKIP","floor":14},{"not_picked":["Double Tap","Exhume"],"picked":"Demon Form","floor":16},{"not_picked":["Rupture","Feel No Pain","True Grit"],"picked":"SKIP","floor":18},{"not_picked":["Clothesline","Perfected Strike+1","Battle Trance"],"picked":"SKIP","floor":19},{"not_picked":["Sword Boomerang+1","Perfected Strike"],"picked":"Inflame","floor":21}],"player_experience":169159,"relics_obtained":[{"floor":6,"key":"Whetstone"},{"floor":8,"key":"Boot"},{"floor":9,"key":"Anchor"}],"event_choices":[{"damage_healed":0,"gold_gain":75,"player_choice":"Gather Gold","damage_taken":11,"max_hp_gain":0,"max_hp_loss":0,"event_name":"World of Goop","floor":2,"gold_loss":0},{"damage_healed":0,"gold_gain":0,"player_choice":"Grow","damage_taken":0,"max_hp_gain":0,"max_hp_loss":0,"event_name":"Living Wall","floor":3,"gold_loss":0,"cards_upgraded":["Berserk"]},{"damage_healed":0,"gold_gain":100,"player_choice":"Gold","damage_taken":0,"max_hp_gain":0,"max_hp_loss":0,"event_name":"Wheel of Change","floor":4,"gold_loss":0},{"damage_healed":0,"gold_gain":0,"player_choice":"Opened","damage_taken":0,"relics_obtained":["Pear"],"max_hp_gain":0,"max_hp_loss":0,"event_name":"The Mausoleum","floor":20,"gold_loss":0}],"is_beta":false,"boss_relics":[{"not_picked":["Calling Bell","Runic Cube"],"picked":"Astrolabe"}],"items_purged_floors":[12],"is_endless":false,"potions_floor_spawned":[1,8,11,18],"killed_by":"Snecko","ascension_level":2}