{"gold_per_floor":[114,132,152,152,162,194,194,223,303,303,316,151,165,194,194,298,298,309,338,351,351,366,366,143,143,143,143,174,191,210,210,210,305,305,319,541,6,18,64,92,92,123,150,162,162,178,178,278,278,278,278,278,29,57,57],"floor_reached":56,"playtime":5889,"items_purged":["Strike_B","Pain","Writhe","Parasite"],"score":1638,"play_id":"0f9d7ef7-69ee-4ca8-bb85-66956b03408e","local_time":"20181229004206","is_ascension_mode":true,"campfire_choices":[{"data":"Creative AI","floor":7,"key":"SMITH"},{"data":"Go for the Eyes","floor":10,"key":"SMITH"},{"data":"Discovery","floor":15,"key":"SMITH"},{"floor":23,"key":"REST"},{"data":"Defragment","floor":27,"key":"SMITH"},{"data":"Fission","floor":32,"key":"SMITH"},{"data":"Seek","floor":41,"key":"SMITH"},{"data":"Hologram","floor":45,"key":"SMITH"},{"floor":47,"key":"RECALL"},{"data":"Electrodynamics","floor":49,"key":"SMITH"},{"data":"Ghostly","floor":52,"key":"SMITH"}],"neow_cost":"NONE","seed_source_timestamp":1080002986179800,"circlet_count":0,"master_deck":["Strike_B","Strike_B","Defend_B","Defend_B","Defend_B","Defend_B","Zap+1","Dualcast","Auto Shields","Hologram+1","Steam","Creative AI+1","Go for the Eyes+1","Steam Power","Discovery+1","Fission+1","Cold Snap+1","Force Field","Defragment+1","Coolheaded","Ghostly+1","Ghostly","Ghostly","Ghostly","Ghostly","Glacier","Capacitor+1","Seek+1","Glacier","Barrage+1","Turbo+1","Go for the Eyes+1","Conserve Battery+1","Electrodynamics+1","Cold Snap+1","Steam","Recycle"],"relics":["Cracked Core","Pantograph","StoneCalendar","Bag of Preparation","Runic Dome","Red Mask","WarpedTongs","Molten Egg 2","Strawberry","Ancient Tea Set","Runic Pyramid","Lantern","Question Card","Bird Faced Urn","Meat on the Bone","Symbiotic Virus","Juzu Bracelet","Nunchaku","Bottled Lightning"],"potions_floor_usage":[8,16,16,19,29,55,55,55],"damage_taken":[{"damage":0,"enemies":"Small Slimes","floor":1,"turns":3},{"damage":0,"enemies":"2 Louse","floor":2,"turns":2},{"damage":0,"enemies":"Jaw Worm","floor":3,"turns":3},{"damage":0,"enemies":"Lots of Slimes","floor":5,"turns":4},{"damage":15,"enemies":"Lagavulin","floor":6,"turns":7},{"damage":15,"enemies":"3 Sentries","floor":8,"turns":8},{"damage":0,"enemies":"Blue Slaver","floor":11,"turns":4},{"damage":0,"enemies":"Looter","floor":13,"turns":4},{"damage":0,"enemies":"Lagavulin","floor":14,"turns":7},{"damage":12,"enemies":"Hexaghost","floor":16,"turns":7},{"damage":14,"enemies":"Spheric Guardian","floor":18,"turns":4},{"damage":32,"enemies":"Masked Bandits","floor":19,"turns":7},{"damage":0,"enemies":"Shell Parasite","floor":20,"turns":7},{"damage":14,"enemies":"Centurion and Healer","floor":22,"turns":8},{"damage":6,"enemies":"Slavers","floor":28,"turns":7},{"damage":0,"enemies":"Chosen and Byrds","floor":29,"turns":7},{"damage":0,"enemies":"Snake Plant","floor":30,"turns":7},{"damage":0,"enemies":"Automaton","floor":33,"turns":12},{"damage":0,"enemies":"3 Darklings","floor":35,"turns":7},{"damage":0,"enemies":"3 Shapes","floor":38,"turns":7},{"damage":2,"enemies":"2 Orb Walkers","floor":39,"turns":6},{"damage":0,"enemies":"Nemesis","floor":40,"turns":7},{"damage":0,"enemies":"Reptomancer","floor":42,"turns":6},{"damage":0,"enemies":"Writhing Mass","floor":44,"turns":5},{"damage":0,"enemies":"Transient","floor":46,"turns":5},{"damage":0,"enemies":"Mind Bloom Boss Battle","floor":48,"turns":7},{"damage":0,"enemies":"Awakened One","floor":50,"turns":21},{"damage":0,"enemies":"Shield and Spear","floor":54,"turns":9},{"damage":0,"enemies":"The Heart","floor":55,"turns":10}],"seed_played":"8842051648833373135","potions_obtained":[{"floor":3,"key":"Block Potion"},{"floor":8,"key":"AttackPotion"},{"floor":13,"key":"SkillPotion"},{"floor":16,"key":"Explosive Potion"},{"floor":20,"key":"SkillPotion"},{"floor":22,"key":"Weak Potion"},{"floor":30,"key":"Regen Potion"},{"floor":33,"key":"Energy Potion"},{"floor":38,"key":"FocusPotion"},{"floor":39,"key":"LiquidBronze"}],"is_trial":false,"path_per_floor":["M","M","M","?","M","E","R","E","T","R","M","$","M","E","R","B",null,"M","?","M","?","M","R","$","?","T","R","E","M","M","?","R","B",null,"M","?","$","M","?","E","R","E","T","M","R","M","R","?","R","B",null,"R","$","E","B",null],"character_chosen":"DEFECT","items_purchased":["Discovery","Defragment","Coolheaded","Lantern","Question Card","FocusPotion","Steam"],"campfire_rested":1,"item_purchase_floors":[12,24,24,37,37,53,53],"current_hp_per_floor":[75,75,75,75,75,60,60,45,45,45,45,45,45,45,45,58,75,61,29,29,29,15,37,37,37,37,37,38,38,38,38,38,44,44,44,44,44,44,42,44,44,44,44,44,44,44,44,44,44,44,44,44,41,41,41],"gold":57,"neow_bonus":"REMOVE_CARD","is_prod":false,"is_daily":false,"chose_seed":false,"campfire_upgraded":9,"win_rate":0,"timestamp":1546062125,"path_taken":["M","M","M","?","M","E","R","E","T","R","M","$","M","E","R","BOSS","M","?","M","?","?","R","$","?","T","R","E","M","M","?","R","BOSS","M","?","$","M","?","E","R","E","T","M","R","M","R","?","R","BOSS","R","$","E","BOSS"],"build_version":"2018-12-25","purchased_purges":4,"victory":true,"max_hp_per_floor":[75,75,75,75,75,75,75,75,75,75,75,75,75,75,75,75,75,75,75,75,75,75,75,75,37,37,37,44,44,44,44,44,44,44,44,44,44,44,44,44,44,44,44,44,44,44,44,44,44,44,44,44,41,41,41],"card_choices":[{"not_picked":["Leap","Reinforced Body"],"picked":"Auto Shields","floor":1},{"not_picked":["Blizzard","Recycle"],"picked":"Hologram","floor":2},{"not_picked":["Auto Shields","Stack"],"picked":"Steam","floor":3},{"not_picked":["Go for the Eyes","Storm"],"picked":"Creative AI","floor":5},{"not_picked":["Doom and Gloom","Beam Cell"],"picked":"Go for the Eyes","floor":6},{"not_picked":["Ball Lightning","Streamline"],"picked":"Steam Power","floor":8},{"not_picked":["Hologram","Aggregate","Redo"],"picked":"SKIP","floor":11},{"not_picked":["Beam Cell","Go for the Eyes","Leap"],"picked":"SKIP","floor":13},{"not_picked":["Chaos","Streamline","Gash"],"picked":"SKIP","floor":14},{"not_picked":["Machine Learning","All For One"],"picked":"Fission","floor":16},{"not_picked":["Compile Driver+1","Gash"],"picked":"Cold Snap+1","floor":18},{"not_picked":["Streamline+1","Cold Snap","Static Discharge"],"picked":"SKIP","floor":20},{"not_picked":["Rainbow","Blizzard+1"],"picked":"Force Field","floor":22},{"not_picked":["Steam Power","Steam"],"picked":"Glacier","floor":28},{"not_picked":["Stack+1","Compile Driver+1"],"picked":"Capacitor+1","floor":29},{"not_picked":["Force Field","Steam","Streamline+1"],"picked":"SKIP","floor":30},{"not_picked":["Buffer","Fission"],"picked":"Seek","floor":33},{"not_picked":["Go for the Eyes+1","Rebound+1"],"picked":"Glacier","floor":35},{"not_picked":["Leap","Hologram","Rebound+1"],"picked":"Barrage+1","floor":38},{"not_picked":["Buffer","Glacier","Beam Cell+1"],"picked":"Turbo+1","floor":39},{"not_picked":["Defragment","Conserve Battery+1","Beam Cell+1"],"picked":"Go for the Eyes+1","floor":40},{"not_picked":["Compile Driver+1","Steam+1","Stack"],"picked":"Conserve Battery+1","floor":42},{"not_picked":["Beam Cell+1","Conserve Battery+1","Gash+1","Steam"],"picked":"SKIP","floor":44},{"not_picked":["Stack+1","Redo","Ball Lightning+1"],"picked":"Electrodynamics","floor":46},{"not_picked":["Gash+1","Streamline+1","Redo+1"],"picked":"Cold Snap+1","floor":48},{"not_picked":["Genetic Algorithm","Steam Power","Hello World"],"picked":"Recycle","floor":54}],"player_experience":3920718,"relics_obtained":[{"floor":6,"key":"Pantograph"},{"floor":8,"key":"StoneCalendar"},{"floor":14,"key":"Bag of Preparation"},{"floor":19,"key":"Red Mask"},{"floor":26,"key":"Molten Egg 2"},{"floor":28,"key":"Strawberry"},{"floor":39,"key":"Bird Faced Urn"},{"floor":40,"key":"Meat on the Bone"},{"floor":42,"key":"Symbiotic Virus"},{"floor":43,"key":"Juzu Bracelet"},{"floor":48,"key":"Nunchaku"},{"floor":54,"key":"Bottled Lightning"}],"event_choices":[{"damage_healed":0,"gold_gain":0,"player_choice":"Grow","damage_taken":0,"max_hp_gain":0,"max_hp_loss":0,"event_name":"Living Wall","floor":4,"gold_loss":0,"cards_upgraded":["Zap"]},{"damage_healed":0,"gold_gain":0,"player_choice":"Fought Bandits","damage_taken":0,"max_hp_gain":0,"max_hp_loss":0,"event_name":"Masked Bandits","floor":19,"gold_loss":0},{"damage_healed":0,"gold_gain":0,"player_choice":"Rummage","damage_taken":0,"relics_obtained":["WarpedTongs"],"max_hp_gain":0,"max_hp_loss":0,"event_name":"Accursed Blacksmith","floor":21,"gold_loss":0,"cards_obtained":["Pain"]},{"damage_healed":0,"gold_gain":0,"player_choice":"Became a Ghost","damage_taken":0,"max_hp_gain":0,"max_hp_loss":38,"event_name":"Ghosts","floor":25,"gold_loss":0,"cards_obtained":["Ghostly","Ghostly","Ghostly","Ghostly","Ghostly"]},{"damage_healed":0,"gold_gain":0,"player_choice":"Opened","damage_taken":0,"relics_obtained":["Ancient Tea Set"],"max_hp_gain":0,"max_hp_loss":0,"event_name":"The Mausoleum","floor":31,"gold_loss":0,"cards_obtained":["Writhe"]},{"damage_healed":0,"gold_gain":222,"player_choice":"Wore Mask","damage_taken":0,"max_hp_gain":0,"max_hp_loss":0,"event_name":"Tomb of Lord Red Mask","floor":36,"gold_loss":0},{"damage_healed":0,"gold_gain":0,"player_choice":"Fight","damage_taken":0,"max_hp_gain":0,"max_hp_loss":0,"event_name":"Mysterious Sphere","floor":39,"gold_loss":0},{"damage_healed":0,"gold_gain":0,"player_choice":"Fight","damage_taken":0,"max_hp_gain":0,"max_hp_loss":0,"event_name":"MindBloom","floor":48,"gold_loss":0}],"is_beta":true,"boss_relics":[{"not_picked":["Coffee Dripper","White Beast Statue"],"picked":"Runic Dome"},{"not_picked":["Busted Crown","Pandora\u0027s Box"],"picked":"Runic Pyramid"}],"items_purged_floors":[12,24,37,53],"is_endless":false,"potions_floor_spawned":[3,8,13,16,20,22,30,33,35,38,39,46],"ascension_level":1}