{"gold_per_floor":[110,110,120,133,35,62,62,88,167,192,11,31,61,75,75,178,178,189,209,220,237,71,71],"floor_reached":23,"playtime":3192,"items_purged":["Strike_R","Strike_R","Strike_R"],"score":223,"play_id":"e3ae2ff1-51e5-4681-9431-e8d50f289ad9","local_time":"20190203213719","is_ascension_mode":false,"campfire_choices":[{"data":"Bash","floor":7,"key":"SMITH"},{"data":"Armaments","floor":15,"key":"SMITH"}],"neow_cost":"NONE","seed_source_timestamp":0,"circlet_count":0,"master_deck":["Strike_R","Defend_R","Defend_R","Defend_R","Bash+1","Juggernaut","Ghostly Armor","Armaments+1","Clothesline","Double Tap","Metallicize","Shrug It Off","Immolate","Rampage","Double Tap","Sever Soul+1","True Grit+1","Searing Blow+1","Searing Blow","Second Wind"],"special_seed":0,"relics":["Burning Blood","Pocketwatch","Blood Vial","Bottled Lightning","Paper Frog","Incense Burner","Astrolabe"],"potions_floor_usage":[6,6,16,16,21],"damage_taken":[{"damage":6.0,"enemies":"Jaw Worm","floor":1.0,"turns":3.0},{"damage":0.0,"enemies":"Cultist","floor":3.0,"turns":4.0},{"damage":17.0,"enemies":"Small Slimes","floor":4.0,"turns":3.0},{"damage":29,"enemies":"3 Sentries","floor":6,"turns":8},{"damage":17,"enemies":"Lagavulin","floor":8,"turns":7},{"damage":13,"enemies":"3 Sentries","floor":10,"turns":7},{"damage":13,"enemies":"3 Louse","floor":12,"turns":3},{"damage":14,"enemies":"Gremlin Nob","floor":13,"turns":5},{"damage":0,"enemies":"Lots of Slimes","floor":14,"turns":1},{"damage":27,"enemies":"The Guardian","floor":16,"turns":7},{"damage":21,"enemies":"Chosen","floor":18,"turns":6},{"damage":12,"enemies":"Spheric Guardian","floor":19,"turns":6},{"damage":15,"enemies":"Snake Plant","floor":20,"turns":4},{"damage":43,"enemies":"Centurion and Healer","floor":21,"turns":5},{"damage":27,"enemies":"Gremlin Leader","floor":23,"turns":2}],"seed_played":"8762608044324753522","potions_obtained":[{"floor":1.0,"key":"PowerPotion"},{"floor":4.0,"key":"Fruit Juice"},{"floor":12,"key":"PowerPotion"},{"floor":13,"key":"GamblersBrew"},{"floor":14,"key":"SkillPotion"},{"floor":16,"key":"Poison Potion"},{"floor":20,"key":"SteroidPotion"}],"is_trial":false,"path_per_floor":["M","?","M","M","$","E","R","E","T","E","$","M","E","M","R","B",null,"M","M","M","M","$","E"],"character_chosen":"IRONCLAD","items_purchased":["Armaments","Metallicize","Second Wind"],"campfire_rested":0,"item_purchase_floors":[5,11,22],"current_hp_per_floor":[80,80,80,69,69,51,51,40,40,35,35,30,24,32,32,13,85,70,66,59,24,24,0],"gold":71,"neow_bonus":"REMOVE_CARD","is_prod":false,"is_daily":false,"chose_seed":false,"campfire_upgraded":2,"win_rate":0.0,"timestamp":1549258639,"path_taken":["M","?","M","M","?","E","R","E","T","E","$","?","E","M","R","BOSS","M","M","?","M","$","E"],"build_version":"2019-01-23","purchased_purges":3,"victory":false,"max_hp_per_floor":[80,80,80,80,80,85,85,85,85,85,85,85,85,85,85,85,85,85,85,85,85,85,85],"card_choices":[{"not_picked":["Second Wind","True Grit","Combust"],"picked":"SKIP","floor":1.0},{"not_picked":["Wild Strike","Disarm"],"picked":"Perfected Strike","floor":3.0},{"not_picked":["Thunderclap","Clothesline"],"picked":"Ghostly Armor","floor":4.0},{"not_picked":["Warcry","Blood for Blood"],"picked":"Perfected Strike","floor":6},{"not_picked":["Havoc","Rage"],"picked":"Clothesline","floor":8},{"not_picked":["True Grit","Headbutt"],"picked":"Double Tap","floor":10},{"not_picked":["Twin Strike","Havoc"],"picked":"Shrug It Off","floor":12},{"not_picked":["True Grit","Sword Boomerang"],"picked":"Immolate","floor":13},{"not_picked":["Blood for Blood","Pummel"],"picked":"Rampage","floor":14},{"not_picked":["Dark Embrace","Impervious"],"picked":"Double Tap","floor":16},{"not_picked":["Twin Strike","Heavy Blade","Perfected Strike+1"],"picked":"SKIP","floor":18},{"not_picked":["Flex+1","Feel No Pain+1","Burning Pact"],"picked":"SKIP","floor":19},{"not_picked":["Thunderclap","Sword Boomerang","Clothesline"],"picked":"SKIP","floor":20},{"not_picked":["Disarm","Sword Boomerang"],"picked":"Searing Blow","floor":21}],"player_experience":53754,"relics_obtained":[{"floor":6,"key":"Pocketwatch"},{"floor":8,"key":"Blood Vial"},{"floor":9,"key":"Bottled Lightning"},{"floor":10,"key":"Paper Frog"},{"floor":13,"key":"Incense Burner"}],"event_choices":[{"damage_healed":0.0,"max_hp_gain":0.0,"max_hp_loss":0.0,"gold_gain":0.0,"event_name":"Match and Keep!","player_choice":"1 cards matched","floor":2.0,"gold_loss":0.0,"damage_taken":0.0,"cards_obtained":["Juggernaut"]}],"is_beta":false,"boss_relics":[{"not_picked":["Runic Cube","Empty Cage"],"picked":"Astrolabe"}],"items_purged_floors":[5,11,22],"is_endless":false,"potions_floor_spawned":[1,4,12,13,14,16,20],"killed_by":"Gremlin Leader","ascension_level":0}