{"gold_per_floor":[114,131,49,61,236,267,285,299,324,342,377,342,342,357,357,453,453,463,483,483,496,496,496],"floor_reached":23,"playtime":1694,"items_purged":[],"score":292,"play_id":"f6d80177-b132-4313-99ed-b4d5aaa3c9d3","local_time":"20190214105336","is_ascension_mode":true,"campfire_choices":[{"data":"Noxious Fumes","floor":13,"key":"SMITH"},{"data":"Skewer","floor":15,"key":"SMITH"}],"neow_cost":"NONE","seed_source_timestamp":146618382351308,"circlet_count":0,"master_deck":["Defend_G+1","Defend_G","Defend_G+1","Defend_G","Defend_G","Survivor","Neutralize","Slice","Sucker Punch","Poisoned Stab","Well Laid Plans","Dagger Spray","Doubt","Quick Slash","Flying Knee","Escape Plan","Noxious Fumes+1","Skewer+1","Adrenaline","Escape Plan+1","Deadly Poison","Bite","Bite","Bite","Bite","Bite"],"relics":["Ring of the Snake","Mango","War Paint","Smiling Mask","Runic Pyramid"],"potions_floor_usage":[11,11,16,16,21,23],"damage_taken":[{"damage":0,"enemies":"Jaw Worm","floor":1,"turns":5},{"damage":1,"enemies":"Small Slimes","floor":2,"turns":3},{"damage":0,"enemies":"Cultist","floor":4,"turns":3},{"damage":27,"enemies":"3 Sentries","floor":6,"turns":11},{"damage":4,"enemies":"Blue Slaver","floor":7,"turns":4},{"damage":11,"enemies":"Looter","floor":8,"turns":3},{"damage":12,"enemies":"Large Slime","floor":10,"turns":6},{"damage":8,"enemies":"Lagavulin","floor":11,"turns":8},{"damage":13,"enemies":"Lots of Slimes","floor":14,"turns":3},{"damage":7,"enemies":"The Guardian","floor":16,"turns":10},{"damage":17,"enemies":"2 Thieves","floor":18,"turns":4},{"damage":36,"enemies":"Shell Parasite","floor":19,"turns":8},{"damage":17,"enemies":"Centurion and Healer","floor":21,"turns":8},{"damage":27,"enemies":"Gremlin Leader","floor":23,"turns":2}],"seed_played":"4200852118474613272","potions_obtained":[{"floor":2,"key":"Swift Potion"},{"floor":4,"key":"Dexterity Potion"},{"floor":10,"key":"PowerPotion"},{"floor":11,"key":"Poison Potion"},{"floor":19,"key":"SkillPotion"},{"floor":21,"key":"PowerPotion"}],"is_trial":false,"path_per_floor":["M","M","$","M","?","E","M","M","T","M","E","?","R","M","R","B",null,"M","M","?","M","?","E"],"character_chosen":"THE_SILENT","items_purchased":["Well Laid Plans"],"campfire_rested":0,"item_purchase_floors":[3],"current_hp_per_floor":[63,62,62,62,62,49,45,34,34,22,14,35,35,22,22,15,67,50,14,14,17,17,0],"gold":496,"neow_bonus":"TRANSFORM_CARD","is_prod":false,"is_daily":false,"chose_seed":false,"campfire_upgraded":2,"win_rate":0,"timestamp":1550170416,"path_taken":["M","M","$","M","?","E","M","M","T","M","E","?","R","M","R","BOSS","M","M","?","M","?","E"],"build_version":"2019-01-23","purchased_purges":0,"victory":false,"max_hp_per_floor":[70,70,70,70,70,84,84,84,84,84,84,84,84,84,84,84,84,84,84,58,58,58,58],"card_choices":[{"not_picked":["Dodge and Roll","Deflect"],"picked":"Sucker Punch","floor":1},{"not_picked":["Deadly Poison","Finisher"],"picked":"Poisoned Stab","floor":2},{"not_picked":["Acrobatics","Cloak And Dagger"],"picked":"Dagger Spray","floor":4},{"not_picked":["Burst","Choke"],"picked":"Quick Slash","floor":6},{"not_picked":["Acrobatics","Heel Hook","Poisoned Stab"],"picked":"SKIP","floor":7},{"not_picked":["Bane","Dagger Throw"],"picked":"Flying Knee","floor":8},{"not_picked":["Backflip","Poisoned Stab"],"picked":"Escape Plan","floor":10},{"not_picked":["Blade Dance","Flying Knee"],"picked":"Noxious Fumes","floor":11},{"not_picked":["Noxious Fumes","Dodge and Roll"],"picked":"Skewer","floor":14},{"not_picked":["Glass Knife","Die Die Die"],"picked":"Adrenaline","floor":16},{"not_picked":["Underhanded Strike","Backflip"],"picked":"Escape Plan+1","floor":18},{"not_picked":["Quick Slash+1","Underhanded Strike"],"picked":"Deadly Poison","floor":19},{"not_picked":["Deflect","Blade Dance+1","Masterful Stab"],"picked":"SKIP","floor":21}],"player_experience":149005,"relics_obtained":[{"floor":6,"key":"Mango"},{"floor":9,"key":"War Paint"},{"floor":11,"key":"Smiling Mask"}],"event_choices":[{"damage_healed":0,"gold_gain":175,"player_choice":"AGREE","damage_taken":0,"max_hp_gain":0,"max_hp_loss":0,"event_name":"Liars Game","floor":5,"gold_loss":0,"cards_obtained":["Doubt"]},{"damage_healed":21,"gold_gain":0,"player_choice":"Healed","damage_taken":0,"max_hp_gain":0,"max_hp_loss":0,"event_name":"The Cleric","floor":12,"gold_loss":35},{"damage_healed":0,"gold_gain":0,"player_choice":"Became a vampire","damage_taken":0,"max_hp_gain":0,"max_hp_loss":26,"event_name":"Vampires","floor":20,"gold_loss":0,"cards_obtained":["Bite","Bite","Bite","Bite","Bite"]},{"damage_healed":0,"gold_gain":0,"player_choice":"Ignored","damage_taken":0,"max_hp_gain":0,"max_hp_loss":0,"event_name":"Ghosts","floor":22,"gold_loss":0}],"is_beta":false,"boss_relics":[{"not_picked":["Runic Dome","Philosopher\u0027s Stone"],"picked":"Runic Pyramid"}],"items_purged_floors":[],"is_endless":false,"potions_floor_spawned":[2,4,10,11,19,21],"killed_by":"Gremlin Leader","ascension_level":6}