{"gold_per_floor":[210,37,52,70,82,82,113,141,194,194,225,225,237,269,269,367,367,377,377,39,39,4,30,41,59,59,59,6,36,50,69,69,166,166,184,201,276,293,293,318,50,60,60,60,86,86,116,130,130,130],"floor_reached":50,"playtime":3823,"items_purged":["Defend_R","Strike_R"],"score":931,"play_id":"726f3b89-4b27-4ba3-a3f3-4ce66601f533","local_time":"20190202151932","is_ascension_mode":true,"campfire_choices":[{"data":"Dual Wield","floor":6,"key":"SMITH"},{"data":"Metallicize","floor":10,"key":"SMITH"},{"data":"Combust","floor":15,"key":"SMITH"},{"data":"Barricade","floor":32,"key":"SMITH"},{"floor":44,"key":"RECALL"},{"data":"1","floor":46,"key":"LIFT"},{"data":"2","floor":49,"key":"LIFT"}],"neow_cost":"NONE","seed_source_timestamp":4158293625731849,"circlet_count":0,"master_deck":["Strike_R","Strike_R","Strike_R","Defend_R","Defend_R","Defend_R","Bash","Shrug It Off","Anger","Shrug It Off","Battle Trance","Seeing Red","Dual Wield+1","Metallicize+1","Battle Trance","Combust+1","Clothesline","Barricade+1","Disarm+1","Rupture","Havoc","Armaments","Clash","Ghostly","Ghostly","Ghostly","Ghostly","Ghostly","Shrug It Off","Exhume","Shrug It Off","Berserk","Headbutt","Anger+1","True Grit","True Grit"],"relics":["Burning Blood","Letter Opener","Odd Mushroom","Happy Flower","Vajra","Paper Frog","Runic Dome","Gremlin Horn","MutagenicStrength","Ancient Tea Set","Self Forming Clay","Girya","Busted Crown","Art of War","Mummified Hand","Anchor","Dodecahedron"],"potions_floor_usage":[16,23,31,50,50],"damage_taken":[{"damage":6,"enemies":"Jaw Worm","floor":1,"turns":3},{"damage":2,"enemies":"2 Louse","floor":3,"turns":3},{"damage":2,"enemies":"Small Slimes","floor":4,"turns":3},{"damage":1,"enemies":"3 Louse","floor":5,"turns":3},{"damage":10,"enemies":"3 Sentries","floor":7,"turns":9},{"damage":6,"enemies":"The Mushroom Lair","floor":8,"turns":5},{"damage":1,"enemies":"Lagavulin","floor":11,"turns":6},{"damage":0,"enemies":"Gremlin Gang","floor":13,"turns":4},{"damage":14,"enemies":"3 Sentries","floor":14,"turns":5},{"damage":4,"enemies":"Hexaghost","floor":16,"turns":8},{"damage":5,"enemies":"Chosen","floor":18,"turns":4},{"damage":3,"enemies":"Book of Stabbing","floor":23,"turns":5},{"damage":3,"enemies":"Spheric Guardian","floor":24,"turns":5},{"damage":7,"enemies":"Centurion and Healer","floor":25,"turns":6},{"damage":4,"enemies":"Gremlin Leader","floor":29,"turns":6},{"damage":3,"enemies":"Shelled Parasite and Fungi","floor":30,"turns":8},{"damage":7,"enemies":"Chosen and Byrds","floor":31,"turns":8},{"damage":8,"enemies":"Automaton","floor":33,"turns":8},{"damage":1,"enemies":"3 Shapes","floor":35,"turns":5},{"damage":0,"enemies":"Orb Walker","floor":36,"turns":5},{"damage":0,"enemies":"Transient","floor":38,"turns":5},{"damage":6,"enemies":"Giant Head","floor":40,"turns":9},{"damage":4,"enemies":"Spire Growth","floor":42,"turns":5},{"damage":3,"enemies":"Reptomancer","floor":45,"turns":7},{"damage":3,"enemies":"Giant Head","floor":47,"turns":7},{"damage":4,"enemies":"Sphere and 2 Shapes","floor":48,"turns":4},{"damage":54,"enemies":"Donu and Deca","floor":50,"turns":13}],"seed_played":"-6965407483392680609","potions_obtained":[{"floor":4,"key":"SkillPotion"},{"floor":11,"key":"Energy Potion"},{"floor":14,"key":"Dexterity Potion"},{"floor":16,"key":"Weak Potion"},{"floor":24,"key":"GamblersBrew"},{"floor":29,"key":"Swift Potion"},{"floor":36,"key":"EssenceOfSteel"},{"floor":40,"key":"Dexterity Potion"},{"floor":47,"key":"SkillPotion"}],"is_trial":false,"path_per_floor":["M","$","M","M","M","R","E","?","T","R","E","?","M","E","R","B",null,"M","?","$","?","$","E","M","M","T","?","$","E","M","M","R","B",null,"M","M","?","M","?","E","$","M","T","R","E","R","E","M","R","B"],"character_chosen":"IRONCLAD","items_purchased":["Anger","Shrug It Off","Gremlin Horn","Rupture","Shrug It Off","Mummified Hand","Headbutt"],"campfire_rested":0,"item_purchase_floors":[2,2,20,22,28,41,41],"current_hp_per_floor":[80,80,80,80,80,80,76,76,76,76,80,73,79,71,71,73,80,80,80,80,80,80,80,80,79,79,40,40,40,40,39,39,37,40,40,40,36,40,40,40,40,40,40,40,40,40,40,40,40,0],"gold":130,"neow_bonus":"HUNDRED_GOLD","is_prod":false,"is_daily":false,"chose_seed":false,"campfire_upgraded":4,"win_rate":0,"timestamp":1549138772,"path_taken":["M","$","M","M","M","R","E","?","T","R","E","?","M","E","R","BOSS","M","?","$","?","?","E","?","M","T","?","$","E","M","M","R","BOSS","M","M","?","?","?","E","?","?","T","R","E","R","E","M","R","BOSS"],"build_version":"2019-01-23","purchased_purges":2,"victory":false,"max_hp_per_floor":[80,80,80,80,80,80,80,80,80,80,80,80,80,80,80,80,80,80,80,80,80,80,80,80,80,80,40,40,40,40,40,40,40,40,40,40,40,40,40,40,40,40,40,40,40,40,40,40,40,40],"card_choices":[{"not_picked":["Iron Wave","Sword Boomerang"],"picked":"Shrug It Off","floor":1},{"not_picked":["Twin Strike","Pommel Strike"],"picked":"Battle Trance","floor":3},{"not_picked":["Clothesline","Iron Wave"],"picked":"Seeing Red","floor":4},{"not_picked":["Clothesline","Iron Wave"],"picked":"Dual Wield","floor":5},{"not_picked":["Reaper","Spot Weakness"],"picked":"Metallicize","floor":7},{"not_picked":["Thunderclap","Cleave"],"picked":"Battle Trance","floor":8},{"not_picked":["Body Slam","Searing Blow","Pommel Strike"],"picked":"SKIP","floor":11},{"not_picked":["Twin Strike","Battle Trance"],"picked":"Combust","floor":13},{"not_picked":["Twin Strike","Carnage"],"picked":"Clothesline","floor":14},{"not_picked":["Juggernaut","Double Tap"],"picked":"Barricade","floor":16},{"not_picked":["True Grit+1","Anger+1"],"picked":"Disarm+1","floor":18},{"not_picked":["Heavy Blade","Sentinel+1"],"picked":"Havoc","floor":23},{"not_picked":["Burning Pact","Power Through"],"picked":"Armaments","floor":24},{"not_picked":["Twin Strike","Dual Wield"],"picked":"Clash","floor":25},{"not_picked":["Rupture","Spot Weakness"],"picked":"Exhume","floor":29},{"not_picked":["Bloodletting+1","Disarm+1","Clash"],"picked":"SKIP","floor":30},{"not_picked":["Seeing Red","Twin Strike"],"picked":"Shrug It Off","floor":31},{"not_picked":["Dark Embrace","Juggernaut"],"picked":"Berserk","floor":33},{"not_picked":["Sword Boomerang"],"picked":"SKIP","floor":35},{"not_picked":["Reckless Charge"],"picked":"SKIP","floor":36},{"not_picked":["Dual Wield"],"picked":"SKIP","floor":38},{"not_picked":["Pommel Strike+1"],"picked":"SKIP","floor":40},{"not_picked":["Iron Wave+1"],"picked":"SKIP","floor":42},{"not_picked":[],"picked":"Anger+1","floor":45},{"not_picked":[],"picked":"True Grit","floor":47},{"not_picked":[],"picked":"True Grit","floor":48}],"player_experience":4318033,"relics_obtained":[{"floor":7,"key":"Letter Opener"},{"floor":8,"key":"Odd Mushroom"},{"floor":9,"key":"Happy Flower"},{"floor":11,"key":"Vajra"},{"floor":14,"key":"Paper Frog"},{"floor":23,"key":"Ancient Tea Set"},{"floor":26,"key":"Self Forming Clay"},{"floor":29,"key":"Girya"},{"floor":40,"key":"Art of War"},{"floor":45,"key":"Anchor"},{"floor":47,"key":"Dodecahedron"}],"event_choices":[{"damage_healed":0,"gold_gain":0,"player_choice":"Fought Mushrooms","damage_taken":0,"max_hp_gain":0,"max_hp_loss":0,"event_name":"Mushrooms","floor":8,"gold_loss":0},{"cards_removed":["Strike_R"],"damage_healed":0,"gold_gain":0,"player_choice":"Card Removal","damage_taken":7,"max_hp_gain":0,"max_hp_loss":0,"event_name":"Golden Wing","floor":12,"gold_loss":0},{"damage_healed":0,"gold_gain":0,"player_choice":"Ignored","damage_taken":0,"max_hp_gain":0,"max_hp_loss":0,"event_name":"Vampires","floor":19,"gold_loss":0},{"damage_healed":0,"gold_gain":0,"player_choice":"Inject Mutagens","damage_taken":0,"relics_obtained":["MutagenicStrength"],"max_hp_gain":0,"max_hp_loss":0,"event_name":"Drug Dealer","floor":21,"gold_loss":0},{"damage_healed":0,"gold_gain":0,"player_choice":"Became a Ghost","damage_taken":0,"max_hp_gain":0,"max_hp_loss":40,"event_name":"Ghosts","floor":27,"gold_loss":0,"cards_obtained":["Ghostly","Ghostly","Ghostly","Ghostly","Ghostly"]},{"damage_healed":0,"gold_gain":75,"player_choice":"Touch","damage_taken":4,"max_hp_gain":0,"max_hp_loss":0,"event_name":"FaceTrader","floor":37,"gold_loss":0},{"damage_healed":0,"gold_gain":0,"player_choice":"Ignored","damage_taken":0,"max_hp_gain":0,"max_hp_loss":0,"event_name":"Tomb of Lord Red Mask","floor":39,"gold_loss":0}],"is_beta":true,"boss_relics":[{"not_picked":["Sozu","Pandora\u0027s Box"],"picked":"Runic Dome"},{"not_picked":["Calling Bell","Velvet Choker"],"picked":"Busted Crown"}],"items_purged_floors":[2,20],"is_endless":false,"potions_floor_spawned":[4,11,14,16,24,29,30,36,40,47],"killed_by":"Donu and Deca","ascension_level":1}