{"gold_per_floor":[112,187,34,54,0,0,31,95,176,176,204,204,204,218,218,349,349,369,385,163,198,198,229,229,253,280,319,333,333,358,376,376,376],"floor_reached":33,"playtime":2860,"items_purged":[],"score":494,"play_id":"a51dac10-57e9-4c1d-95cd-b5478114d55e","local_time":"20190215131315","is_ascension_mode":true,"campfire_choices":[{"data":"Neutralize","floor":6.0,"key":"SMITH"},{"data":"Dagger Spray","floor":13.0,"key":"SMITH"},{"data":"Noxious Fumes","floor":15.0,"key":"SMITH"},{"data":"Glass Knife","floor":24.0,"key":"SMITH"},{"data":"Catalyst","floor":32.0,"key":"SMITH"}],"neow_cost":"NONE","seed_source_timestamp":9736163610000,"circlet_count":0,"master_deck":["Defend_G","Defend_G","Defend_G","Defend_G","Defend_G","Survivor","Neutralize+1","Prepared","Dagger Spray+1","PiercingWail","Backstab","Outmaneuver","Noxious Fumes+1","Glass Knife+1","PiercingWail","PiercingWail","Catalyst+1","Deadly Poison+1","Bite","Bite","Bite","Bite","Bite","Acrobatics","Heel Hook","Cloak And Dagger","Backflip+1","Die Die Die","Blur"],"special_seed":0,"relics":["Ring of the Serpent","NeowsBlessing","PreservedInsect","Pear","Ornamental Fan","Bag of Preparation","Bloody Idol","Bag of Marbles","Red Mask","Unceasing Top","Bottled Flame","Blue Candle"],"potions_floor_usage":[33],"damage_taken":[{"damage":0.0,"enemies":"Small Slimes","floor":1.0,"turns":1.0},{"damage":0.0,"enemies":"2 Louse","floor":4.0,"turns":1.0},{"damage":0.0,"enemies":"3 Sentries","floor":7.0,"turns":1.0},{"damage":19.0,"enemies":"Lagavulin","floor":11.0,"turns":6.0},{"damage":0.0,"enemies":"Jaw Worm","floor":14.0,"turns":2.0},{"damage":8.0,"enemies":"The Guardian","floor":16.0,"turns":12.0},{"damage":7.0,"enemies":"Shell Parasite","floor":18.0,"turns":7.0},{"damage":0.0,"enemies":"Chosen","floor":19.0,"turns":5.0},{"damage":0.0,"enemies":"Masked Bandits","floor":21.0,"turns":2.0},{"damage":0.0,"enemies":"Gremlin Leader","floor":23.0,"turns":4.0},{"damage":7.0,"enemies":"3 Cultists","floor":25.0,"turns":6.0},{"damage":9.0,"enemies":"Book of Stabbing","floor":27.0,"turns":4.0},{"damage":3.0,"enemies":"Snake Plant","floor":28.0,"turns":4.0},{"damage":2.0,"enemies":"Slavers","floor":30.0,"turns":3.0},{"damage":14.0,"enemies":"Centurion and Healer","floor":31.0,"turns":5.0},{"damage":91,"enemies":"Champ","floor":33,"turns":14}],"seed_played":"6095576900222027767","potions_obtained":[{"floor":11.0,"key":"EssenceOfSteel"},{"floor":14.0,"key":"Poison Potion"},{"floor":16.0,"key":"SpeedPotion"},{"floor":18.0,"key":"LiquidBronze"},{"floor":21.0,"key":"GhostInAJar"}],"is_trial":false,"path_per_floor":["M","?","$","M","$","R","E","?","T","?","E","?","R","M","R","B",null,"M","M","$","?","?","E","R","M","T","E","M","?","E","M","R","B"],"character_chosen":"THE_SILENT","items_purchased":["PreservedInsect","PiercingWail","Catalyst","Bag of Marbles"],"campfire_rested":0,"item_purchase_floors":[3,5,20,20],"current_hp_per_floor":[63,52,52,52,52,52,62,62,62,67,48,48,48,48,48,40,69,62,62,62,62,55,55,55,50,50,49,50,50,55,51,51,0],"gold":376,"neow_bonus":"THREE_ENEMY_KILL","is_prod":false,"is_daily":false,"chose_seed":false,"campfire_upgraded":5,"win_rate":0,"timestamp":1550232795,"path_taken":["M","?","$","M","$","R","E","?","T","?","E","?","R","M","R","BOSS","M","M","$","?","?","E","R","M","T","E","M","?","E","?","R","BOSS"],"build_version":"2019-01-23","purchased_purges":0,"victory":false,"max_hp_per_floor":[70,70,70,70,70,70,80,80,80,85,85,79,79,79,79,79,79,79,79,79,79,55,55,55,55,55,55,55,55,55,55,55,55],"card_choices":[{"not_picked":["Poisoned Stab","Calculated Gamble"],"picked":"Prepared","floor":1.0},{"not_picked":["Dodge and Roll","Acrobatics"],"picked":"Dagger Spray","floor":4.0},{"not_picked":["Dodge and Roll","Unload"],"picked":"Backstab","floor":7.0},{"not_picked":["Poisoned Stab","Deflect"],"picked":"Outmaneuver","floor":11.0},{"not_picked":["Slice","Distraction"],"picked":"Noxious Fumes","floor":14.0},{"not_picked":["Doppelganger","Bullet Time"],"picked":"Glass Knife","floor":16.0},{"not_picked":["Dagger Spray","Blade Dance"],"picked":"PiercingWail","floor":18.0},{"not_picked":["Poisoned Stab","Quick Slash"],"picked":"PiercingWail","floor":19.0},{"not_picked":["Bane","Skewer"],"picked":"Deadly Poison+1","floor":21.0},{"not_picked":["Phantasmal Killer","Sucker Punch"],"picked":"Acrobatics","floor":23.0},{"not_picked":["Outmaneuver","Bane+1"],"picked":"Heel Hook","floor":25.0},{"not_picked":["Predator","All Out Attack+1"],"picked":"Cloak And Dagger","floor":27.0},{"not_picked":["Acrobatics","Cloak And Dagger"],"picked":"Backflip+1","floor":28.0},{"not_picked":["Malaise","Bane"],"picked":"Die Die Die","floor":30.0},{"not_picked":["Dagger Throw","Dash+1"],"picked":"Blur","floor":31.0}],"player_experience":175402,"relics_obtained":[{"floor":7.0,"key":"Pear"},{"floor":9.0,"key":"Ornamental Fan"},{"floor":11.0,"key":"Bag of Preparation"},{"floor":21.0,"key":"Red Mask"},{"floor":23.0,"key":"Unceasing Top"},{"floor":27.0,"key":"Bottled Flame"},{"floor":30.0,"key":"Blue Candle"}],"event_choices":[{"damage_healed":0.0,"max_hp_gain":0.0,"max_hp_loss":0.0,"gold_gain":75.0,"event_name":"World of Goop","player_choice":"Gather Gold","floor":2.0,"gold_loss":0.0,"damage_taken":11.0},{"damage_healed":0.0,"max_hp_gain":0.0,"max_hp_loss":0.0,"gold_gain":64.0,"event_name":"Golden Wing","player_choice":"Gained Gold","floor":8.0,"gold_loss":0.0,"damage_taken":0.0},{"damage_healed":0.0,"max_hp_gain":5.0,"max_hp_loss":0.0,"gold_gain":0.0,"event_name":"Big Fish","player_choice":"Donut","floor":10.0,"gold_loss":0.0,"damage_taken":0.0},{"damage_healed":0.0,"max_hp_gain":0.0,"max_hp_loss":6.0,"gold_gain":0.0,"event_name":"Golden Idol","player_choice":"Lose Max HP","floor":12.0,"gold_loss":0.0,"damage_taken":0.0,"relics_obtained":["Golden Idol"]},{"damage_healed":0.0,"max_hp_gain":0.0,"max_hp_loss":0.0,"gold_gain":0.0,"event_name":"Masked Bandits","player_choice":"Fought Bandits","floor":21.0,"gold_loss":0.0,"damage_taken":0.0},{"damage_healed":0.0,"max_hp_gain":0.0,"max_hp_loss":24.0,"gold_gain":0.0,"event_name":"Vampires","player_choice":"Became a vampire","floor":22.0,"gold_loss":0.0,"damage_taken":0.0,"cards_obtained":["Bite","Bite","Bite","Bite","Bite"]},{"damage_healed":0.0,"max_hp_gain":0.0,"max_hp_loss":0.0,"gold_gain":0.0,"event_name":"Forgotten Altar","player_choice":"Gave Idol","floor":29.0,"relics_lost":["Golden Idol"],"gold_loss":0.0,"damage_taken":0.0,"relics_obtained":["Bloody Idol"]}],"is_beta":false,"boss_relics":[{"not_picked":["Calling Bell","Empty Cage"],"picked":"Ring of the Serpent"}],"items_purged_floors":[],"is_endless":false,"potions_floor_spawned":[11,14,16,18,21,23,25,28,31],"killed_by":"Champ","ascension_level":6}