{"gold_per_floor":[111,111,130,148,163,163,176,176,176,176,209,227,267,48,48,144,174,188,238,238,238,238],"floor_reached":22,"playtime":665,"items_purged":[],"score":388,"play_id":"467458fa-1084-4cc5-9b51-5216459c9d09","local_time":"20190219223715","is_ascension_mode":true,"campfire_choices":[{"floor":6.0,"key":"REST"},{"data":"Noxious Fumes","floor":10.0,"key":"SMITH"},{"floor":15.0,"key":"REST"}],"neow_cost":"NONE","seed_source_timestamp":77937706054800,"circlet_count":0,"master_deck":["AscendersBane","Defend_G","Defend_G","Defend_G","Defend_G","Defend_G","Strike_G","Strike_G","Strike_G","Strike_G","Survivor","Neutralize","Escape Plan","Noxious Fumes+1","Deadly Poison","Bouncing Flask","Predator","Well Laid Plans","Thinking Ahead","Clumsy"],"special_seed":0,"relics":["Black Star","Golden Idol","Omamori","Smiling Mask","Pantograph","Art of War","Vajra","PrismaticShard","Calling Bell","Tiny Chest","Sundial","Bird Faced Urn"],"potions_floor_usage":[21],"damage_taken":[{"damage":5.0,"enemies":"Small Slimes","floor":1.0,"turns":5.0},{"damage":9.0,"enemies":"Jaw Worm","floor":3.0,"turns":8.0},{"damage":3.0,"enemies":"2 Louse","floor":4.0,"turns":4.0},{"damage":11.0,"enemies":"Looter","floor":5.0,"turns":4.0},{"damage":5.0,"enemies":"3 Louse","floor":7.0,"turns":2.0},{"damage":8.0,"enemies":"Gremlin Nob","floor":11.0,"turns":3.0},{"damage":7.0,"enemies":"Blue Slaver","floor":12.0,"turns":5.0},{"damage":15.0,"enemies":"Lagavulin","floor":13.0,"turns":7.0},{"damage":28.0,"enemies":"Hexaghost","floor":16.0,"turns":9.0},{"damage":25.0,"enemies":"Spheric Guardian","floor":18.0,"turns":4.0},{"damage":22,"enemies":"Colosseum Slavers","floor":21,"turns":5},{"damage":35,"enemies":"Chosen","floor":22,"turns":3}],"seed_played":"3899340475262388174","potions_obtained":[{"floor":4.0,"key":"PowerPotion"},{"floor":5.0,"key":"Fire Potion"},{"floor":7.0,"key":"SkillPotion"},{"floor":11.0,"key":"Regen Potion"},{"floor":16.0,"key":"PowerPotion"},{"floor":18.0,"key":"FearPotion"}],"is_trial":false,"path_per_floor":["M","?","M","M","M","R","M","?","T","R","E","M","E","$","R","B",null,"M","?","T","?","M"],"character_chosen":"THE_SILENT","items_purchased":["PrismaticShard"],"campfire_rested":2,"item_purchase_floors":[14],"current_hp_per_floor":[54,31,22,19,8,27,22,22,22,22,14,21,6,6,25,22,55,34,34,34,16,0],"gold":238,"neow_bonus":"BOSS_RELIC","is_prod":false,"is_daily":false,"chose_seed":false,"campfire_upgraded":1,"win_rate":0,"timestamp":1550583435,"path_taken":["M","?","M","M","M","R","M","?","T","R","E","M","E","$","R","BOSS","M","?","?","?","M"],"build_version":"2019-01-23","purchased_purges":0,"victory":false,"max_hp_per_floor":[66,66,66,66,66,66,66,66,66,66,66,66,66,66,66,66,66,66,66,66,66,66],"card_choices":[{"not_picked":["Underhanded Strike","Deflect"],"picked":"Escape Plan","floor":1.0},{"not_picked":["Bane","Concentrate"],"picked":"Noxious Fumes","floor":3.0},{"not_picked":["PiercingWail","Flying Knee"],"picked":"Deadly Poison","floor":4.0},{"not_picked":["Deflect","Dagger Throw"],"picked":"Bouncing Flask","floor":5.0},{"not_picked":["Prepared","Leg Sweep"],"picked":"Predator","floor":7.0},{"not_picked":["Distraction","Riddle With Holes","Deflect"],"picked":"SKIP","floor":11.0},{"not_picked":["Poisoned Stab","Backflip"],"picked":"Well Laid Plans","floor":12.0},{"not_picked":["Caltrops","Setup","Terror"],"picked":"SKIP","floor":13.0},{"not_picked":["Night Terror","Master of Strategy"],"picked":"Thinking Ahead","floor":16.0},{"not_picked":["Concentrate","Armaments","Pummel"],"picked":"SKIP","floor":18.0}],"player_experience":1139309,"relics_obtained":[{"floor":9.0,"key":"Omamori"},{"floor":11.0,"key":"Smiling Mask"},{"floor":11.0,"key":"Pantograph"},{"floor":13.0,"key":"Art of War"},{"floor":13.0,"key":"Vajra"},{"floor":17.0,"key":"Tiny Chest"},{"floor":17.0,"key":"Sundial"},{"floor":17.0,"key":"Bird Faced Urn"}],"event_choices":[{"damage_healed":0.0,"max_hp_gain":0.0,"max_hp_loss":0.0,"gold_gain":0.0,"event_name":"Golden Idol","player_choice":"Take Damage","floor":2.0,"gold_loss":0.0,"damage_taken":23.0,"relics_obtained":["Golden Idol"]},{"cards_removed":["Strike_G"],"damage_healed":0.0,"max_hp_gain":0.0,"max_hp_loss":0.0,"gold_gain":0.0,"event_name":"Living Wall","player_choice":"Forget","floor":8.0,"gold_loss":0.0,"damage_taken":0.0},{"damage_healed":0.0,"max_hp_gain":0.0,"max_hp_loss":0.0,"gold_gain":50.0,"event_name":"Nest","player_choice":"Stole From Cult","floor":19.0,"gold_loss":0.0,"damage_taken":0.0},{"damage_healed":0,"gold_gain":0,"player_choice":"Fight","damage_taken":0,"max_hp_gain":0,"max_hp_loss":0,"event_name":"Colosseum","floor":21,"gold_loss":0},{"damage_healed":0,"gold_gain":0,"player_choice":"Fled From Nobs","damage_taken":0,"max_hp_gain":0,"max_hp_loss":0,"event_name":"Colosseum","floor":21,"gold_loss":0}],"is_beta":false,"boss_relics":[{"not_picked":["Fusion Hammer","Ectoplasm"],"picked":"Calling Bell"}],"items_purged_floors":[],"is_endless":false,"potions_floor_spawned":[4,5,7,11,16,18],"killed_by":"Chosen","ascension_level":20}