{"gold_per_floor":[113,83,95,112,132,157,172,11,38,72,72,72,86,105,105,105],"floor_reached":16,"playtime":763,"items_purged":[],"score":228,"play_id":"3d844bfb-5eab-4de3-95d9-6322e8b150ca","local_time":"20190211194900","is_ascension_mode":true,"campfire_choices":[{"floor":12.0,"key":"REST"},{"data":"Glass Knife","floor":15.0,"key":"SMITH"}],"neow_cost":"NONE","seed_source_timestamp":1298971853800200,"circlet_count":0,"master_deck":["AscendersBane","Defend_G","Defend_G","Defend_G","Defend_G","Defend_G","Strike_G","Strike_G","Strike_G","Strike_G","Strike_G","Survivor","Neutralize","Bane","Dagger Throw","Bane","Glass Knife+1","Masterful Stab","Backstab","Deadly Poison"],"special_seed":0,"relics":["Ring of the Snake","Orichalcum","Blood Vial","Anchor","Omamori"],"potions_floor_usage":[16,16],"damage_taken":[{"damage":8.0,"enemies":"Small Slimes","floor":1.0,"turns":7.0},{"damage":3.0,"enemies":"Cultist","floor":3.0,"turns":5.0},{"damage":0.0,"enemies":"2 Louse","floor":4.0,"turns":3.0},{"damage":1.0,"enemies":"2 Fungi Beasts","floor":5.0,"turns":3.0},{"damage":20.0,"enemies":"3 Sentries","floor":6.0,"turns":7.0},{"damage":2.0,"enemies":"3 Louse","floor":7.0,"turns":5.0},{"damage":28.0,"enemies":"Lagavulin","floor":10.0,"turns":7.0},{"damage":0.0,"enemies":"Blue Slaver","floor":13.0,"turns":2.0},{"damage":1.0,"enemies":"Exordium Thugs","floor":14.0,"turns":3.0},{"damage":34,"enemies":"The Guardian","floor":16,"turns":7}],"seed_played":"4402958692376673353","potions_obtained":[{"floor":2.0,"key":"Fire Potion"},{"floor":2.0,"key":"Block Potion"},{"floor":4.0,"key":"Explosive Potion"},{"floor":6.0,"key":"EssenceOfSteel"},{"floor":13.0,"key":"Poison Potion"},{"floor":14.0,"key":"SteroidPotion"}],"is_trial":false,"path_per_floor":["M","?","M","M","M","E","M","$","T","E","$","R","M","M","R","B"],"character_chosen":"THE_SILENT","items_purchased":["Blood Vial"],"campfire_rested":1,"item_purchase_floors":[8],"current_hp_per_floor":[57,57,54,54,53,33,31,31,31,5,5,26,28,29,29,0],"gold":105,"neow_bonus":"TEN_PERCENT_HP_BONUS","is_prod":false,"is_daily":false,"chose_seed":false,"campfire_upgraded":1,"win_rate":0,"timestamp":1549882140,"path_taken":["M","?","?","M","M","E","M","$","T","E","?","R","M","M","R","BOSS"],"build_version":"2019-01-23","purchased_purges":0,"victory":false,"max_hp_per_floor":[72,72,72,72,72,72,72,72,72,72,72,72,72,72,72,72],"card_choices":[{"not_picked":["Backflip","Poisoned Stab"],"picked":"Bane","floor":1.0},{"not_picked":["Deflect","Sucker Punch"],"picked":"Dagger Throw","floor":3.0},{"not_picked":["Backflip","Choke"],"picked":"Bane","floor":4.0},{"not_picked":["Deadly Poison","Blade Dance"],"picked":"Glass Knife","floor":5.0},{"not_picked":["Tactician","Poisoned Stab"],"picked":"Masterful Stab","floor":6.0},{"not_picked":["Reflex","Footwork"],"picked":"Backstab","floor":7.0},{"not_picked":["Prepared","Concentrate","Caltrops"],"picked":"SKIP","floor":10.0},{"not_picked":["Bane","Dagger Throw"],"picked":"Deadly Poison","floor":13.0},{"not_picked":["Concentrate","Reflex","Tactician"],"picked":"SKIP","floor":14.0}],"player_experience":1128909,"relics_obtained":[{"floor":6.0,"key":"Orichalcum"},{"floor":9.0,"key":"Anchor"},{"floor":10.0,"key":"Omamori"}],"event_choices":[{"damage_healed":0.0,"max_hp_gain":0.0,"max_hp_loss":0.0,"gold_gain":0.0,"event_name":"The Woman in Blue","player_choice":"Bought 2 Potions","floor":2.0,"gold_loss":0.0,"damage_taken":0.0}],"is_beta":false,"boss_relics":[],"items_purged_floors":[],"is_endless":false,"potions_floor_spawned":[4,5,6,13,14],"killed_by":"The Guardian","ascension_level":20}