{"gold_per_floor":[118,138,44,61,81,95,95,129,153,153,153,182,182,210,210,310,310,330,344,354,372,386,411,411,444,444,444,444,444,459,459,459,459],"floor_reached":33,"playtime":1544,"items_purged":[],"score":445,"play_id":"74be3ff6-ccca-4f85-8cf1-e02ffe752f98","local_time":"20190215221155","is_ascension_mode":true,"campfire_choices":[{"data":"Noxious Fumes","floor":7,"key":"SMITH"},{"data":"Malaise","floor":11,"key":"SMITH"},{"data":"Crippling Poison","floor":13,"key":"SMITH"},{"data":"Cloak And Dagger","floor":15,"key":"SMITH"},{"data":"Doppelganger","floor":24,"key":"SMITH"},{"data":"Envenom","floor":29,"key":"SMITH"},{"data":"Calculated Gamble","floor":32,"key":"SMITH"}],"neow_cost":"NONE","seed_source_timestamp":11910905751183,"circlet_count":0,"master_deck":["Defend_G","Defend_G","Defend_G","Defend_G","Defend_G","Strike_G","Strike_G","Survivor","Neutralize","Dagger Spray","Quick Slash","Noxious Fumes+1","Cloak And Dagger+1","Malaise+1","Backstab","Dagger Spray","Crippling Poison+1","Leg Sweep","Doppelganger+1","Catalyst+1","Deadly Poison","PiercingWail+1","Calculated Gamble","Envenom+1","Cloak And Dagger","Blade Dance+1","Tactician","Calculated Gamble+1","Dodge and Roll"],"relics":["Ring of the Snake","PreservedInsect","Anchor","Bag of Marbles","Omamori","Pen Nib","Coffee Dripper","Molten Egg 2","Letter Opener","Matryoshka"],"potions_floor_usage":[21,23,23,33],"damage_taken":[{"damage":0,"enemies":"2 Louse","floor":1,"turns":4},{"damage":0,"enemies":"Small Slimes","floor":2,"turns":4},{"damage":11,"enemies":"Jaw Worm","floor":4,"turns":4},{"damage":4,"enemies":"Blue Slaver","floor":5,"turns":5},{"damage":10,"enemies":"Lots of Slimes","floor":6,"turns":2},{"damage":9,"enemies":"3 Sentries","floor":8,"turns":5},{"damage":1,"enemies":"Gremlin Nob","floor":12,"turns":3},{"damage":2,"enemies":"3 Sentries","floor":14,"turns":4},{"damage":4,"enemies":"Hexaghost","floor":16,"turns":10},{"damage":0,"enemies":"3 Byrds","floor":18,"turns":3},{"damage":1,"enemies":"Chosen","floor":19,"turns":5},{"damage":6,"enemies":"Snake Plant","floor":20,"turns":5},{"damage":2,"enemies":"Snecko","floor":21,"turns":5},{"damage":3,"enemies":"Centurion and Healer","floor":22,"turns":6},{"damage":2,"enemies":"Slavers","floor":23,"turns":4},{"damage":2,"enemies":"Gremlin Leader","floor":25,"turns":6},{"damage":4,"enemies":"Snake Plant","floor":30,"turns":4},{"damage":61,"enemies":"Champ","floor":33,"turns":9}],"seed_played":"8624072778783317083","potions_obtained":[{"floor":2,"key":"FearPotion"},{"floor":4,"key":"GamblersBrew"},{"floor":16,"key":"Weak Potion"},{"floor":18,"key":"Regen Potion"},{"floor":20,"key":"GhostInAJar"},{"floor":22,"key":"Weak Potion"}],"is_trial":false,"path_per_floor":["M","M","$","M","M","M","R","E","T","?","R","E","R","E","R","B",null,"M","M","M","M","M","E","R","E","T","?","?","R","M","?","R","B"],"character_chosen":"THE_SILENT","items_purchased":["Quick Slash","Noxious Fumes"],"campfire_rested":0,"item_purchase_floors":[3,3],"current_hp_per_floor":[63,63,63,52,48,38,38,29,29,29,29,28,28,26,26,22,58,58,57,51,49,46,56,56,54,54,70,70,70,66,59,59,0],"gold":459,"neow_bonus":"RANDOM_COMMON_RELIC","is_prod":false,"is_daily":false,"chose_seed":false,"campfire_upgraded":7,"win_rate":0,"timestamp":1550297515,"path_taken":["M","M","$","M","M","M","R","E","T","?","R","E","R","E","R","BOSS","M","M","M","M","M","E","R","E","T","?","?","R","M","?","R","BOSS"],"build_version":"2019-01-23","purchased_purges":0,"victory":false,"max_hp_per_floor":[70,70,70,70,70,70,70,70,70,70,70,70,70,70,70,70,70,70,70,70,70,70,70,70,70,70,70,70,70,70,70,70,70],"card_choices":[{"not_picked":["Acrobatics","Predator"],"picked":"Dagger Spray","floor":1},{"not_picked":["Underhanded Strike","Slice","Setup"],"picked":"SKIP","floor":2},{"not_picked":["Slice","Deflect","Flechettes"],"picked":"SKIP","floor":4},{"not_picked":["Endless Agony","Slice"],"picked":"Cloak And Dagger","floor":5},{"not_picked":["Deflect","Dash"],"picked":"Malaise","floor":6},{"not_picked":["Deadly Poison","Well Laid Plans"],"picked":"Backstab","floor":8},{"not_picked":["Dagger Spray","Night Terror"],"picked":"Crippling Poison","floor":12},{"not_picked":["Night Terror","Underhanded Strike"],"picked":"Leg Sweep","floor":14},{"not_picked":["Night Terror","Die Die Die"],"picked":"Doppelganger","floor":16},{"not_picked":["Poisoned Stab","Escape Plan"],"picked":"Catalyst+1","floor":18},{"not_picked":["Blade Dance+1","Acrobatics+1"],"picked":"Deadly Poison","floor":19},{"not_picked":["Bane","Sucker Punch"],"picked":"PiercingWail+1","floor":20},{"not_picked":["Blade Dance","Eviscerate"],"picked":"Calculated Gamble","floor":21},{"not_picked":["Dagger Spray","PiercingWail"],"picked":"Envenom","floor":22},{"not_picked":["Bane","Quick Slash"],"picked":"Cloak And Dagger","floor":23},{"not_picked":["Dodge and Roll","Dagger Spray+1"],"picked":"Blade Dance+1","floor":25},{"not_picked":["Cloak And Dagger","Sucker Punch+1"],"picked":"Dodge and Roll","floor":30}],"player_experience":177278,"relics_obtained":[{"floor":8,"key":"Anchor"},{"floor":9,"key":"Bag of Marbles"},{"floor":12,"key":"Omamori"},{"floor":14,"key":"Pen Nib"},{"floor":23,"key":"Molten Egg 2"},{"floor":25,"key":"Letter Opener"},{"floor":26,"key":"Matryoshka"}],"event_choices":[{"damage_healed":0,"gold_gain":0,"cards_transformed":["Strike_G"],"player_choice":"Change","damage_taken":0,"max_hp_gain":0,"max_hp_loss":0,"event_name":"Living Wall","floor":10,"gold_loss":0,"cards_obtained":["Dagger Spray"]},{"damage_healed":23,"gold_gain":0,"player_choice":"Heal","damage_taken":0,"max_hp_gain":0,"max_hp_loss":0,"event_name":"The Library","floor":27,"gold_loss":0},{"damage_healed":0,"gold_gain":0,"cards_transformed":["Strike_G","Strike_G"],"player_choice":"Became Test Subject","damage_taken":0,"max_hp_gain":0,"max_hp_loss":0,"event_name":"Drug Dealer","floor":28,"gold_loss":0,"cards_obtained":["Tactician","Calculated Gamble"]},{"damage_healed":0,"gold_gain":0,"player_choice":"Damaged","damage_taken":7,"max_hp_gain":0,"max_hp_loss":0,"event_name":"Wheel of Change","floor":31,"gold_loss":0}],"is_beta":false,"boss_relics":[{"not_picked":["HoveringKite","Tiny House"],"picked":"Coffee Dripper"}],"items_purged_floors":[],"is_endless":false,"potions_floor_spawned":[2,4,16,18,20,22],"killed_by":"Champ","ascension_level":9}