{"gold_per_floor":[110,110,127,127,202,202,220,253,253,9,9,29,84,84,84,160,160,177,205,216,236,236,236,267,267,293,293,27,27,44,44,44,44],"floor_reached":33,"playtime":906,"items_purged":["Strike_R"],"score":522,"play_id":"54984ba7-62c9-42d5-b4af-3e89967b94f4","local_time":"20190220223056","is_ascension_mode":true,"campfire_choices":[{"data":"Bash","floor":6.0,"key":"SMITH"},{"data":"Pommel Strike","floor":11.0,"key":"SMITH"},{"data":"Shrug It Off","floor":15.0,"key":"SMITH"},{"floor":23,"key":"REST"},{"data":"Sword Boomerang","floor":25,"key":"SMITH"},{"floor":27,"key":"RECALL"},{"floor":29,"key":"REST"},{"data":"RitualDagger","floor":32,"key":"SMITH"}],"neow_cost":"NONE","seed_source_timestamp":163797270138900,"circlet_count":0,"master_deck":["AscendersBane","Strike_R","Strike_R","Defend_R","Defend_R","Defend_R","Defend_R","Bash+1","Cleave+1","Pommel Strike+1","Whirlwind+1","Shrug It Off+1","Impervious+1","Rage+1","Offering+1","Shockwave+1","Shrug It Off+1","Sword Boomerang+1","Warcry+1","Iron Wave+1","Limit Break+1","RitualDagger+1"],"special_seed":0,"relics":["Black Blood","PreservedInsect","Toxic Egg 2","Whetstone","Red Skull","Mercury Hourglass","Red Mask","MutagenicStrength","Kunai","Boot","Membership Card"],"potions_floor_usage":[19,21,33],"damage_taken":[{"damage":1.0,"enemies":"2 Louse","floor":1.0,"turns":3.0},{"damage":7.0,"enemies":"Jaw Worm","floor":3.0,"turns":3.0},{"damage":2.0,"enemies":"Cultist","floor":7.0,"turns":4.0},{"damage":25.0,"enemies":"Lagavulin","floor":8.0,"turns":6.0},{"damage":7.0,"enemies":"2 Fungi Beasts","floor":12.0,"turns":3.0},{"damage":29,"enemies":"Hexaghost","floor":16,"turns":9},{"damage":29,"enemies":"2 Thieves","floor":18,"turns":3},{"damage":6,"enemies":"Masked Bandits","floor":19,"turns":1},{"damage":25,"enemies":"Spheric Guardian","floor":20,"turns":4},{"damage":17,"enemies":"Centurion and Healer","floor":21,"turns":3},{"damage":9,"enemies":"Slavers","floor":24,"turns":2},{"damage":21,"enemies":"Shelled Parasite and Fungi","floor":30,"turns":5},{"damage":59,"enemies":"Champ","floor":33,"turns":13}],"seed_played":"4235136508067772547","potions_obtained":[{"floor":7.0,"key":"Poison Potion"},{"floor":16,"key":"Explosive Potion"},{"floor":19,"key":"Explosive Potion"},{"floor":20,"key":"Strength Potion"},{"floor":21,"key":"BloodPotion"}],"is_trial":false,"path_per_floor":["M","?","M","?","?","R","M","E","T","$","R","M","T","?","R","B",null,"M","?","M","M","?","R","E","R","T","R","$","R","M","?","R","B"],"character_chosen":"IRONCLAD","items_purchased":["Whetstone","Impervious+1","Membership Card"],"campfire_rested":2,"item_purchase_floors":[10,10,28],"current_hp_per_floor":[73,66,65,65,54,54,58,39,39,39,39,38,38,33,33,10,59,40,44,29,22,22,44,45,45,45,45,45,67,56,50,50,0],"gold":44,"neow_bonus":"RANDOM_COMMON_RELIC","is_prod":false,"is_daily":false,"chose_seed":false,"campfire_upgraded":5,"win_rate":0,"timestamp":1550669456,"path_taken":["M","?","M","?","?","R","M","E","T","$","R","?","?","?","R","BOSS","M","?","M","M","?","R","E","R","T","R","$","R","M","?","R","BOSS"],"build_version":"2019-01-23","purchased_purges":1,"victory":false,"max_hp_per_floor":[75,75,75,75,75,75,75,75,75,75,75,75,75,75,75,75,75,75,75,75,75,75,75,75,75,75,75,75,75,75,75,75,75],"card_choices":[{"not_picked":["Thunderclap","Warcry"],"picked":"Cleave","floor":1.0},{"not_picked":["Combust","Clash"],"picked":"Pommel Strike","floor":3.0},{"not_picked":["Intimidate","Havoc"],"picked":"Whirlwind","floor":7.0},{"not_picked":["Sword Boomerang","Second Wind"],"picked":"Shrug It Off","floor":8.0},{"not_picked":["Anger","Corruption"],"picked":"Rage+1","floor":12.0},{"not_picked":["Juggernaut","Impervious+1"],"picked":"Offering+1","floor":16},{"not_picked":["Body Slam","Pummel"],"picked":"Shockwave+1","floor":18},{"not_picked":["Corruption","Searing Blow"],"picked":"Shrug It Off+1","floor":19},{"not_picked":["Havoc+1","Wild Strike"],"picked":"Sword Boomerang","floor":20},{"not_picked":["Headbutt+1","Armaments+1"],"picked":"Warcry+1","floor":21},{"not_picked":["Perfected Strike","Cleave"],"picked":"Iron Wave+1","floor":24},{"not_picked":["Power Through+1","Entrench+1"],"picked":"Limit Break+1","floor":30}],"player_experience":1149195,"relics_obtained":[{"floor":9.0,"key":"Toxic Egg 2"},{"floor":13.0,"key":"Red Skull"},{"floor":19,"key":"Red Mask"},{"floor":24,"key":"Kunai"},{"floor":26,"key":"Boot"}],"event_choices":[{"cards_removed":["Strike_R"],"damage_healed":0.0,"max_hp_gain":0.0,"max_hp_loss":0.0,"gold_gain":0.0,"event_name":"Golden Wing","player_choice":"Card Removal","floor":2.0,"gold_loss":0.0,"damage_taken":7.0},{"cards_removed":["Strike_R"],"damage_healed":0.0,"max_hp_gain":0.0,"max_hp_loss":0.0,"gold_gain":0.0,"event_name":"Living Wall","player_choice":"Forget","floor":4.0,"gold_loss":0.0,"damage_taken":0.0},{"damage_healed":0.0,"max_hp_gain":0.0,"max_hp_loss":0.0,"gold_gain":75.0,"event_name":"World of Goop","player_choice":"Gather Gold","floor":5.0,"gold_loss":0.0,"damage_taken":11.0},{"damage_healed":0.0,"max_hp_gain":0.0,"max_hp_loss":0.0,"gold_gain":0.0,"event_name":"Scrap Ooze","player_choice":"Success","floor":14.0,"gold_loss":0.0,"damage_taken":5.0,"relics_obtained":["Mercury Hourglass"]},{"damage_healed":0,"gold_gain":0,"player_choice":"Fought Bandits","damage_taken":0,"max_hp_gain":0,"max_hp_loss":0,"event_name":"Masked Bandits","floor":19,"gold_loss":0},{"damage_healed":0,"gold_gain":0,"player_choice":"Inject Mutagens","damage_taken":0,"relics_obtained":["MutagenicStrength"],"max_hp_gain":0,"max_hp_loss":0,"event_name":"Drug Dealer","floor":22,"gold_loss":0},{"damage_healed":0,"gold_gain":0,"player_choice":"Joined the Cult","damage_taken":6,"max_hp_gain":0,"max_hp_loss":0,"event_name":"Nest","floor":31,"gold_loss":0,"cards_obtained":["RitualDagger"]}],"is_beta":false,"boss_relics":[{"not_picked":["Astrolabe","Velvet Choker"],"picked":"Black Blood"}],"items_purged_floors":[28],"is_endless":false,"potions_floor_spawned":[7,16,19,20,21],"killed_by":"Champ","ascension_level":20}