{"gold_per_floor":[112,124,124,136,154,184,184,209,209,256,278,302,327,350,362,471,483,507,519,531,458,485,497,543,555,593,605,617,629,708,738,750,860,872,896,958,1020,1082,1109,1121],"floor_reached":40,"playtime":4375,"items_purged":[],"score":553,"play_id":"739d3ed3-b2ca-4407-a5fd-14264dc856a4","local_time":"20190220161638","is_ascension_mode":false,"campfire_choices":[{"data":"Cold Snap","floor":7,"key":"SMITH"},{"data":"Cold Snap","floor":15,"key":"SMITH"},{"floor":23,"key":"REST"},{"data":"1","floor":27,"key":"LIFT"},{"floor":32,"key":"REST"}],"neow_cost":"NONE","seed_source_timestamp":89261484776609,"circlet_count":0,"master_deck":["Strike_B+1","Strike_B+1","Strike_B","Strike_B","Defend_B","Defend_B","Defend_B","Zap","Dualcast","Cold Snap+1","BootSequence","Cold Snap+1","Cold Snap","Cold Snap","Loop","Echo Form","Conserve Battery+1","Loop","Coolheaded","Echo Form","Loop"],"relics":["Cracked Core","Mercury Hourglass","Whetstone","Bag of Marbles","MawBank","Girya","White Beast Statue","Anchor","Letter Opener","Mango","Pear","Oddly Smooth Stone","SsserpentHead","Black Star","Matryoshka"],"potions_floor_usage":[6,6,14,16,24,24,30,31,33,33,35,40,40],"damage_taken":[{"damage":0,"enemies":"Cultist","floor":1,"turns":4},{"damage":6,"enemies":"Jaw Worm","floor":2,"turns":3},{"damage":0,"enemies":"2 Louse","floor":4,"turns":2},{"damage":0,"enemies":"Looter","floor":5,"turns":2},{"damage":2,"enemies":"Lagavulin","floor":6,"turns":7},{"damage":16,"enemies":"Gremlin Nob","floor":8,"turns":3},{"damage":0,"enemies":"3 Sentries","floor":10,"turns":5},{"damage":1,"enemies":"Red Slaver","floor":11,"turns":2},{"damage":0,"enemies":"Blue Slaver","floor":12,"turns":3},{"damage":0,"enemies":"Exordium Wildlife","floor":13,"turns":2},{"damage":0,"enemies":"3 Louse","floor":14,"turns":1},{"damage":13,"enemies":"The Guardian","floor":16,"turns":10},{"damage":0,"enemies":"Chosen","floor":18,"turns":5},{"damage":21,"enemies":"Spheric Guardian","floor":22,"turns":4},{"damage":10,"enemies":"Gremlin Leader","floor":24,"turns":8},{"damage":6,"enemies":"Centurion and Healer","floor":30,"turns":8},{"damage":19,"enemies":"Snake Plant","floor":31,"turns":4},{"damage":56,"enemies":"Collector","floor":33,"turns":13},{"damage":17,"enemies":"Orb Walker","floor":35,"turns":4},{"damage":6,"enemies":"3 Shapes","floor":39,"turns":7},{"damage":89,"enemies":"Nemesis","floor":40,"turns":10}],"seed_played":"8128506269592607873","potions_obtained":[{"floor":2,"key":"SpeedPotion"},{"floor":5,"key":"PowerPotion"},{"floor":11,"key":"LiquidBronze"},{"floor":12,"key":"AttackPotion"},{"floor":13,"key":"Explosive Potion"},{"floor":18,"key":"GamblersBrew"},{"floor":22,"key":"FocusPotion"},{"floor":24,"key":"Explosive Potion"},{"floor":30,"key":"Fire Potion"},{"floor":31,"key":"EssenceOfSteel"},{"floor":33,"key":"FocusPotion"},{"floor":35,"key":"Strength Potion"},{"floor":39,"key":"PowerPotion"}],"is_trial":false,"path_per_floor":["M","M","T","M","M","E","R","E","T","E","M","M","M","M","R","B",null,"M","?","?","?","M","R","E","T","T","R","$","?","M","M","R","B",null,"M","?","T","?","M","E"],"character_chosen":"DEFECT","items_purchased":[],"campfire_rested":2,"item_purchase_floors":[],"current_hp_per_floor":[82,76,76,76,76,74,74,58,58,58,57,57,57,57,57,44,82,82,66,66,66,45,71,75,85,85,85,85,85,79,60,93,37,111,94,94,94,94,88,0],"gold":1121,"neow_bonus":"TEN_PERCENT_HP_BONUS","is_prod":false,"is_daily":false,"chose_seed":false,"campfire_upgraded":2,"win_rate":0.0,"timestamp":1550697398,"path_taken":["M","M","?","M","M","E","R","E","T","E","?","?","M","M","R","BOSS","M","?","?","?","M","R","E","?","T","R","$","?","?","M","R","BOSS","M","?","?","?","M","E"],"build_version":"2019-01-23","purchased_purges":0,"victory":false,"max_hp_per_floor":[82,82,82,82,82,82,82,82,82,82,82,82,82,82,82,82,82,82,87,87,87,87,87,101,111,111,111,111,111,111,111,111,111,111,111,105,105,105,105,105],"card_choices":[{"not_picked":["Turbo","Doom and Gloom"],"picked":"Cold Snap","floor":1},{"not_picked":["Sweeping Beam","Turbo","Rip and Tear"],"picked":"SKIP","floor":2},{"not_picked":["Steam Power","Reprogram"],"picked":"BootSequence","floor":4},{"not_picked":["Hologram","Creative AI","Compile Driver"],"picked":"SKIP","floor":5},{"not_picked":["Rainbow","Gash","Stack"],"picked":"SKIP","floor":6},{"not_picked":["Turbo","Reprogram"],"picked":"Cold Snap","floor":8},{"not_picked":["Heatsinks","Recycle","Compile Driver"],"picked":"SKIP","floor":10},{"not_picked":["Rebound","Streamline"],"picked":"Cold Snap","floor":11},{"not_picked":["Rip and Tear","Go for the Eyes"],"picked":"Cold Snap","floor":12},{"not_picked":["Steam","Turbo","Reprogram"],"picked":"SKIP","floor":13},{"not_picked":["Chaos","Doom and Gloom"],"picked":"Loop","floor":14},{"not_picked":["All For One","Biased Cognition"],"picked":"Echo Form","floor":16},{"not_picked":["Stack","Self Repair"],"picked":"Conserve Battery+1","floor":18},{"not_picked":["Aggregate","Consume"],"picked":"Loop","floor":22},{"not_picked":["Rip and Tear","Undo","Gash"],"picked":"SKIP","floor":24},{"not_picked":["Leap","Steam","Streamline"],"picked":"SKIP","floor":30},{"not_picked":["Go for the Eyes","Beam Cell"],"picked":"Coolheaded","floor":31},{"not_picked":["Amplify","Meteor Strike"],"picked":"Echo Form","floor":33},{"not_picked":["Gash+1","Leap+1","Sunder+1"],"picked":"SKIP","floor":35},{"not_picked":["Doom and Gloom+1","Heatsinks"],"picked":"Loop","floor":39}],"player_experience":121896,"relics_obtained":[{"floor":3,"key":"Mercury Hourglass"},{"floor":6,"key":"Whetstone"},{"floor":8,"key":"Bag of Marbles"},{"floor":9,"key":"MawBank"},{"floor":10,"key":"Girya"},{"floor":24,"key":"Mango"},{"floor":25,"key":"Pear"},{"floor":26,"key":"Oddly Smooth Stone"},{"floor":37,"key":"Matryoshka"}],"event_choices":[{"damage_healed":0,"gold_gain":0,"player_choice":"Shed Blood","damage_taken":21,"max_hp_gain":5,"max_hp_loss":0,"event_name":"Forgotten Altar","floor":19,"gold_loss":0},{"damage_healed":0,"gold_gain":0,"player_choice":"Opened","damage_taken":0,"relics_obtained":["Anchor"],"max_hp_gain":0,"max_hp_loss":0,"event_name":"The Mausoleum","floor":20,"gold_loss":0},{"damage_healed":0,"gold_gain":0,"player_choice":"Obtained Relic","damage_taken":0,"relics_obtained":["Letter Opener"],"max_hp_gain":0,"max_hp_loss":0,"event_name":"Addict","floor":21,"gold_loss":85},{"damage_healed":0,"gold_gain":0,"player_choice":"Trade","damage_taken":0,"relics_obtained":["SsserpentHead"],"max_hp_gain":0,"max_hp_loss":0,"event_name":"FaceTrader","floor":29,"gold_loss":0},{"damage_healed":0,"gold_gain":0,"player_choice":"Max HP","damage_taken":0,"max_hp_gain":0,"max_hp_loss":6,"event_name":"Winding Halls","floor":36,"gold_loss":0},{"cards_removed":["Defend_B"],"damage_healed":0,"gold_gain":0,"player_choice":"Removed Skill","damage_taken":0,"max_hp_gain":0,"max_hp_loss":0,"event_name":"Falling","floor":38,"gold_loss":0}],"is_beta":false,"boss_relics":[{"not_picked":["Sozu","Orrery"],"picked":"White Beast Statue"},{"not_picked":["Runic Pyramid","Runic Dome"],"picked":"Black Star"}],"items_purged_floors":[],"is_endless":false,"potions_floor_spawned":[2,5,11,12,13,18,22,24,30,31,33,35,39],"killed_by":"Nemesis","ascension_level":0}