{"gold_per_floor":[110,122,47,4,16,47,47,58,58,23,23,48,64,84,84,157,157,170,187,112,12,12,12,37,48,93,93,128,156,71,84,84,158,158,168,168,4,16,35,35,35,48,74,92,105,105,29,40,40,40,40],"floor_reached":52,"playtime":2081,"items_purged":["Shame","Strike_R","Strike_R"],"score":1848,"play_id":"3c200fe4-fdf9-47ea-a411-96a4ff8d15b7","local_time":"20190204122112","is_ascension_mode":true,"campfire_choices":[{"data":"Armaments","floor":11.0,"key":"SMITH"},{"floor":15.0,"key":"REST"},{"data":"Immolate","floor":23.0,"key":"SMITH"},{"floor":27.0,"key":"REST"},{"floor":32.0,"key":"REST"},{"data":"Strike_R","floor":40.0,"key":"PURGE"},{"data":"Strike_R","floor":49.0,"key":"PURGE"}],"neow_cost":"CURSE","seed_source_timestamp":2169464348100207,"circlet_count":0,"master_deck":["AscendersBane","Defend_R","Defend_R","Defend_R+1","Defend_R+1","Bash","Twin Strike","Flame Barrier","Pummel","Armaments+1","Demon Form","Heavy Blade","Seeing Red","Clothesline","Inflame","Immolate+1","Clothesline","Heavy Blade","Impervious","Battle Trance","Corruption","Shrug It Off","Sword Boomerang","Dual Wield+1","Flame Barrier"],"special_seed":0,"relics":["Burning Blood","WingedGreaves","Pantograph","Du-Vu Doll","Magic Flower","Snecko Eye","Ancient Tea Set","Regal Pillow","War Paint","Peace Pipe","Boot","Cursed Key","Bag of Marbles"],"potions_floor_usage":[50],"damage_taken":[{"damage":12.0,"enemies":"Cultist","floor":1.0,"turns":4.0},{"damage":1.0,"enemies":"2 Louse","floor":2.0,"turns":3.0},{"damage":7.0,"enemies":"Jaw Worm","floor":5.0,"turns":4.0},{"damage":45.0,"enemies":"Lagavulin","floor":6.0,"turns":10.0},{"damage":14.0,"enemies":"3 Louse","floor":8.0,"turns":4.0},{"damage":8.0,"enemies":"Gremlin Nob","floor":12.0,"turns":3.0},{"damage":8.0,"enemies":"Looter","floor":13.0,"turns":4.0},{"damage":25.0,"enemies":"Gremlin Gang","floor":14.0,"turns":4.0},{"damage":51.0,"enemies":"Slime Boss","floor":16.0,"turns":7.0},{"damage":1.0,"enemies":"3 Byrds","floor":18.0,"turns":2.0},{"damage":0.0,"enemies":"Chosen","floor":19.0,"turns":2.0},{"damage":24.0,"enemies":"Gremlin Leader","floor":24.0,"turns":6.0},{"damage":31.0,"enemies":"Shelled Parasite and Fungi","floor":25.0,"turns":4.0},{"damage":15.0,"enemies":"Book of Stabbing","floor":28.0,"turns":3.0},{"damage":68.0,"enemies":"Slavers","floor":29.0,"turns":5.0},{"damage":0.0,"enemies":"Centurion and Healer","floor":31.0,"turns":3.0},{"damage":52.0,"enemies":"Collector","floor":33.0,"turns":6.0},{"damage":21.0,"enemies":"3 Darklings","floor":35.0,"turns":3.0},{"damage":0.0,"enemies":"Orb Walker","floor":38.0,"turns":3.0},{"damage":27.0,"enemies":"Maw","floor":39.0,"turns":6.0},{"damage":2.0,"enemies":"Transient","floor":42.0,"turns":6.0},{"damage":8.0,"enemies":"3 Darklings","floor":44.0,"turns":5.0},{"damage":4.0,"enemies":"Spire Growth","floor":45.0,"turns":3.0},{"damage":9.0,"enemies":"Jaw Worm Horde","floor":48.0,"turns":3.0},{"damage":40,"enemies":"Awakened One","floor":50,"turns":8},{"damage":67,"enemies":"Donu and Deca","floor":51,"turns":7}],"seed_played":"-1911844761091298717","potions_obtained":[{"floor":1.0,"key":"LiquidBronze"},{"floor":6.0,"key":"Poison Potion"},{"floor":8.0,"key":"BloodPotion"},{"floor":13.0,"key":"Strength Potion"},{"floor":16.0,"key":"EssenceOfSteel"},{"floor":19.0,"key":"SteroidPotion"},{"floor":28.0,"key":"PowerPotion"},{"floor":29.0,"key":"EssenceOfSteel"},{"floor":39.0,"key":"FearPotion"},{"floor":41.0,"key":"Fire Potion"},{"floor":41.0,"key":"SneckoOil"},{"floor":42.0,"key":"SteroidPotion"}],"is_trial":false,"path_per_floor":["M","M","$","$","M","E","?","M","T","?","R","E","M","M","R","B",null,"M","M","?","$","?","R","E","M","T","R","E","E","?","M","R","B",null,"M","?","$","M","M","R","?","M","T","M","M","?","$","M","R","B","B",null],"character_chosen":"IRONCLAD","items_purchased":["Pummel","Corruption","Flame Barrier"],"campfire_rested":3,"item_purchase_floors":[4,37,47],"current_hp_per_floor":[62,67,67,67,66,27,27,19,19,37,37,35,47,31,53,33,65,73,75,75,75,75,75,60,38,38,75,69,10,10,19,56,32,64,52,52,52,61,43,43,43,50,50,51,56,56,56,56,56,41,14],"gold":40,"neow_bonus":"ONE_RARE_RELIC","is_prod":false,"is_daily":false,"chose_seed":false,"campfire_upgraded":2,"win_rate":0,"timestamp":1549300872,"path_taken":["M","M","?","$","M","E","?","M","T","?","R","E","M","M","R","BOSS","M","M","?","$","?","R","E","M","T","R","E","E","?","M","R","BOSS","M","?","$","M","M","R","?","?","T","?","M","?","$","M","R","BOSS","BOSS"],"build_version":"2019-01-23","purchased_purges":3,"victory":true,"max_hp_per_floor":[75,75,75,75,75,75,75,75,75,75,75,75,75,75,75,75,75,75,75,75,75,75,75,75,75,75,75,75,75,75,75,75,75,75,75,75,75,75,75,75,75,75,75,75,75,72,72,72,72,72,72],"card_choices":[{"not_picked":["Havoc","Perfected Strike"],"picked":"Twin Strike","floor":1.0},{"not_picked":["Intimidate","Body Slam"],"picked":"Flame Barrier","floor":2.0},{"not_picked":["Corruption","Power Through"],"picked":"Armaments","floor":5.0},{"not_picked":["Iron Wave","Carnage"],"picked":"Demon Form","floor":6.0},{"not_picked":["Thunderclap","Warcry"],"picked":"Heavy Blade","floor":8.0},{"not_picked":["Flame Barrier","Fire Breathing"],"picked":"Seeing Red","floor":12.0},{"not_picked":["Pommel Strike","Armaments"],"picked":"Clothesline","floor":13.0},{"not_picked":["Iron Wave","Ghostly Armor"],"picked":"Inflame","floor":14.0},{"not_picked":["Dark Embrace","Berserk"],"picked":"Immolate","floor":16.0},{"not_picked":["Twin Strike","Anger+1"],"picked":"Clothesline","floor":18.0},{"not_picked":["Seeing Red","Iron Wave","Clothesline"],"picked":"SKIP","floor":19.0},{"not_picked":["Combust+1","Seeing Red","Thunderclap"],"picked":"SKIP","floor":24.0},{"not_picked":["Flex","Havoc"],"picked":"Heavy Blade","floor":25.0},{"not_picked":["Flex","Sever Soul","Dropkick"],"picked":"SKIP","floor":28.0},{"not_picked":["Dark Embrace","Armaments","Infernal Blade"],"picked":"SKIP","floor":29.0},{"not_picked":["Sever Soul","Thunderclap","Body Slam"],"picked":"SKIP","floor":31.0},{"not_picked":["Barricade","Juggernaut"],"picked":"Impervious","floor":33.0},{"not_picked":["Headbutt","Searing Blow"],"picked":"Battle Trance","floor":35.0},{"not_picked":["Pummel","Evolve"],"picked":"Shrug It Off","floor":38.0},{"not_picked":["Hemokinesis+1","Second Wind"],"picked":"Sword Boomerang","floor":39.0},{"not_picked":["Warcry","Entrench","Heavy Blade"],"picked":"SKIP","floor":42.0},{"not_picked":["Pummel","Anger+1","Warcry+1"],"picked":"SKIP","floor":44.0},{"not_picked":["True Grit","Shockwave"],"picked":"Dual Wield+1","floor":45.0},{"not_picked":["Clash","Rupture","Reckless Charge+1"],"picked":"SKIP","floor":48.0}],"player_experience":872175,"relics_obtained":[{"floor":6.0,"key":"Pantograph"},{"floor":9.0,"key":"Du-Vu Doll"},{"floor":12.0,"key":"Magic Flower"},{"floor":24.0,"key":"Ancient Tea Set"},{"floor":26.0,"key":"Regal Pillow"},{"floor":28.0,"key":"War Paint"},{"floor":29.0,"key":"Peace Pipe"},{"floor":43.0,"key":"Bag of Marbles"}],"event_choices":[{"damage_healed":0.0,"max_hp_gain":0.0,"max_hp_loss":0.0,"gold_gain":0.0,"event_name":"Liars Game","player_choice":"Ignored","floor":7.0,"gold_loss":0.0,"damage_taken":0.0},{"damage_healed":18.0,"max_hp_gain":0.0,"max_hp_loss":0.0,"gold_gain":0.0,"event_name":"The Cleric","player_choice":"Healed","floor":10.0,"gold_loss":35.0,"damage_taken":0.0},{"cards_removed":["Strike_R"],"damage_healed":0.0,"max_hp_gain":0.0,"max_hp_loss":0.0,"gold_gain":0.0,"event_name":"Beggar","player_choice":"Gave Gold","floor":20.0,"gold_loss":75.0,"damage_taken":0.0},{"damage_healed":0.0,"max_hp_gain":0.0,"max_hp_loss":0.0,"gold_gain":0.0,"event_name":"The Mausoleum","player_choice":"Ignored","floor":22.0,"gold_loss":0.0,"damage_taken":0.0},{"damage_healed":0.0,"max_hp_gain":0.0,"max_hp_loss":0.0,"gold_gain":0.0,"event_name":"Addict","player_choice":"Obtained Relic","floor":30.0,"gold_loss":85.0,"damage_taken":0.0,"relics_obtained":["Boot"]},{"damage_healed":0.0,"max_hp_gain":0.0,"max_hp_loss":0.0,"gold_gain":0.0,"event_name":"Tomb of Lord Red Mask","player_choice":"Ignored","floor":36.0,"gold_loss":0.0,"damage_taken":0.0},{"damage_healed":0.0,"max_hp_gain":0.0,"max_hp_loss":0.0,"gold_gain":0.0,"event_name":"Lab","player_choice":"Got Potions","floor":41.0,"gold_loss":0.0,"damage_taken":0.0},{"cards_removed":["Parasite"],"damage_healed":0.0,"max_hp_gain":0.0,"max_hp_loss":0.0,"gold_gain":0.0,"event_name":"Fountain of Cleansing","player_choice":"Removed Curses","floor":46.0,"gold_loss":0.0,"damage_taken":0.0}],"is_beta":false,"boss_relics":[{"not_picked":["Runic Cube","Velvet Choker"],"picked":"Snecko Eye"},{"not_picked":["Runic Pyramid","Black Blood"],"picked":"Cursed Key"}],"items_purged_floors":[3,21,37],"is_endless":false,"potions_floor_spawned":[1,6,8,13,16,19,28,29,39,42],"ascension_level":20}