{"gold_per_floor":[114,174,188,188,202,202,235,247,247,258,275,275,306,306,306,377,377,392,405,27,37,37,37,65,7,7,7],"floor_reached":27,"playtime":1206,"items_purged":["Strike_G"],"score":536,"play_id":"b80c16bc-ef7c-4eb5-b7cb-53ce280a66f7","local_time":"20190211103943","is_ascension_mode":true,"campfire_choices":[{"data":"Neutralize","floor":6.0,"key":"SMITH"},{"floor":12.0,"key":"REST"},{"floor":15.0,"key":"REST"},{"floor":23,"key":"REST"}],"neow_cost":"NONE","seed_source_timestamp":2769209367601942,"circlet_count":0,"master_deck":["AscendersBane","Defend_G","Defend_G","Defend_G","Defend_G","Defend_G","Strike_G","Strike_G","Strike_G","Strike_G","Survivor","Neutralize+1","Die Die Die","Well Laid Plans","Footwork","PiercingWail","Escape Plan","Sucker Punch","Prepared+1","Deflect+1","Deflect+1","Night Terror+1","Crippling Poison+1","Escape Plan+1","Prepared+1","Bouncing Flask+1","Escape Plan+1","Catalyst+1","Noxious Fumes","Flying Knee+1","PiercingWail+1"],"special_seed":0,"relics":["Ring of the Snake","Nunchaku","StoneCalendar","Toxic Egg 2","Vajra","Orrery","MealTicket","Paper Crane","Bag of Marbles"],"potions_floor_usage":[27],"damage_taken":[{"damage":0.0,"enemies":"Jaw Worm","floor":1.0,"turns":4.0},{"damage":0.0,"enemies":"2 Louse","floor":3.0,"turns":2.0},{"damage":0.0,"enemies":"Small Slimes","floor":5.0,"turns":3.0},{"damage":49.0,"enemies":"Gremlin Nob","floor":7.0,"turns":7.0},{"damage":1.0,"enemies":"2 Fungi Beasts","floor":8.0,"turns":5.0},{"damage":0.0,"enemies":"3 Louse","floor":10.0,"turns":1.0},{"damage":2.0,"enemies":"Looter","floor":11.0,"turns":4.0},{"damage":7.0,"enemies":"3 Sentries","floor":13.0,"turns":7.0},{"damage":24.0,"enemies":"Slime Boss","floor":16.0,"turns":8.0},{"damage":11.0,"enemies":"Chosen","floor":18.0,"turns":5.0},{"damage":14.0,"enemies":"Shell Parasite","floor":19.0,"turns":6.0},{"damage":19,"enemies":"Centurion and Healer","floor":21,"turns":7},{"damage":24,"enemies":"Book of Stabbing","floor":24,"turns":5},{"damage":20,"enemies":"Shelled Parasite and Fungi","floor":27,"turns":3}],"seed_played":"2193159184867743576","potions_obtained":[{"floor":1.0,"key":"Ancient Potion"},{"floor":7.0,"key":"Explosive Potion"},{"floor":8.0,"key":"GamblersBrew"},{"floor":11.0,"key":"AttackPotion"}],"is_trial":false,"path_per_floor":["M","?","M","T","M","R","E","M","T","M","M","R","E","?","R","B",null,"M","M","$","M","?","R","E","$","T","M"],"character_chosen":"THE_SILENT","items_purchased":["MealTicket","Noxious Fumes","PiercingWail+1"],"campfire_rested":3,"item_purchase_floors":[20,20,25],"current_hp_per_floor":[59,59,59,59,59,59,10,9,9,9,7,26,19,8,27,3,50,39,25,25,6,6,25,1,16,16,0],"gold":7,"neow_bonus":"ONE_RANDOM_RARE_CARD","is_prod":false,"is_daily":false,"chose_seed":false,"campfire_upgraded":1,"win_rate":0,"timestamp":1549899583,"path_taken":["M","?","M","?","M","R","E","M","T","M","M","R","E","?","R","BOSS","M","M","$","M","?","R","E","$","T","M"],"build_version":"2019-01-23","purchased_purges":1,"victory":false,"max_hp_per_floor":[66,66,66,66,66,66,66,66,66,66,66,66,66,66,66,66,66,66,66,66,66,66,66,66,66,66,66],"card_choices":[{"not_picked":["Bane","Prepared"],"picked":"Well Laid Plans","floor":1.0},{"not_picked":["Cloak And Dagger","Sucker Punch"],"picked":"Footwork","floor":3.0},{"not_picked":["Unload","Bane"],"picked":"PiercingWail","floor":5.0},{"not_picked":["Reflex","Backflip"],"picked":"Escape Plan","floor":7.0},{"not_picked":["Dagger Throw","Prepared"],"picked":"Sucker Punch","floor":8.0},{"not_picked":["Sucker Punch","Backstab"],"picked":"Prepared+1","floor":10.0},{"not_picked":["Caltrops","Dagger Throw"],"picked":"Deflect+1","floor":11.0},{"not_picked":["Flechettes","Dash"],"picked":"Deflect+1","floor":13.0},{"not_picked":["Grand Finale","Phantasmal Killer+1"],"picked":"Night Terror+1","floor":16.0},{"not_picked":["Acrobatics+1","Cloak And Dagger+1"],"picked":"Crippling Poison+1","floor":17.0},{"not_picked":["Predator","Eviscerate"],"picked":"Escape Plan+1","floor":17.0},{"not_picked":["Quick Slash","Accuracy"],"picked":"Prepared+1","floor":17.0},{"not_picked":["Prepared+1","Dodge and Roll+1"],"picked":"Bouncing Flask+1","floor":17.0},{"not_picked":["Blade Dance+1","Acrobatics+1"],"picked":"Escape Plan+1","floor":18.0},{"not_picked":["Blade Dance+1","Bouncing Flask+1"],"picked":"Catalyst+1","floor":19.0},{"not_picked":["Poisoned Stab","Dagger Throw"],"picked":"Flying Knee+1","floor":21},{"not_picked":["Choke+1","Setup+1","Quick Slash"],"picked":"SKIP","floor":24}],"player_experience":920423,"relics_obtained":[{"floor":4.0,"key":"Nunchaku"},{"floor":7.0,"key":"StoneCalendar"},{"floor":9.0,"key":"Toxic Egg 2"},{"floor":13.0,"key":"Vajra"},{"floor":24,"key":"Paper Crane"},{"floor":26,"key":"Bag of Marbles"}],"event_choices":[{"damage_healed":0.0,"max_hp_gain":0.0,"max_hp_loss":0.0,"gold_gain":60.0,"event_name":"Golden Wing","player_choice":"Gained Gold","floor":2.0,"gold_loss":0.0,"damage_taken":0.0},{"damage_healed":0.0,"max_hp_gain":0.0,"max_hp_loss":0.0,"gold_gain":0.0,"event_name":"Scrap Ooze","player_choice":"Fled","floor":14.0,"gold_loss":0.0,"damage_taken":11.0},{"damage_healed":0,"gold_gain":0,"player_choice":"Ignored","damage_taken":0,"max_hp_gain":0,"max_hp_loss":0,"event_name":"Vampires","floor":22,"gold_loss":0}],"is_beta":false,"boss_relics":[{"not_picked":["Cursed Key","Pandora\u0027s Box"],"picked":"Orrery"}],"items_purged_floors":[20],"is_endless":false,"potions_floor_spawned":[1,7,8,11],"killed_by":"Shelled Parasite and Fungi","ascension_level":20}