{"gold_per_floor":[116,130,59,159,174,201,201,73,73,84,84,84,103,103,103,202,202,216,116,116,127,127,127],"floor_reached":23,"playtime":1294,"items_purged":["Strike_B","Defend_B"],"score":189,"play_id":"8c4d6ad7-1ead-463f-91cd-b023abbfcdd3","local_time":"20190221163503","is_ascension_mode":false,"campfire_choices":[{"data":"Darkness","floor":7,"key":"SMITH"},{"floor":15,"key":"REST"}],"neow_cost":"NONE","seed_source_timestamp":138811794116591,"circlet_count":0,"master_deck":["Strike_B","Defend_B","Defend_B","Defend_B","Zap","Dualcast","Redo","Doom and Gloom","Darkness+1","Redo","Conserve Battery","Reboot","Redo"],"relics":["Cracked Core","Du-Vu Doll","Nuclear Battery","Nloth\u0027s Gift"],"potions_floor_usage":[6,16,16],"damage_taken":[{"damage":6,"enemies":"Jaw Worm","floor":1,"turns":3},{"damage":0,"enemies":"Cultist","floor":2,"turns":3},{"damage":0,"enemies":"Small Slimes","floor":5,"turns":3},{"damage":25,"enemies":"Gremlin Nob","floor":6,"turns":5},{"damage":7,"enemies":"2 Fungi Beasts","floor":10,"turns":2},{"damage":8,"enemies":"Exordium Wildlife","floor":13,"turns":3},{"damage":23,"enemies":"Hexaghost","floor":16,"turns":5},{"damage":10,"enemies":"3 Byrds","floor":18,"turns":4},{"damage":13,"enemies":"Shell Parasite","floor":21,"turns":3},{"damage":40,"enemies":"Slavers","floor":23,"turns":3}],"seed_played":"-8186553095503870279","potions_obtained":[{"floor":2,"key":"EssenceOfSteel"},{"floor":10,"key":"FocusPotion"},{"floor":13,"key":"Weak Potion"}],"is_trial":false,"path_per_floor":["M","M","$","?","M","E","R","$","T","M","?","?","M","?","R","B",null,"M","$","?","M","?","E"],"character_chosen":"DEFECT","items_purchased":["Doom and Gloom","Redo"],"campfire_rested":1,"item_purchase_floors":[3,8],"current_hp_per_floor":[69,69,69,69,69,44,44,44,44,37,30,30,22,22,44,21,75,65,65,65,52,38,0],"gold":127,"neow_bonus":"REMOVE_CARD","is_prod":false,"is_daily":false,"chose_seed":false,"campfire_upgraded":1,"win_rate":0.0,"timestamp":1550784903,"path_taken":["M","M","$","?","?","E","R","$","T","?","?","?","M","?","R","BOSS","M","$","?","?","?","E"],"build_version":"2019-01-23","purchased_purges":2,"victory":false,"max_hp_per_floor":[75,75,75,75,75,75,75,75,75,75,75,75,75,75,75,75,75,75,75,75,75,80,80],"card_choices":[{"not_picked":["Stack","Barrage"],"picked":"Redo","floor":1},{"not_picked":["Cold Snap","Hologram","Steam"],"picked":"SKIP","floor":2},{"not_picked":["Sweeping Beam","Streamline","Aggregate"],"picked":"SKIP","floor":5},{"not_picked":["Fission","Hologram"],"picked":"Darkness","floor":6},{"not_picked":["Steam","Stack","White Noise"],"picked":"SKIP","floor":10},{"not_picked":["Double Energy","Sweeping Beam"],"picked":"Conserve Battery","floor":13},{"not_picked":["Echo Form","Amplify"],"picked":"Reboot","floor":16},{"not_picked":["Stack","Steam"],"picked":"Redo","floor":18},{"not_picked":["Barrage","Stack","Reinforced Body"],"picked":"SKIP","floor":21}],"player_experience":138383,"relics_obtained":[{"floor":6,"key":"WingedGreaves"},{"floor":9,"key":"Du-Vu Doll"}],"event_choices":[{"damage_healed":0,"gold_gain":100,"player_choice":"Pray","damage_taken":0,"max_hp_gain":0,"max_hp_loss":0,"event_name":"Golden Shrine","floor":4,"gold_loss":0},{"cards_removed":["Strike_B"],"damage_healed":0,"gold_gain":0,"player_choice":"Card Removal","damage_taken":7,"max_hp_gain":0,"max_hp_loss":0,"event_name":"Golden Wing","floor":11,"gold_loss":0},{"damage_healed":0,"gold_gain":0,"player_choice":"Ignored","damage_taken":0,"max_hp_gain":0,"max_hp_loss":0,"event_name":"Golden Idol","floor":12,"gold_loss":0},{"damage_healed":0,"gold_gain":0,"player_choice":"Fled","damage_taken":0,"max_hp_gain":0,"max_hp_loss":0,"event_name":"Scrap Ooze","floor":14,"gold_loss":0},{"damage_healed":0,"gold_gain":0,"player_choice":"Traded Relic","damage_taken":0,"relics_obtained":["Nloth\u0027s Gift"],"max_hp_gain":0,"max_hp_loss":0,"event_name":"N\u0027loth","floor":20,"relics_lost":["WingedGreaves"],"gold_loss":0},{"damage_healed":0,"gold_gain":0,"player_choice":"Shed Blood","damage_taken":19,"max_hp_gain":5,"max_hp_loss":0,"event_name":"Forgotten Altar","floor":22,"gold_loss":0}],"is_beta":false,"boss_relics":[{"not_picked":["Sozu","Fusion Hammer"],"picked":"Nuclear Battery"}],"items_purged_floors":[8,19],"is_endless":false,"potions_floor_spawned":[2,10,13],"killed_by":"Slavers","ascension_level":0}