{"gold_per_floor":[111,127,13,32,32,32,32,32,32,44,58,71,81,91,91,189,189,199,114,129,129,141,141],"floor_reached":23,"playtime":4556,"items_purged":[],"score":187,"play_id":"69968cc3-abe9-4fd2-a17c-92484b5b56b9","local_time":"20190215184846","is_ascension_mode":false,"campfire_choices":[{"data":"Defend_R","floor":6,"key":"SMITH"},{"data":"Defend_R","floor":8,"key":"SMITH"},{"data":"Iron Wave","floor":15,"key":"SMITH"}],"neow_cost":"","seed_source_timestamp":444248853690444,"circlet_count":0,"master_deck":["Strike_R","Strike_R","Strike_R","Strike_R","Defend_R","Defend_R","Defend_R+1","Defend_R+1","Bash","Cleave+1","Bludgeon","Rage","Fire Breathing","Iron Wave","Shrug It Off","Sword Boomerang","Iron Wave+1","Anger","Thunderclap","Double Tap","Perfected Strike","Perfected Strike","Rage","Flex"],"relics":["Burning Blood","Bottled Flame","White Beast Statue","Ancient Tea Set"],"potions_floor_usage":[16,16,16,20,22,23,23],"damage_taken":[{"damage":7,"enemies":"Small Slimes","floor":1,"turns":6},{"damage":1,"enemies":"Cultist","floor":2,"turns":3},{"damage":5,"enemies":"2 Louse","floor":4,"turns":3},{"damage":13,"enemies":"Red Slaver","floor":10,"turns":3},{"damage":0,"enemies":"3 Louse","floor":11,"turns":3},{"damage":10,"enemies":"Exordium Thugs","floor":12,"turns":3},{"damage":1,"enemies":"2 Fungi Beasts","floor":13,"turns":3},{"damage":0,"enemies":"Lots of Slimes","floor":14,"turns":1},{"damage":36,"enemies":"The Guardian","floor":16,"turns":11},{"damage":41,"enemies":"2 Thieves","floor":18,"turns":4},{"damage":38,"enemies":"Shell Parasite","floor":20,"turns":10},{"damage":11,"enemies":"Snecko","floor":22,"turns":4},{"damage":11,"enemies":"Gremlin Leader","floor":23,"turns":4}],"seed_played":"9016790059075106727","potions_obtained":[{"floor":2,"key":"Energy Potion"},{"floor":11,"key":"Dexterity Potion"},{"floor":13,"key":"Energy Potion"},{"floor":16,"key":"FearPotion"},{"floor":18,"key":"Ancient Potion"},{"floor":20,"key":"GamblersBrew"},{"floor":22,"key":"Dexterity Potion"}],"is_trial":false,"path_per_floor":["M","M","$","M","?","R","$","R","T","M","M","M","M","M","R","B",null,"M","?","M","?","M","E"],"character_chosen":"IRONCLAD","items_purchased":["Rage","Fire Breathing"],"campfire_rested":0,"item_purchase_floors":[3,3],"current_hp_per_floor":[79,80,80,80,80,80,80,80,80,73,79,75,80,80,80,50,80,45,45,13,13,8,0],"gold":141,"neow_bonus":"","is_prod":false,"is_daily":false,"chose_seed":false,"campfire_upgraded":3,"win_rate":0.0,"timestamp":1550274526,"path_taken":["M","M","$","M","?","R","$","R","T","M","M","M","M","M","R","BOSS","M","?","M","?","?","E"],"build_version":"2019-01-23","purchased_purges":0,"victory":false,"max_hp_per_floor":[80,80,80,80,80,80,80,80,80,80,80,80,80,80,80,80,80,80,80,80,80,80,80],"card_choices":[{"not_picked":["Armaments","Flex"],"picked":"Cleave","floor":1},{"not_picked":["Entrench","Rupture"],"picked":"Bludgeon","floor":2},{"not_picked":["Anger","Pommel Strike"],"picked":"Iron Wave","floor":4},{"not_picked":["Perfected Strike","Headbutt"],"picked":"Shrug It Off","floor":10},{"not_picked":["Disarm","Fiend Fire"],"picked":"Sword Boomerang","floor":11},{"not_picked":["Warcry","Shockwave"],"picked":"Iron Wave","floor":12},{"not_picked":["Twin Strike","Battle Trance"],"picked":"Anger","floor":13},{"not_picked":["Warcry","Pommel Strike"],"picked":"Thunderclap","floor":14},{"not_picked":["Brutality","Dark Embrace"],"picked":"Double Tap","floor":16},{"not_picked":["Blood for Blood+1","Headbutt+1"],"picked":"Perfected Strike","floor":18},{"not_picked":["Carnage","Seeing Red"],"picked":"Perfected Strike","floor":20},{"not_picked":["Pommel Strike","Warcry"],"picked":"Flex","floor":22}],"player_experience":0,"relics_obtained":[{"floor":9,"key":"Bottled Flame"}],"event_choices":[{"damage_healed":0,"gold_gain":0,"player_choice":"Forge","damage_taken":0,"max_hp_gain":0,"max_hp_loss":0,"event_name":"Accursed Blacksmith","floor":5,"gold_loss":0,"cards_upgraded":["Cleave"]},{"damage_healed":0,"gold_gain":0,"player_choice":"Obtained Relic","damage_taken":0,"relics_obtained":["Ancient Tea Set"],"max_hp_gain":0,"max_hp_loss":0,"event_name":"Addict","floor":19,"gold_loss":85},{"damage_healed":0,"gold_gain":0,"cards_transformed":["Strike_R"],"player_choice":"Transformed","damage_taken":0,"max_hp_gain":0,"max_hp_loss":0,"event_name":"Transmorgrifier","floor":21,"gold_loss":0,"cards_obtained":["Rage"]}],"is_beta":false,"boss_relics":[{"not_picked":["Ectoplasm","Calling Bell"],"picked":"White Beast Statue"}],"items_purged_floors":[],"is_endless":false,"potions_floor_spawned":[2,11,13,16,18,20,22],"killed_by":"Gremlin Leader","ascension_level":0}