{"gold_per_floor":[219,219,219,506,51,90,90,103,103,127,152,152,152,185,185,315,315,340,465,45,45,65,65,65,99,125,125,158,158,176,199,199,327,327,350,350,373,396,396,440,440,456,527,540,571,585,628,651,651,651,651,651,8,44,44],"floor_reached":56,"playtime":7673,"items_purged":["Regret","Shame"],"score":1534,"play_id":"67a9a8db-16b1-44e2-9d19-ed36c9966091","local_time":"20190212205318","is_ascension_mode":true,"campfire_choices":[{"data":"Sunder","floor":7,"key":"SMITH"},{"data":"Defragment","floor":12,"key":"SMITH"},{"data":"Go for the Eyes","floor":15,"key":"SMITH"},{"data":"Glacier","floor":23,"key":"SMITH"},{"data":"Hologram","floor":29,"key":"SMITH"},{"data":"Blizzard","floor":32,"key":"SMITH"},{"data":"Capacitor","floor":41,"key":"SMITH"},{"floor":49,"key":"RECALL"},{"data":"Coolheaded","floor":52,"key":"SMITH"}],"neow_cost":"NONE","seed_source_timestamp":1208814163810500,"circlet_count":0,"master_deck":["Defend_B","Defend_B","Defend_B","Defend_B","Zap+1","Dualcast","Go for the Eyes+1","Coolheaded","Sunder+1","Defragment+1","Go for the Eyes","Coolheaded+1","Conserve Battery","Biased Cognition","Cold Snap+1","Genetic Algorithm","Blizzard+1","Defragment+1","Writhe","Glacier+1","Hologram+1","Parasite","Bite","Bite","Bite","Bite","Bite","Core Surge","Reinforced Body+1","Writhe","Capacitor+1","Defragment+1","Core Surge","Loop+1","Chill+1","Ball Lightning","Defragment+1","Heatsinks+1","Hologram+1"],"relics":["Cracked Core","Golden Idol","MawBank","Bag of Preparation","Tiny Chest","The Courier","Question Card","Cursed Key","Pocketwatch","Mummified Hand","Pantograph","DollysMirror","Singing Bowl","Whetstone","Happy Flower","Velvet Choker","Art of War","DataDisk","Frozen Egg 2","PreservedInsect","Strawberry","Letter Opener","Frozen Eye","Orichalcum"],"potions_floor_usage":[16,28,48,55],"damage_taken":[{"damage":1,"enemies":"Jaw Worm","floor":1,"turns":4},{"damage":17,"enemies":"Gremlin Nob","floor":6,"turns":4},{"damage":0,"enemies":"Small Slimes","floor":8,"turns":1},{"damage":0,"enemies":"Cultist","floor":10,"turns":2},{"damage":0,"enemies":"Gremlin Gang","floor":11,"turns":4},{"damage":2,"enemies":"3 Sentries","floor":14,"turns":9},{"damage":15,"enemies":"The Guardian","floor":16,"turns":10},{"damage":0,"enemies":"Chosen","floor":18,"turns":3},{"damage":5,"enemies":"Colosseum Slavers","floor":19,"turns":3},{"damage":0,"enemies":"Colosseum Nobs","floor":19,"turns":4},{"damage":2,"enemies":"Spheric Guardian","floor":22,"turns":4},{"damage":1,"enemies":"Book of Stabbing","floor":25,"turns":7},{"damage":0,"enemies":"Slavers","floor":28,"turns":7},{"damage":0,"enemies":"Cultist and Chosen","floor":30,"turns":8},{"damage":0,"enemies":"Snecko","floor":31,"turns":5},{"damage":2,"enemies":"Collector","floor":33,"turns":11},{"damage":4,"enemies":"3 Shapes","floor":35,"turns":4},{"damage":0,"enemies":"Orb Walker","floor":37,"turns":3},{"damage":24,"enemies":"Giant Head","floor":40,"turns":14},{"damage":8,"enemies":"Sphere and 2 Shapes","floor":42,"turns":6},{"damage":1,"enemies":"3 Darklings","floor":44,"turns":7},{"damage":12,"enemies":"Nemesis","floor":45,"turns":11},{"damage":0,"enemies":"Jaw Worm Horde","floor":46,"turns":6},{"damage":0,"enemies":"Giant Head","floor":47,"turns":9},{"damage":6,"enemies":"Sphere and 2 Shapes","floor":48,"turns":6},{"damage":44,"enemies":"Donu and Deca","floor":50,"turns":16},{"damage":24,"enemies":"Shield and Spear","floor":54,"turns":12},{"damage":54,"enemies":"The Heart","floor":55,"turns":12}],"seed_played":"7724518544560392813","potions_obtained":[{"floor":1,"key":"Strength Potion"},{"floor":8,"key":"Weak Potion"},{"floor":10,"key":"SkillPotion"},{"floor":11,"key":"FairyPotion"},{"floor":18,"key":"FearPotion"},{"floor":22,"key":"Swift Potion"},{"floor":28,"key":"Weak Potion"},{"floor":31,"key":"Swift Potion"}],"is_trial":false,"path_per_floor":["M","?","?","?","$","E","R","M","T","M","M","R","?","E","R","B",null,"M","?","$","?","M","R","?","E","T","?","E","R","M","M","R","B",null,"M","?","M","T","?","E","R","M","T","M","E","M","E","M","R","B",null,"R","$","E","B",null],"character_chosen":"DEFECT","items_purchased":["Coolheaded","Bag of Preparation","Tiny Chest","Sunder","Blizzard","Pantograph","DollysMirror","Ball Lightning","Defragment+1","Letter Opener","Frozen Eye","Heatsinks+1","Block Potion"],"campfire_rested":0,"item_purchase_floors":[5,5,5,5,20,20,20,53,53,53,53,53,53],"current_hp_per_floor":[74,56,38,38,38,21,21,21,21,21,21,21,21,19,19,4,75,75,70,70,70,68,68,68,67,67,67,77,77,79,81,81,81,81,79,79,83,83,79,69,69,67,67,78,79,83,90,84,84,70,90,90,90,90,49],"gold":44,"neow_bonus":"HUNDRED_GOLD","is_prod":false,"is_daily":false,"chose_seed":false,"campfire_upgraded":8,"win_rate":0,"timestamp":1550001198,"path_taken":["M","?","?","?","$","E","R","M","T","?","?","R","?","E","R","BOSS","M","?","$","?","M","R","?","E","T","?","E","R","M","M","R","BOSS","M","?","M","?","?","E","R","M","T","M","E","M","E","M","R","BOSS","R","$","E","BOSS"],"build_version":"2019-01-23","purchased_purges":2,"victory":true,"max_hp_per_floor":[75,75,75,75,75,75,75,75,75,75,75,75,75,75,75,75,75,75,75,75,75,75,75,75,75,75,75,77,77,79,81,81,81,81,81,81,83,83,79,79,79,79,79,81,83,83,90,90,90,90,90,90,90,90,90],"card_choices":[{"not_picked":["Hello World","Conserve Battery"],"picked":"Go for the Eyes","floor":1},{"not_picked":["Tempest","Fusion"],"picked":"Defragment","floor":6},{"not_picked":["Storm","Rip and Tear"],"picked":"Go for the Eyes","floor":8},{"not_picked":["Gash","Heatsinks"],"picked":"Coolheaded","floor":10},{"not_picked":["Stack","Heatsinks"],"picked":"Conserve Battery","floor":11},{"not_picked":["FTL","Meteor Strike","Conserve Battery"],"picked":"SKIP","floor":14},{"not_picked":["Machine Learning","All For One","Amplify"],"picked":"Biased Cognition","floor":16},{"not_picked":["Streamline","Redo+1","Sweeping Beam+1"],"picked":"Cold Snap+1","floor":18},{"not_picked":["White Noise","Aggregate","Streamline"],"picked":"Genetic Algorithm","floor":19},{"not_picked":["Stack+1","Turbo","Self Repair"],"picked":"Glacier","floor":22},{"not_picked":["Heatsinks","Stack+1","Hyperbeam"],"picked":"Hologram","floor":25},{"not_picked":["Conserve Battery","Aggregate","Sweeping Beam","Consume"],"picked":"Singing Bowl","floor":28},{"not_picked":["Barrage+1","Beam Cell","Go for the Eyes+1","Genetic Algorithm"],"picked":"Singing Bowl","floor":30},{"not_picked":["Gash","Scrape+1","Barrage+1","Chaos"],"picked":"Singing Bowl","floor":31},{"not_picked":["Biased Cognition","Multi-Cast","Creative AI"],"picked":"Core Surge","floor":33},{"not_picked":["Gash+1","Coolheaded","Cold Snap"],"picked":"Reinforced Body+1","floor":35},{"not_picked":["Leap","Compile Driver+1","Gash","Go for the Eyes+1"],"picked":"Singing Bowl","floor":37},{"not_picked":["Recycle+1","Conserve Battery","Coolheaded"],"picked":"Capacitor","floor":40},{"not_picked":["Streamline","FTL+1","Rebound"],"picked":"Defragment+1","floor":42},{"not_picked":["Hyperbeam","Redo+1","Compile Driver+1","Rebound+1"],"picked":"Singing Bowl","floor":44},{"not_picked":["Coolheaded","Aggregate","Leap","Self Repair+1"],"picked":"Singing Bowl","floor":45},{"not_picked":["Streamline+1","Cold Snap","Barrage"],"picked":"Core Surge","floor":46},{"not_picked":["Scrape+1","Stack+1","Seek"],"picked":"Loop+1","floor":47},{"not_picked":["Redo+1","Consume","Cold Snap+1"],"picked":"Chill+1","floor":48},{"not_picked":["Beam Cell+1","White Noise+1","Melter+1"],"picked":"Hologram+1","floor":54}],"player_experience":132333,"relics_obtained":[{"floor":6,"key":"The Courier"},{"floor":14,"key":"Question Card"},{"floor":19,"key":"Pocketwatch"},{"floor":19,"key":"Mummified Hand"},{"floor":25,"key":"Whetstone"},{"floor":26,"key":"Blood Vial"},{"floor":28,"key":"Happy Flower"},{"floor":38,"key":"Art of War"},{"floor":40,"key":"DataDisk"},{"floor":43,"key":"Frozen Egg 2"},{"floor":45,"key":"PreservedInsect"},{"floor":47,"key":"Strawberry"},{"floor":54,"key":"Orichalcum"}],"event_choices":[{"damage_healed":0,"gold_gain":0,"player_choice":"Take Damage","damage_taken":18,"relics_obtained":["Golden Idol"],"max_hp_gain":0,"max_hp_loss":0,"event_name":"Golden Idol","floor":2,"gold_loss":0},{"damage_healed":0,"gold_gain":0,"player_choice":"Success","damage_taken":18,"relics_obtained":["MawBank"],"max_hp_gain":0,"max_hp_loss":0,"event_name":"Scrap Ooze","floor":3,"gold_loss":0},{"damage_healed":0,"gold_gain":275,"player_choice":"Desecrate","damage_taken":0,"max_hp_gain":0,"max_hp_loss":0,"event_name":"Golden Shrine","floor":4,"gold_loss":0,"cards_obtained":["Regret"]},{"damage_healed":0,"gold_gain":0,"player_choice":"Grow","damage_taken":0,"max_hp_gain":0,"max_hp_loss":0,"event_name":"Living Wall","floor":13,"gold_loss":0,"cards_upgraded":["Zap"]},{"damage_healed":0,"gold_gain":0,"player_choice":"Fight","damage_taken":0,"max_hp_gain":0,"max_hp_loss":0,"event_name":"Colosseum","floor":19,"gold_loss":0},{"damage_healed":0,"gold_gain":0,"player_choice":"Fought Nobs","damage_taken":0,"max_hp_gain":0,"max_hp_loss":0,"event_name":"Colosseum","floor":19,"gold_loss":0},{"damage_healed":0,"gold_gain":0,"player_choice":"Opened","damage_taken":0,"relics_obtained":["Singing Bowl"],"max_hp_gain":0,"max_hp_loss":0,"event_name":"The Mausoleum","floor":21,"gold_loss":0,"cards_obtained":["Writhe"]},{"damage_healed":0,"gold_gain":0,"player_choice":"Ignored","damage_taken":0,"max_hp_gain":0,"max_hp_loss":0,"event_name":"Beggar","floor":24,"gold_loss":0},{"damage_healed":0,"gold_gain":0,"player_choice":"Became a vampire (Vial)","damage_taken":0,"max_hp_gain":0,"max_hp_loss":0,"event_name":"Vampires","floor":27,"relics_lost":["Blood Vial"],"gold_loss":0,"cards_obtained":["Bite","Bite","Bite","Bite","Bite"]},{"damage_healed":0,"gold_gain":0,"player_choice":"Ignored","damage_taken":0,"max_hp_gain":0,"max_hp_loss":0,"event_name":"Tomb of Lord Red Mask","floor":36,"gold_loss":0},{"damage_healed":0,"gold_gain":0,"player_choice":"Max HP","damage_taken":0,"max_hp_gain":0,"max_hp_loss":4,"event_name":"Winding Halls","floor":39,"gold_loss":0}],"is_beta":false,"boss_relics":[{"not_picked":["Pandora\u0027s Box","Coffee Dripper"],"picked":"Cursed Key"},{"not_picked":["Philosopher\u0027s Stone","Empty Cage"],"picked":"Velvet Choker"}],"items_purged_floors":[5,53],"is_endless":false,"potions_floor_spawned":[1,8,10,11,18,22,28,31,33,35,37,45,47],"ascension_level":3}