{"gold_per_floor":[119,138,157,175,250,250,277,292,319,351,371,382,411,422,422,522,522,539,558,569,569,587,622,641,641,688,717,734,768,768,794,794,897,897,915,915,915,955,974,999,999,1031,1031,1031,285,338,352,379,379,379],"floor_reached":50,"playtime":4814,"items_purged":["Strike_B"],"score":810,"play_id":"774c8ca0-0e9a-4f89-a6a8-bb9d35b0526e","local_time":"20190221102949","is_ascension_mode":true,"campfire_choices":[{"data":"Zap","floor":6.0,"key":"SMITH"},{"data":"Genetic Algorithm","floor":15.0,"key":"SMITH"},{"data":"Defragment","floor":25.0,"key":"SMITH"},{"data":"Defragment","floor":30,"key":"SMITH"},{"data":"Go for the Eyes","floor":32,"key":"SMITH"},{"data":"Machine Learning","floor":41,"key":"SMITH"},{"data":"Jack Of All Trades","floor":49,"key":"SMITH"}],"neow_cost":"NONE","seed_source_timestamp":0,"circlet_count":0,"master_deck":["Defend_B","Defend_B","Defend_B","Defend_B","Zap+1","Dualcast","Go for the Eyes+1","Leap","Sunder","Cold Snap","Genetic Algorithm+1","Defragment+1","Self Repair","Sunder","Undo","Reboot","Go for the Eyes+1","White Noise+1","Defragment+1","Sunder+1","All For One+1","Machine Learning+1","Meteor Strike+1","Leap+1","Double Energy+1","Jack Of All Trades+1","Apotheosis","Mayhem","Loop","Glacier+1","Double Energy+1","White Noise+1","Metamorphosis+1","Mind Blast+1","White Noise+1"],"special_seed":0,"relics":["Cracked Core","Darkstone Periapt","Potion Belt","Bronze Scales","Pen Nib","Snecko Eye","Molten Egg 2","Thread and Needle","Boot","Blue Candle","Bag of Marbles","Red Mask","Astrolabe","Toxic Egg 2","Ancient Tea Set","Vajra","Bottled Tornado","Gremlin Horn","Centennial Puzzle","Nunchaku","Singing Bowl"],"potions_floor_usage":[28,29,38,40,50,50,50,50,50],"damage_taken":[{"damage":2.0,"enemies":"Jaw Worm","floor":1.0,"turns":3.0},{"damage":1.0,"enemies":"Cultist","floor":2.0,"turns":3.0},{"damage":0.0,"enemies":"Small Slimes","floor":3.0,"turns":2.0},{"damage":0.0,"enemies":"Blue Slaver","floor":4.0,"turns":4.0},{"damage":2.0,"enemies":"Gremlin Nob","floor":7.0,"turns":3.0},{"damage":6.0,"enemies":"2 Fungi Beasts","floor":8.0,"turns":3.0},{"damage":29.0,"enemies":"Lagavulin","floor":10.0,"turns":7.0},{"damage":5.0,"enemies":"Looter","floor":11.0,"turns":3.0},{"damage":8.0,"enemies":"Blue Slaver","floor":12.0,"turns":3.0},{"damage":2.0,"enemies":"3 Sentries","floor":13.0,"turns":3.0},{"damage":0.0,"enemies":"Large Slime","floor":14.0,"turns":5.0},{"damage":19.0,"enemies":"The Guardian","floor":16.0,"turns":14.0},{"damage":1.0,"enemies":"2 Thieves","floor":18.0,"turns":4.0},{"damage":0.0,"enemies":"Chosen","floor":19.0,"turns":3.0},{"damage":2.0,"enemies":"Snake Plant","floor":20.0,"turns":4.0},{"damage":9.0,"enemies":"Cultist and Chosen","floor":22.0,"turns":7.0},{"damage":20.0,"enemies":"Book of Stabbing","floor":23.0,"turns":5.0},{"damage":5.0,"enemies":"Centurion and Healer","floor":24.0,"turns":5.0},{"damage":24.0,"enemies":"Gremlin Leader","floor":27.0,"turns":5.0},{"damage":0,"enemies":"Snake Plant","floor":28,"turns":2},{"damage":8,"enemies":"Slavers","floor":29,"turns":4},{"damage":0,"enemies":"Masked Bandits","floor":31,"turns":3},{"damage":13,"enemies":"Champ","floor":33,"turns":11},{"damage":0,"enemies":"3 Darklings","floor":35,"turns":4},{"damage":4,"enemies":"Orb Walker","floor":38,"turns":2},{"damage":15,"enemies":"Transient","floor":39,"turns":5},{"damage":0,"enemies":"Reptomancer","floor":40,"turns":6},{"damage":0,"enemies":"Giant Head","floor":42,"turns":6},{"damage":0,"enemies":"2 Orb Walkers","floor":46,"turns":2},{"damage":12,"enemies":"Writhing Mass","floor":47,"turns":4},{"damage":31,"enemies":"Nemesis","floor":48,"turns":5},{"damage":32,"enemies":"Time Eater","floor":50,"turns":5}],"seed_played":"-5547001515832208228","potions_obtained":[{"floor":1.0,"key":"Poison Potion"},{"floor":7.0,"key":"Explosive Potion"},{"floor":10.0,"key":"Weak Potion"},{"floor":12.0,"key":"FocusPotion"},{"floor":14.0,"key":"Strength Potion"},{"floor":16.0,"key":"Ancient Potion"},{"floor":23.0,"key":"Dexterity Potion"},{"floor":24.0,"key":"Weak Potion"},{"floor":27.0,"key":"SpeedPotion"},{"floor":28,"key":"Energy Potion"},{"floor":33,"key":"Ancient Potion"},{"floor":38,"key":"SteroidPotion"},{"floor":39,"key":"SkillPotion"},{"floor":40,"key":"LiquidBronze"}],"is_trial":false,"path_per_floor":["M","M","M","M","?","R","E","M","T","E","M","M","E","M","R","B",null,"M","M","M","T","M","E","M","R","T","E","M","E","R","?","R","B",null,"M","?","T","M","M","E","R","E","T","?","$","?","M","E","R","B"],"character_chosen":"DEFECT","items_purchased":["Gremlin Horn","Centennial Puzzle","Metamorphosis+1","Mind Blast+1"],"campfire_rested":0,"item_purchase_floors":[45,45,45,45],"current_hp_per_floor":[80,79,79,79,71,71,69,63,63,34,36,35,33,40,40,28,82,81,82,82,82,80,67,69,69,69,45,45,44,44,51,51,45,82,82,72,72,68,53,60,60,67,67,67,67,67,55,24,24,0],"gold":379,"neow_bonus":"TEN_PERCENT_HP_BONUS","is_prod":false,"is_daily":false,"chose_seed":false,"campfire_upgraded":7,"win_rate":0,"timestamp":1550773789,"path_taken":["M","M","M","M","?","R","E","?","T","E","M","M","E","M","R","BOSS","M","?","M","?","M","E","M","R","T","E","M","E","R","?","R","BOSS","M","?","?","M","M","E","R","E","T","?","$","?","?","E","R","BOSS"],"build_version":"2019-01-23","purchased_purges":1,"victory":false,"max_hp_per_floor":[82,82,82,82,82,82,82,82,82,82,82,82,82,82,82,82,82,82,82,82,82,82,82,82,82,82,82,82,82,82,82,82,82,82,82,82,82,82,82,82,82,82,82,82,82,82,82,82,82,82],"card_choices":[{"not_picked":["Hello World","Stack"],"picked":"Go for the Eyes","floor":1.0},{"not_picked":["Doom and Gloom","Streamline"],"picked":"Leap","floor":2.0},{"not_picked":["Ball Lightning","Rebound"],"picked":"Sunder","floor":3.0},{"not_picked":["Compile Driver","Gash"],"picked":"Cold Snap","floor":4.0},{"not_picked":["Sweeping Beam","Rebound"],"picked":"Genetic Algorithm","floor":7.0},{"not_picked":["Streamline","Redo"],"picked":"Defragment","floor":8.0},{"not_picked":["Hyperbeam","Rebound"],"picked":"Self Repair","floor":10.0},{"not_picked":["Coolheaded","Leap"],"picked":"Sunder","floor":11.0},{"not_picked":["Stack","Redo","Beam Cell"],"picked":"SKIP","floor":12.0},{"not_picked":["Rip and Tear","Ball Lightning"],"picked":"Undo","floor":13.0},{"not_picked":["Rebound","Steam","Turbo"],"picked":"SKIP","floor":14.0},{"not_picked":["Meteor Strike","Thunder Strike"],"picked":"Reboot","floor":16.0},{"not_picked":["Reprogram+1","Hologram"],"picked":"Go for the Eyes+1","floor":18.0},{"not_picked":["Storm","Turbo","Hologram+1"],"picked":"SKIP","floor":19.0},{"not_picked":["Auto Shields","Compile Driver+1","Leap"],"picked":"SKIP","floor":20.0},{"not_picked":["Melter+1","Reprogram"],"picked":"White Noise+1","floor":22.0},{"not_picked":["Sweeping Beam+1","Loop"],"picked":"Defragment","floor":23.0},{"not_picked":["Aggregate","Lockon+1"],"picked":"Sunder+1","floor":24.0},{"not_picked":["Hologram+1","Capacitor+1"],"picked":"All For One+1","floor":27.0},{"not_picked":["Compile Driver+1","Barrage+1","Hologram"],"picked":"SKIP","floor":28},{"not_picked":["Barrage+1","Compile Driver+1"],"picked":"Machine Learning","floor":29},{"not_picked":["Seek","Creative AI"],"picked":"Meteor Strike+1","floor":33},{"not_picked":["Cold Snap+1","Reprogram","Go for the Eyes+1"],"picked":"SKIP","floor":35},{"not_picked":["Blind","Deep Breath"],"picked":"Jack Of All Trades","floor":36},{"not_picked":["Impatience","Transmutation"],"picked":"Apotheosis","floor":36},{"not_picked":["Dramatic Entrance+1","Blind"],"picked":"Mayhem","floor":36},{"not_picked":["Lockon+1","Chaos+1"],"picked":"Loop","floor":38},{"not_picked":["Ball Lightning+1","Loop+1"],"picked":"Glacier+1","floor":39},{"not_picked":["Cold Snap+1","Steam Power+1"],"picked":"Double Energy+1","floor":40},{"not_picked":["Redo+1","Beam Cell+1"],"picked":"White Noise+1","floor":42},{"not_picked":["Auto Shields+1","Melter+1","Reprogram+1"],"picked":"SKIP","floor":47},{"not_picked":["Fusion+1","Coolheaded+1"],"picked":"White Noise+1","floor":48}],"player_experience":279452,"relics_obtained":[{"floor":7.0,"key":"Darkstone Periapt"},{"floor":9.0,"key":"Potion Belt"},{"floor":10.0,"key":"Bronze Scales"},{"floor":13.0,"key":"Pen Nib"},{"floor":21.0,"key":"Molten Egg 2"},{"floor":23.0,"key":"Thread and Needle"},{"floor":26.0,"key":"Boot"},{"floor":27.0,"key":"Blue Candle"},{"floor":29,"key":"Bag of Marbles"},{"floor":31,"key":"Red Mask"},{"floor":37,"key":"Toxic Egg 2"},{"floor":40,"key":"Ancient Tea Set"},{"floor":42,"key":"Vajra"},{"floor":43,"key":"Bottled Tornado"},{"floor":46,"key":"Nunchaku"},{"floor":48,"key":"Singing Bowl"}],"event_choices":[{"damage_healed":0.0,"max_hp_gain":0.0,"max_hp_loss":0.0,"gold_gain":75.0,"event_name":"FaceTrader","player_choice":"Touch","floor":5.0,"gold_loss":0.0,"damage_taken":8.0},{"damage_healed":0,"gold_gain":0,"player_choice":"Fought Bandits","damage_taken":0,"max_hp_gain":0,"max_hp_loss":0,"event_name":"Masked Bandits","floor":31,"gold_loss":0},{"damage_healed":0,"gold_gain":0,"player_choice":"Memory 3","damage_taken":10,"max_hp_gain":0,"max_hp_loss":0,"event_name":"SensoryStone","floor":36,"gold_loss":0},{"cards_removed":["Auto Shields"],"damage_healed":0,"gold_gain":0,"player_choice":"Removed Skill","damage_taken":0,"max_hp_gain":0,"max_hp_loss":0,"event_name":"Falling","floor":44,"gold_loss":0},{"damage_healed":0,"gold_gain":0,"player_choice":"Fight","damage_taken":0,"max_hp_gain":0,"max_hp_loss":0,"event_name":"Mysterious Sphere","floor":46,"gold_loss":0}],"is_beta":false,"boss_relics":[{"not_picked":["Coffee Dripper","Tiny House"],"picked":"Snecko Eye"},{"not_picked":["Orrery","FrozenCore"],"picked":"Astrolabe"}],"items_purged_floors":[45],"is_endless":false,"potions_floor_spawned":[1,7,10,12,14,16,23,24,27,28,33,38,39,40,48],"killed_by":"Time Eater","ascension_level":2}