{"gold_per_floor":[363,382,332,350,28,28,56,74,97,97,111,124,124,159,159,262,262,279,279,9,29,29,60,72,87,112,141,153,153,179,179,179,281,281,298,313,331,348,364,398,398,426,471,471,487,487,515,535,535,535,535,535,68,99,99],"floor_reached":56,"playtime":5189,"items_purged":["Defend_B","Pain"],"score":1597,"play_id":"f1c0eea6-ea72-4531-9ee2-56571a2130a3","local_time":"20190208185756","is_ascension_mode":true,"campfire_choices":[{"data":"Hello World","floor":6,"key":"SMITH"},{"data":"Zap","floor":10,"key":"SMITH"},{"data":"Sunder","floor":15,"key":"SMITH"},{"data":"Go for the Eyes","floor":32,"key":"SMITH"},{"floor":41,"key":"RECALL"},{"floor":44,"key":"REST"},{"data":"Fission","floor":49,"key":"SMITH"},{"data":"Coolheaded","floor":52,"key":"SMITH"}],"neow_cost":"TEN_PERCENT_HP_LOSS","seed_source_timestamp":4688309277400885,"circlet_count":0,"master_deck":["Strike_B+1","Defend_B+1","Defend_B+1","Defend_B+1","Zap+1","Dualcast","Sunder+1","Genetic Algorithm","Go for the Eyes+1","Hello World+1","Coolheaded+1","Ball Lightning","Conserve Battery","Cold Snap","BootSequence+1","Creative AI+1","Stack","Loop+1","Steam","Coolheaded","Glacier","Echo Form+1","Blizzard+1","Steam+1","Core Surge","Go for the Eyes+1","Hologram+1","Buffer+1","Coolheaded+1","Force Field","Undo","Parasite","Sweeping Beam+1","Heatsinks+1","Coolheaded+1","Fission+1","Storm+1","Aggregate","Reinforced Body","Thinking Ahead","Hologram"],"relics":["Cracked Core","Tiny Chest","PreservedInsect","Anchor","Frozen Egg 2","War Paint","Runic Dome","Membership Card","Blood Vial","Lantern","Smiling Mask","Gremlin Horn","Oddly Smooth Stone","WarpedTongs","Sozu","Cables","Bottled Tornado","Bag of Marbles","OrangePellets","Symbiotic Virus","Happy Flower"],"potions_floor_usage":[16,16,21,55,55,55],"damage_taken":[{"damage":0,"enemies":"Small Slimes","floor":1,"turns":3},{"damage":1,"enemies":"Jaw Worm","floor":2,"turns":3},{"damage":3,"enemies":"2 Louse","floor":4,"turns":3},{"damage":13,"enemies":"3 Sentries","floor":7,"turns":10},{"damage":0,"enemies":"Blue Slaver","floor":8,"turns":3},{"damage":0,"enemies":"Large Slime","floor":11,"turns":4},{"damage":0,"enemies":"Gremlin Gang","floor":12,"turns":3},{"damage":0,"enemies":"Gremlin Nob","floor":14,"turns":4},{"damage":0,"enemies":"Slime Boss","floor":16,"turns":9},{"damage":0,"enemies":"Spheric Guardian","floor":18,"turns":6},{"damage":8,"enemies":"2 Thieves","floor":21,"turns":3},{"damage":0,"enemies":"Slavers","floor":23,"turns":6},{"damage":0,"enemies":"Centurion and Healer","floor":24,"turns":8},{"damage":0,"enemies":"Snecko","floor":25,"turns":5},{"damage":0,"enemies":"Gremlin Leader","floor":27,"turns":9},{"damage":0,"enemies":"Cultist and Chosen","floor":28,"turns":5},{"damage":9,"enemies":"Slavers","floor":30,"turns":6},{"damage":10,"enemies":"Automaton","floor":33,"turns":9},{"damage":0,"enemies":"Orb Walker","floor":35,"turns":6},{"damage":2,"enemies":"3 Darklings","floor":36,"turns":7},{"damage":5,"enemies":"Transient","floor":37,"turns":5},{"damage":3,"enemies":"Maw","floor":38,"turns":7},{"damage":0,"enemies":"Writhing Mass","floor":39,"turns":9},{"damage":9,"enemies":"Reptomancer","floor":40,"turns":6},{"damage":14,"enemies":"Nemesis","floor":42,"turns":9},{"damage":1,"enemies":"Sphere and 2 Shapes","floor":45,"turns":8},{"damage":3,"enemies":"Reptomancer","floor":47,"turns":6},{"damage":2,"enemies":"4 Shapes","floor":48,"turns":5},{"damage":21,"enemies":"Awakened One","floor":50,"turns":24},{"damage":8,"enemies":"Shield and Spear","floor":54,"turns":4},{"damage":13,"enemies":"The Heart","floor":55,"turns":10}],"seed_played":"2354260858089262822","potions_obtained":[{"floor":2,"key":"GamblersBrew"},{"floor":4,"key":"Weak Potion"},{"floor":7,"key":"EssenceOfSteel"},{"floor":16,"key":"AttackPotion"},{"floor":21,"key":"Regen Potion"},{"floor":27,"key":"Explosive Potion"},{"floor":28,"key":"SkillPotion"}],"is_trial":false,"path_per_floor":["M","M","?","M","$","R","E","M","T","R","M","M","T","E","R","B",null,"M","?","$","M","?","E","M","M","T","E","M","T","E","?","R","B",null,"M","M","M","M","M","E","R","E","T","R","M","?","E","M","R","B",null,"R","$","E","B",null],"character_chosen":"DEFECT","items_purchased":["Hello World","Coolheaded","Tiny Chest","Membership Card","Loop+1","Steam","OrangePellets","Storm+1","Aggregate","Reinforced Body","Thinking Ahead","Symbiotic Virus"],"campfire_rested":1,"item_purchase_floors":[5,5,5,20,20,20,53,53,53,53,53,53],"current_hp_per_floor":[68,67,67,64,64,64,51,51,51,51,51,51,51,51,51,51,68,68,68,68,60,60,60,62,64,64,66,68,68,59,59,59,51,68,68,66,63,62,64,57,57,45,45,65,66,66,65,65,65,46,68,68,68,60,64],"gold":99,"neow_bonus":"TWO_FIFTY_GOLD","is_prod":false,"is_daily":false,"chose_seed":false,"campfire_upgraded":6,"win_rate":0,"timestamp":1549670276,"path_taken":["M","M","?","M","$","R","E","M","T","R","M","M","?","E","R","BOSS","M","?","$","M","?","E","M","M","T","E","M","?","E","?","R","BOSS","M","?","M","M","M","E","R","E","T","R","?","?","E","?","R","BOSS","R","$","E","BOSS"],"build_version":"2019-02-06","purchased_purges":2,"victory":true,"max_hp_per_floor":[68,68,68,68,68,68,68,68,68,68,68,68,68,68,68,68,68,68,68,68,68,68,68,68,68,68,68,68,68,68,68,68,68,68,68,68,68,68,68,68,68,68,68,68,68,68,68,68,68,68,68,68,68,68,68],"card_choices":[{"not_picked":["Sweeping Beam","Cold Snap"],"picked":"Sunder","floor":1},{"not_picked":["Leap","Creative AI"],"picked":"Genetic Algorithm","floor":2},{"not_picked":["Recycle","Stack"],"picked":"Go for the Eyes","floor":4},{"not_picked":["Turbo","Skim"],"picked":"Ball Lightning","floor":7},{"not_picked":["Leap","Redo"],"picked":"Conserve Battery","floor":8},{"not_picked":["Heatsinks","Stack"],"picked":"Cold Snap","floor":11},{"not_picked":["Loop","Hologram"],"picked":"BootSequence","floor":12},{"not_picked":["Leap","Hyperbeam","Cold Snap"],"picked":"SKIP","floor":14},{"not_picked":["Meteor Strike","Core Surge"],"picked":"Creative AI+1","floor":16},{"not_picked":["Rebound","Skim"],"picked":"Stack","floor":18},{"not_picked":["Sweeping Beam","Streamline+1"],"picked":"Coolheaded","floor":21},{"not_picked":["Ball Lightning","Barrage"],"picked":"Blizzard+1","floor":23},{"not_picked":["Sweeping Beam","Rebound","Compile Driver+1"],"picked":"SKIP","floor":24},{"not_picked":["Genetic Algorithm+1","Gash"],"picked":"Steam+1","floor":25},{"not_picked":["Force Field+1","Hologram"],"picked":"Core Surge","floor":27},{"not_picked":["Leap+1","Coolheaded"],"picked":"Go for the Eyes","floor":28},{"not_picked":["Loop+1","Turbo"],"picked":"Hologram+1","floor":30},{"not_picked":["Core Surge","All For One"],"picked":"Buffer+1","floor":33},{"not_picked":["Steam+1","Beam Cell+1"],"picked":"Coolheaded+1","floor":35},{"not_picked":["Coolheaded","Auto Shields+1","Stack"],"picked":"SKIP","floor":36},{"not_picked":["Redo","Leap"],"picked":"Force Field","floor":37},{"not_picked":["Rebound+1","Double Energy+1"],"picked":"Undo","floor":38},{"not_picked":["Turbo","Sweeping Beam","Gash"],"picked":"SKIP","floor":39},{"not_picked":["Aggregate","Multi-Cast"],"picked":"Sweeping Beam+1","floor":40},{"not_picked":["Rip and Tear","Redo+1"],"picked":"Heatsinks+1","floor":42},{"not_picked":["Cold Snap","Ball Lightning+1"],"picked":"Coolheaded+1","floor":45},{"not_picked":["Cold Snap+1","Fusion"],"picked":"Fission","floor":47},{"not_picked":["Scrape+1","BootSequence+1","Steam"],"picked":"SKIP","floor":48},{"not_picked":["Steam+1","Beam Cell+1"],"picked":"Hologram","floor":54}],"player_experience":4415576,"relics_obtained":[{"floor":7,"key":"PreservedInsect"},{"floor":9,"key":"Anchor"},{"floor":13,"key":"Frozen Egg 2"},{"floor":14,"key":"War Paint"},{"floor":23,"key":"Blood Vial"},{"floor":26,"key":"Lantern"},{"floor":27,"key":"Smiling Mask"},{"floor":29,"key":"Gremlin Horn"},{"floor":30,"key":"Oddly Smooth Stone"},{"floor":40,"key":"Cables"},{"floor":42,"key":"Bottled Tornado"},{"floor":47,"key":"Bag of Marbles"},{"floor":54,"key":"Happy Flower"}],"event_choices":[{"cards_removed":["Strike_B"],"damage_healed":0,"gold_gain":0,"player_choice":"Card Removal","damage_taken":0,"max_hp_gain":0,"max_hp_loss":0,"event_name":"The Cleric","floor":3,"gold_loss":50},{"damage_healed":0,"gold_gain":0,"player_choice":"Simplicity","damage_taken":0,"max_hp_gain":0,"max_hp_loss":0,"event_name":"Back to Basics","floor":19,"gold_loss":0,"cards_upgraded":["Strike_B","Strike_B","Strike_B","Defend_B","Defend_B"]},{"damage_healed":0,"gold_gain":0,"cards_transformed":["Strike_B","Strike_B"],"player_choice":"Became Test Subject","damage_taken":0,"max_hp_gain":0,"max_hp_loss":0,"event_name":"Drug Dealer","floor":22,"gold_loss":0,"cards_obtained":["Glacier","Echo Form"]},{"damage_healed":0,"gold_gain":0,"player_choice":"Rummage","damage_taken":0,"relics_obtained":["WarpedTongs"],"max_hp_gain":0,"max_hp_loss":0,"event_name":"Accursed Blacksmith","floor":31,"gold_loss":0,"cards_obtained":["Pain"]},{"damage_healed":0,"gold_gain":0,"player_choice":"Upgraded","damage_taken":0,"max_hp_gain":0,"max_hp_loss":0,"event_name":"Upgrade Shrine","floor":46,"gold_loss":0,"cards_upgraded":["Go for the Eyes"]}],"is_beta":true,"boss_relics":[{"not_picked":["Runic Pyramid","Cursed Key"],"picked":"Runic Dome"},{"not_picked":["FrozenCore","Astrolabe"],"picked":"Sozu"}],"items_purged_floors":[5,53],"is_endless":false,"potions_floor_spawned":[2,4,7,12,16,21,27,28,33,37,38,39,47,54],"ascension_level":1}