{"gold_per_floor":[117,128,142,26,26,60,60,89,116,133,133,133,162,177,177,256,256,270,298,314,70,86,86,121,136,136,136,170,182,182,200,200,271,271,282,282,299,309,45,45,57,68,68,68,82,82,58,58,58,58,58],"floor_reached":51,"playtime":2491,"items_purged":["Strike_R","Strike_R+1"],"score":1468,"play_id":"f9726108-39de-4689-858e-71971e9e50a7","local_time":"20190202102327","is_ascension_mode":true,"campfire_choices":[{"data":"Armaments","floor":7.0,"key":"SMITH"},{"data":"Rampage","floor":12.0,"key":"SMITH"},{"data":"Finesse","floor":15.0,"key":"SMITH"},{"floor":23.0,"key":"REST"},{"floor":30.0,"key":"REST"},{"data":"Spot Weakness","floor":32.0,"key":"SMITH"},{"data":"Limit Break","floor":40.0,"key":"SMITH"},{"data":"Flame Barrier","floor":44.0,"key":"SMITH"},{"floor":49.0,"key":"REST"}],"neow_cost":"NONE","seed_source_timestamp":0,"circlet_count":0,"master_deck":["AscendersBane","Defend_R","Defend_R","Defend_R","Bash+1","Rampage+1","Whirlwind+1","Armaments+1","Finesse+1","Shrug It Off","Flame Barrier+1","Exhume","Ghostly Armor","Headbutt","Feed","Body Slam+1","Spot Weakness+1","Juggernaut","Carnage+1","Shrug It Off","Whirlwind+1","Limit Break+1","Shockwave+1","Headbutt+1","Intimidate+1","Thunderclap+1","Flame Barrier+1","Offering","Flash of Steel","PanicButton","Heavy Blade"],"special_seed":0,"relics":["Burning Blood","PreservedInsect","Whetstone","Juzu Bracelet","Happy Flower","Red Skull","Ice Cream","White Beast Statue","Red Mask","Bronze Scales","Mercury Hourglass","Nunchaku","Ancient Tea Set","Astrolabe","Vajra","Frozen Egg 2"],"potions_floor_usage":[],"damage_taken":[{"damage":11.0,"enemies":"Small Slimes","floor":1.0,"turns":5.0},{"damage":1.0,"enemies":"Cultist","floor":2.0,"turns":3.0},{"damage":4.0,"enemies":"Jaw Worm","floor":3.0,"turns":5.0},{"damage":8.0,"enemies":"Gremlin Nob","floor":6.0,"turns":3.0},{"damage":7.0,"enemies":"Lagavulin","floor":8.0,"turns":10.0},{"damage":0.0,"enemies":"3 Louse","floor":10.0,"turns":2.0},{"damage":8.0,"enemies":"Gremlin Nob","floor":13.0,"turns":3.0},{"damage":3.0,"enemies":"Looter","floor":14.0,"turns":4.0},{"damage":0.0,"enemies":"Slime Boss","floor":16.0,"turns":6.0},{"damage":14.0,"enemies":"Chosen","floor":18.0,"turns":5.0},{"damage":51.0,"enemies":"Masked Bandits","floor":19.0,"turns":4.0},{"damage":0.0,"enemies":"Spheric Guardian","floor":20.0,"turns":3.0},{"damage":11.0,"enemies":"Centurion and Healer","floor":22.0,"turns":5.0},{"damage":28.0,"enemies":"Gremlin Leader","floor":24.0,"turns":7.0},{"damage":0.0,"enemies":"Snake Plant","floor":25.0,"turns":2.0},{"damage":13.0,"enemies":"Slavers","floor":28.0,"turns":5.0},{"damage":17.0,"enemies":"Shelled Parasite and Fungi","floor":29.0,"turns":5.0},{"damage":0.0,"enemies":"Chosen and Byrds","floor":31.0,"turns":3.0},{"damage":39.0,"enemies":"Champ","floor":33.0,"turns":11.0},{"damage":2.0,"enemies":"3 Shapes","floor":35.0,"turns":6.0},{"damage":12.0,"enemies":"Orb Walker","floor":37.0,"turns":4.0},{"damage":34.0,"enemies":"Transient","floor":38.0,"turns":6.0},{"damage":15.0,"enemies":"4 Shapes","floor":41.0,"turns":8.0},{"damage":17.0,"enemies":"Jaw Worm Horde","floor":42.0,"turns":4.0},{"damage":20.0,"enemies":"Writhing Mass","floor":45.0,"turns":6.0},{"damage":59.0,"enemies":"Donu and Deca","floor":50.0,"turns":8.0},{"damage":38,"enemies":"Time Eater","floor":51,"turns":4}],"seed_played":"7719158978254742914","potions_obtained":[{"floor":3.0,"key":"EssenceOfSteel"},{"floor":8.0,"key":"Block Potion"},{"floor":13.0,"key":"Poison Potion"},{"floor":14.0,"key":"Fire Potion"},{"floor":18.0,"key":"Swift Potion"},{"floor":19.0,"key":"Fire Potion"},{"floor":20.0,"key":"Strength Potion"},{"floor":22.0,"key":"Block Potion"},{"floor":24.0,"key":"FearPotion"},{"floor":25.0,"key":"Block Potion"},{"floor":28.0,"key":"BloodPotion"},{"floor":29.0,"key":"GamblersBrew"},{"floor":31.0,"key":"GamblersBrew"},{"floor":33.0,"key":"Swift Potion"},{"floor":35.0,"key":"Energy Potion"},{"floor":36.0,"key":"Regen Potion"},{"floor":37.0,"key":"Regen Potion"},{"floor":38.0,"key":"LiquidBronze"},{"floor":41.0,"key":"LiquidBronze"},{"floor":42.0,"key":"Fire Potion"},{"floor":45.0,"key":"Fruit Juice"}],"is_trial":false,"path_per_floor":["M","M","M","$","?","E","R","E","T","M","?","R","E","M","R","B",null,"M","?","M","$","M","R","E","M","T","?","E","M","R","M","R","B",null,"M","?","M","M","$","R","M","M","T","R","M","?","$","?","R","B","B"],"character_chosen":"IRONCLAD","items_purchased":["Finesse","Shrug It Off","Bronze Scales","Vajra","Heavy Blade"],"campfire_rested":3,"item_purchase_floors":[4,4,21,39,47],"current_hp_per_floor":[63,68,70,70,70,68,68,67,67,73,62,62,60,63,63,69,74,69,24,30,30,28,52,34,40,40,40,39,28,55,64,64,31,78,85,85,79,86,86,86,80,72,72,72,58,48,48,48,85,35,0],"gold":58,"neow_bonus":"RANDOM_COMMON_RELIC","is_prod":false,"is_daily":false,"chose_seed":false,"campfire_upgraded":6,"win_rate":0,"timestamp":1549121007,"path_taken":["M","M","M","$","?","E","R","E","T","M","?","R","E","M","R","BOSS","M","?","M","$","M","R","E","M","T","?","E","M","R","M","R","BOSS","M","?","M","M","$","R","M","M","T","R","M","?","$","?","R","BOSS","BOSS"],"build_version":"2019-01-23","purchased_purges":2,"victory":false,"max_hp_per_floor":[75,75,75,75,75,75,75,75,75,75,75,75,75,75,75,75,75,78,78,78,78,81,81,85,85,85,85,91,91,91,94,94,94,94,97,97,97,97,97,97,100,103,103,103,103,103,103,103,108,111,111],"card_choices":[{"not_picked":["Wild Strike","Body Slam"],"picked":"Rampage","floor":1.0},{"not_picked":["Clash","Sword Boomerang"],"picked":"Whirlwind","floor":2.0},{"not_picked":["Rage","Impervious"],"picked":"Armaments","floor":3.0},{"not_picked":["Thunderclap","Shrug It Off"],"picked":"Flame Barrier","floor":6.0},{"not_picked":["Cleave","Clothesline"],"picked":"Exhume","floor":8.0},{"not_picked":["Wild Strike","Heavy Blade","Cleave"],"picked":"SKIP","floor":10.0},{"not_picked":["Brutality","Warcry"],"picked":"Ghostly Armor","floor":13.0},{"not_picked":["Flex","Perfected Strike"],"picked":"Headbutt","floor":14.0},{"not_picked":["Immolate","Berserk"],"picked":"Feed","floor":16.0},{"not_picked":["Wild Strike","Iron Wave"],"picked":"Body Slam+1","floor":18.0},{"not_picked":["Body Slam","Ghostly Armor","Twin Strike"],"picked":"SKIP","floor":20.0},{"not_picked":["Bloodletting+1","Clash"],"picked":"Spot Weakness","floor":22.0},{"not_picked":["Cleave","Fire Breathing+1"],"picked":"Juggernaut","floor":24.0},{"not_picked":["Anger","Fire Breathing","Perfected Strike"],"picked":"SKIP","floor":25.0},{"not_picked":["Ghostly Armor","Dual Wield"],"picked":"Carnage+1","floor":28.0},{"not_picked":["Armaments","Headbutt"],"picked":"Shrug It Off","floor":29.0},{"not_picked":["True Grit","Thunderclap"],"picked":"Whirlwind+1","floor":31.0},{"not_picked":["Double Tap","Fiend Fire"],"picked":"Limit Break","floor":33.0},{"not_picked":["Pummel","Body Slam","Havoc"],"picked":"SKIP","floor":35.0},{"not_picked":["Armaments","Clothesline","Sword Boomerang"],"picked":"SKIP","floor":37.0},{"not_picked":["Shrug It Off","Body Slam"],"picked":"Thunderclap+1","floor":38.0},{"not_picked":["Havoc+1","Headbutt","Warcry"],"picked":"SKIP","floor":41.0},{"not_picked":["Sever Soul+1","True Grit"],"picked":"Flame Barrier+1","floor":42.0},{"not_picked":["Armaments+1","True Grit"],"picked":"Offering","floor":45.0},{"not_picked":["Deep Breath","Bandage Up"],"picked":"Flash of Steel","floor":46.0},{"not_picked":["Trip","Chrysalis"],"picked":"PanicButton","floor":46.0}],"player_experience":858918,"relics_obtained":[{"floor":6.0,"key":"Whetstone"},{"floor":8.0,"key":"Juzu Bracelet"},{"floor":9.0,"key":"Happy Flower"},{"floor":13.0,"key":"Ice Cream"},{"floor":19.0,"key":"Red Mask"},{"floor":24.0,"key":"Mercury Hourglass"},{"floor":26.0,"key":"Nunchaku"},{"floor":28.0,"key":"Ancient Tea Set"},{"floor":43.0,"key":"Frozen Egg 2"}],"event_choices":[{"damage_healed":0.0,"max_hp_gain":0.0,"max_hp_loss":0.0,"gold_gain":0.0,"event_name":"Upgrade Shrine","player_choice":"Upgraded","floor":5.0,"gold_loss":0.0,"damage_taken":0.0,"cards_upgraded":["Bash"]},{"damage_healed":0.0,"max_hp_gain":0.0,"max_hp_loss":0.0,"gold_gain":0.0,"event_name":"Scrap Ooze","player_choice":"Success","floor":11.0,"gold_loss":0.0,"damage_taken":11.0,"relics_obtained":["Red Skull"]},{"damage_healed":0.0,"max_hp_gain":0.0,"max_hp_loss":0.0,"gold_gain":0.0,"event_name":"Masked Bandits","player_choice":"Fought Bandits","floor":19.0,"gold_loss":0.0,"damage_taken":0.0},{"damage_healed":0.0,"max_hp_gain":0.0,"max_hp_loss":0.0,"gold_gain":0.0,"cards_transformed":["Strike_R","Strike_R"],"event_name":"Drug Dealer","player_choice":"Became Test Subject","floor":27.0,"gold_loss":0.0,"damage_taken":0.0,"cards_obtained":["Clash","Clothesline"]},{"damage_healed":0.0,"max_hp_gain":0.0,"max_hp_loss":0.0,"gold_gain":0.0,"event_name":"Lab","player_choice":"Got Potions","floor":36.0,"gold_loss":0.0,"damage_taken":0.0},{"damage_healed":0.0,"max_hp_gain":0.0,"max_hp_loss":0.0,"gold_gain":0.0,"event_name":"SensoryStone","player_choice":"Memory 3","floor":46.0,"gold_loss":0.0,"damage_taken":10.0},{"cards_removed":["Clothesline"],"damage_healed":0.0,"max_hp_gain":0.0,"max_hp_loss":0.0,"gold_gain":0.0,"event_name":"Falling","player_choice":"Removed Attack","floor":48.0,"gold_loss":0.0,"damage_taken":0.0}],"is_beta":false,"boss_relics":[{"not_picked":["Snecko Eye","Orrery"],"picked":"White Beast Statue"},{"not_picked":["Cursed Key","Calling Bell"],"picked":"Astrolabe"}],"items_purged_floors":[21,39],"is_endless":false,"potions_floor_spawned":[3,8,13,14,18,19,20,22,24,25,28,29,31,33,35,37,38,41,42,45],"killed_by":"Time Eater","ascension_level":20}