{"gold_per_floor":[119,119,130,1,16,49,49,77,77,127,139,170,186,186,186,264,264,277,277,277,297,297,297,314,2,2,14,36,48,87,99,111,123],"floor_reached":33,"playtime":1399,"items_purged":["Writhe"],"score":591,"play_id":"3866eaaf-13a7-40c6-9a15-b8be2c8c54c0","local_time":"20190204173256","is_ascension_mode":true,"campfire_choices":[{"data":"Uppercut","floor":7.0,"key":"SMITH"},{"data":"Disarm","floor":15.0,"key":"SMITH"},{"data":"Armaments","floor":23,"key":"SMITH"},{"data":"Offering","floor":27,"key":"SMITH"},{"data":"Limit Break","floor":32,"key":"SMITH"}],"neow_cost":"NONE","seed_source_timestamp":2189039058791243,"circlet_count":0,"master_deck":["AscendersBane","Defend_R","Defend_R","Defend_R","Defend_R","Bash","Battle Trance+1","Corruption","Flame Barrier","Body Slam","Uppercut+1","Armaments+1","Disarm+1","Dual Wield","Demon Form","Offering+1","Thunderclap","Disarm","Disarm","Seeing Red","Heavy Blade","Bite","Bite","Bite","Bite","Bite","Limit Break+1"],"special_seed":0,"relics":["Burning Blood","Centennial Puzzle","Art of War","Bottled Lightning","Happy Flower","Prayer Wheel","Philosopher\u0027s Stone","Nilry\u0027s Codex","Mercury Hourglass","Pen Nib","MawBank","Juzu Bracelet"],"potions_floor_usage":[24],"damage_taken":[{"damage":14.0,"enemies":"2 Louse","floor":1.0,"turns":2.0},{"damage":3.0,"enemies":"Small Slimes","floor":3.0,"turns":4.0},{"damage":1.0,"enemies":"Cultist","floor":5.0,"turns":4.0},{"damage":17.0,"enemies":"3 Sentries","floor":6.0,"turns":9.0},{"damage":8.0,"enemies":"Lagavulin","floor":8.0,"turns":7.0},{"damage":5.0,"enemies":"Gremlin Gang","floor":11.0,"turns":5.0},{"damage":6.0,"enemies":"Gremlin Nob","floor":12.0,"turns":3.0},{"damage":3.0,"enemies":"3 Louse","floor":13.0,"turns":3.0},{"damage":17.0,"enemies":"The Guardian","floor":16.0,"turns":9.0},{"damage":25,"enemies":"Spheric Guardian","floor":18,"turns":4},{"damage":6,"enemies":"Chosen","floor":21,"turns":3},{"damage":30,"enemies":"3 Cultists","floor":24,"turns":5},{"damage":12,"enemies":"Snecko","floor":28,"turns":4},{"damage":29,"enemies":"Slavers","floor":30,"turns":6},{"damage":69,"enemies":"Automaton","floor":33,"turns":10}],"seed_played":"1914748622514793667","potions_obtained":[{"floor":1.0,"key":"PowerPotion"},{"floor":6.0,"key":"Energy Potion"},{"floor":11.0,"key":"Dexterity Potion"},{"floor":21,"key":"Poison Potion"},{"floor":30,"key":"Ancient Potion"}],"is_trial":false,"path_per_floor":["M","?","M","$","M","E","R","E","T","?","M","E","M","?","R","B",null,"M","?","?","M","?","R","M","$","T","R","M","?","E","?","R","B"],"character_chosen":"IRONCLAD","items_purchased":["Flame Barrier","Body Slam","Pen Nib","Disarm"],"campfire_rested":0,"item_purchase_floors":[4,4,25,25],"current_hp_per_floor":[60,37,40,40,45,34,34,32,32,32,33,33,36,36,36,25,63,44,23,23,23,75,75,51,51,51,51,45,45,33,43,43,0],"gold":123,"neow_bonus":"RANDOM_COMMON_RELIC","is_prod":false,"is_daily":false,"chose_seed":false,"campfire_upgraded":5,"win_rate":0,"timestamp":1549319576,"path_taken":["M","?","M","$","M","E","R","E","T","?","?","E","?","?","R","BOSS","M","?","?","M","?","R","M","$","T","R","?","?","E","?","R","BOSS"],"build_version":"2019-01-23","purchased_purges":1,"victory":false,"max_hp_per_floor":[75,75,75,75,75,75,75,75,75,75,75,75,75,75,75,75,75,75,75,75,75,75,75,75,75,75,75,75,52,52,52,52,52],"card_choices":[{"not_picked":["Rage","Iron Wave"],"picked":"Battle Trance","floor":1.0},{"not_picked":["Hemokinesis","Thunderclap"],"picked":"Corruption","floor":3.0},{"not_picked":["Evolve","Dropkick"],"picked":"Uppercut","floor":5.0},{"not_picked":["Havoc","Corruption"],"picked":"Whirlwind","floor":6.0},{"not_picked":["Body Slam","Shrug It Off"],"picked":"Armaments","floor":8.0},{"not_picked":["Dropkick","Spot Weakness"],"picked":"Disarm","floor":11.0},{"not_picked":["Second Wind","Seeing Red"],"picked":"Dual Wield","floor":12.0},{"not_picked":["Twin Strike","Flame Barrier"],"picked":"Demon Form","floor":13.0},{"not_picked":["Heavy Blade","Cleave","Clash"],"picked":"SKIP","floor":13.0},{"not_picked":["Limit Break","Reaper"],"picked":"Offering","floor":16.0},{"not_picked":["Twin Strike","Cleave"],"picked":"Thunderclap","floor":18},{"not_picked":["Bloodletting","Pommel Strike"],"picked":"Disarm","floor":18},{"not_picked":["Warcry","Searing Blow","Flex"],"picked":"SKIP","floor":21},{"not_picked":["Clothesline","Warcry","Headbutt"],"picked":"SKIP","floor":21},{"not_picked":["Clash","Rupture","Clothesline"],"picked":"SKIP","floor":24},{"not_picked":["Searing Blow","Evolve","Wild Strike"],"picked":"SKIP","floor":24},{"not_picked":["Anger","Evolve"],"picked":"Seeing Red","floor":28},{"not_picked":["Pummel","Armaments+1"],"picked":"Heavy Blade","floor":28},{"not_picked":["Brutality","Evolve"],"picked":"Limit Break","floor":30}],"player_experience":875000,"relics_obtained":[{"floor":6.0,"key":"Art of War"},{"floor":8.0,"key":"Bottled Lightning"},{"floor":9.0,"key":"Happy Flower"},{"floor":12.0,"key":"Prayer Wheel"},{"floor":19,"key":"Nilry\u0027s Codex"},{"floor":26,"key":"MawBank"},{"floor":30,"key":"Juzu Bracelet"}],"event_choices":[{"damage_healed":0.0,"max_hp_gain":0.0,"max_hp_loss":0.0,"gold_gain":0.0,"event_name":"Shining Light","player_choice":"Entered Light","floor":2.0,"gold_loss":0.0,"damage_taken":23.0,"cards_upgraded":["Battle Trance","Strike_R"]},{"damage_healed":0.0,"max_hp_gain":0.0,"max_hp_loss":0.0,"gold_gain":50.0,"event_name":"Golden Shrine","player_choice":"Pray","floor":10.0,"gold_loss":0.0,"damage_taken":0.0},{"damage_healed":0.0,"max_hp_gain":0.0,"max_hp_loss":0.0,"gold_gain":0.0,"event_name":"Golden Idol","player_choice":"Ignored","floor":14.0,"gold_loss":0.0,"damage_taken":0.0},{"damage_healed":0,"gold_gain":0,"player_choice":"Obtained Book","damage_taken":21,"max_hp_gain":0,"max_hp_loss":0,"event_name":"Cursed Tome","floor":19,"gold_loss":0},{"damage_healed":0,"gold_gain":0,"player_choice":"Opened","damage_taken":0,"relics_obtained":["Mercury Hourglass"],"max_hp_gain":0,"max_hp_loss":0,"event_name":"The Mausoleum","floor":20,"gold_loss":0,"cards_obtained":["Writhe"]},{"cards_removed":["Whirlwind"],"damage_healed":52,"gold_gain":0,"player_choice":"Offered Uncommon","damage_taken":0,"max_hp_gain":0,"max_hp_loss":0,"event_name":"Bonfire Elementals","floor":22,"gold_loss":0},{"damage_healed":0,"gold_gain":0,"player_choice":"Became a vampire","damage_taken":0,"max_hp_gain":0,"max_hp_loss":23,"event_name":"Vampires","floor":29,"gold_loss":0,"cards_obtained":["Bite","Bite","Bite","Bite","Bite"]},{"damage_healed":10,"gold_gain":0,"player_choice":"Heal","damage_taken":0,"max_hp_gain":0,"max_hp_loss":0,"event_name":"The Library","floor":31,"gold_loss":0}],"is_beta":false,"boss_relics":[{"not_picked":["Orrery","Fusion Hammer"],"picked":"Philosopher\u0027s Stone"}],"items_purged_floors":[25],"is_endless":false,"potions_floor_spawned":[1,6,11,21,30],"killed_by":"Automaton","ascension_level":20}