{"gold_per_floor":[119,137,152,166,180,180,208,208,259,259,275,294,308,142,142,241,241,261,261,23,37,53,53,70,70,70,70,81,97,117,17,17,113,113,127,2,17,35,35,35,54,74,74,74],"floor_reached":44,"playtime":10043,"items_purged":["Strike_R","Corruption","Injury"],"score":490,"play_id":"f2c2c8c5-401c-4558-aa02-54fac64d065b","local_time":"20190219171839","is_ascension_mode":true,"campfire_choices":[{"data":"Armaments","floor":6,"key":"SMITH"},{"data":"Metallicize","floor":8,"key":"SMITH"},{"data":"Juggernaut","floor":10,"key":"SMITH"},{"data":"Armaments","floor":15,"key":"SMITH"},{"data":"Barricade","floor":23,"key":"SMITH"},{"data":"Evolve","floor":25,"key":"SMITH"},{"floor":27,"key":"REST"},{"floor":32,"key":"REST"},{"data":"Body Slam","floor":40,"key":"SMITH"}],"neow_cost":"NONE","seed_source_timestamp":379598389813440,"circlet_count":0,"master_deck":["Strike_R","Strike_R","Strike_R","Defend_R","Defend_R","Defend_R","Defend_R","Bash","Shrug It Off","Armaments+1","Shrug It Off","Juggernaut+1","Metallicize+1","Sentinel","True Grit","Body Slam+1","Evolve+1","Armaments+1","Barricade+1","Cleave+1","Headbutt","Demon Form","Flame Barrier","Immolate","Feel No Pain","Writhe"],"relics":["Burning Blood","Mango","Ancient Tea Set","Cursed Key","Letter Opener","Ornamental Fan","Sozu","Bottled Lightning"],"potions_floor_usage":[16,16,24,33,41,44,44],"damage_taken":[{"damage":7,"enemies":"Jaw Worm","floor":1,"turns":3},{"damage":1,"enemies":"Small Slimes","floor":2,"turns":4},{"damage":1,"enemies":"Cultist","floor":3,"turns":4},{"damage":13,"enemies":"3 Louse","floor":4,"turns":6},{"damage":13,"enemies":"Large Slime","floor":5,"turns":7},{"damage":15,"enemies":"3 Sentries","floor":7,"turns":9},{"damage":0,"enemies":"Looter","floor":11,"turns":3},{"damage":10,"enemies":"Exordium Thugs","floor":12,"turns":5},{"damage":0,"enemies":"2 Fungi Beasts","floor":13,"turns":4},{"damage":35,"enemies":"Slime Boss","floor":16,"turns":9},{"damage":4,"enemies":"3 Byrds","floor":18,"turns":4},{"damage":5,"enemies":"Spheric Guardian","floor":21,"turns":6},{"damage":25,"enemies":"Snake Plant","floor":22,"turns":5},{"damage":18,"enemies":"Centurion and Healer","floor":24,"turns":5},{"damage":25,"enemies":"Shelled Parasite and Fungi","floor":28,"turns":7},{"damage":12,"enemies":"Snake Plant","floor":29,"turns":5},{"damage":14,"enemies":"Centurion and Healer","floor":30,"turns":8},{"damage":10,"enemies":"Champ","floor":33,"turns":8},{"damage":15,"enemies":"3 Shapes","floor":35,"turns":3},{"damage":7,"enemies":"Orb Walker","floor":37,"turns":5},{"damage":5,"enemies":"4 Shapes","floor":38,"turns":4},{"damage":44,"enemies":"Transient","floor":41,"turns":5},{"damage":34,"enemies":"Jaw Worm Horde","floor":42,"turns":4},{"damage":31,"enemies":"Giant Head","floor":44,"turns":7}],"seed_played":"-593999817867616393","potions_obtained":[{"floor":2,"key":"FearPotion"},{"floor":3,"key":"Ancient Potion"},{"floor":16,"key":"SteroidPotion"},{"floor":18,"key":"SneckoOil"},{"floor":21,"key":"PowerPotion"},{"floor":22,"key":"Energy Potion"},{"floor":29,"key":"Poison Potion"},{"floor":33,"key":"Fire Potion"}],"is_trial":false,"path_per_floor":["M","M","M","M","M","R","E","R","T","R","M","M","M","$","R","B",null,"M","?","$","M","M","R","M","R","T","R","M","M","M","$","R","B",null,"M","$","M","M","?","R","M","M","T","E"],"character_chosen":"IRONCLAD","items_purchased":["Evolve","Armaments","Letter Opener"],"campfire_rested":2,"item_purchase_floors":[14,14,20],"current_hp_per_floor":[79,80,80,73,66,66,71,71,71,71,77,73,79,79,79,50,94,94,94,94,94,75,75,63,63,63,91,72,66,58,58,86,82,94,85,85,84,85,85,85,47,19,19,0],"gold":74,"neow_bonus":"TRANSFORM_CARD","is_prod":false,"is_daily":false,"chose_seed":false,"campfire_upgraded":7,"win_rate":0,"timestamp":1550593119,"path_taken":["M","M","M","M","M","R","E","R","T","R","M","M","M","$","R","BOSS","M","?","$","M","M","R","M","R","T","R","M","M","M","$","R","BOSS","M","$","M","M","?","R","M","?","T","E"],"build_version":"2019-01-23","purchased_purges":3,"victory":false,"max_hp_per_floor":[80,80,80,80,80,80,94,94,94,94,94,94,94,94,94,94,94,94,94,94,94,94,94,94,94,94,94,94,94,94,94,94,94,94,94,94,94,94,94,94,94,94,94,94],"card_choices":[{"not_picked":["Iron Wave","Uppercut"],"picked":"Shrug It Off","floor":1},{"not_picked":["Headbutt","Iron Wave"],"picked":"Armaments","floor":2},{"not_picked":["Reckless Charge","Iron Wave"],"picked":"Shrug It Off","floor":3},{"not_picked":["Shrug It Off","Wild Strike"],"picked":"Juggernaut","floor":4},{"not_picked":["Thunderclap","Power Through"],"picked":"Metallicize","floor":5},{"not_picked":["Inflame","Havoc"],"picked":"Sentinel","floor":7},{"not_picked":["Iron Wave","Corruption"],"picked":"True Grit","floor":11},{"not_picked":["Pummel","Flex","Wild Strike"],"picked":"SKIP","floor":12},{"not_picked":["Cleave","Ghostly Armor"],"picked":"Body Slam","floor":13},{"not_picked":["Limit Break","Bludgeon"],"picked":"Barricade","floor":16},{"not_picked":["Armaments","Reckless Charge","Pommel Strike"],"picked":"SKIP","floor":18},{"not_picked":["Havoc","Second Wind+1","Infernal Blade"],"picked":"SKIP","floor":21},{"not_picked":["Combust","Sword Boomerang"],"picked":"Cleave+1","floor":22},{"not_picked":["Twin Strike","Wild Strike"],"picked":"Headbutt","floor":24},{"not_picked":["Clothesline","Havoc","Shrug It Off"],"picked":"SKIP","floor":28},{"not_picked":["Sword Boomerang+1","Dropkick"],"picked":"Demon Form","floor":29},{"not_picked":["Uppercut+1","Shockwave"],"picked":"Flame Barrier","floor":30},{"not_picked":["Bludgeon","Barricade"],"picked":"Immolate","floor":33},{"not_picked":["Spot Weakness","Sword Boomerang+1","Iron Wave+1"],"picked":"SKIP","floor":35},{"not_picked":["Second Wind","Iron Wave","Blood for Blood+1"],"picked":"SKIP","floor":37},{"not_picked":["Clothesline","Infernal Blade+1","Sword Boomerang+1"],"picked":"SKIP","floor":38},{"not_picked":["Cleave","Heavy Blade"],"picked":"Feel No Pain","floor":41},{"not_picked":["Combust+1","Hemokinesis","Twin Strike"],"picked":"SKIP","floor":42}],"player_experience":152809,"relics_obtained":[{"floor":7,"key":"Mango"},{"floor":9,"key":"Ancient Tea Set"},{"floor":26,"key":"Ornamental Fan"},{"floor":43,"key":"Bottled Lightning"}],"event_choices":[{"damage_healed":0,"gold_gain":0,"player_choice":"Ignored","damage_taken":0,"max_hp_gain":0,"max_hp_loss":0,"event_name":"Ghosts","floor":19,"gold_loss":0},{"damage_healed":0,"gold_gain":0,"player_choice":"Got Potions","damage_taken":0,"max_hp_gain":0,"max_hp_loss":0,"event_name":"Lab","floor":39,"gold_loss":0}],"is_beta":false,"boss_relics":[{"not_picked":["Orrery","Fusion Hammer"],"picked":"Cursed Key"},{"not_picked":["Runic Dome","Philosopher\u0027s Stone"],"picked":"Sozu"}],"items_purged_floors":[14,31,36],"is_endless":false,"potions_floor_spawned":[2,3,16,18,21,22,29,33,35,38,42],"killed_by":"Giant Head","ascension_level":2}