{"gold_per_floor":[115,115,65,77,95,95,120,136,136,155,172,225,325,354,354,431,431,447,447,457,457,472,472,472],"floor_reached":24,"playtime":630,"items_purged":[],"score":439,"play_id":"6ff3e5d4-5311-4a26-9772-7d16f7d4be47","local_time":"20181205152837","is_ascension_mode":true,"campfire_choices":[{"data":"Sunder","floor":6.0,"key":"SMITH"},{"floor":15,"key":"REST"},{"data":"Buffer","floor":23,"key":"SMITH"}],"neow_cost":"NONE","seed_source_timestamp":0,"circlet_count":0,"master_deck":["AscendersBane","Strike_B","Strike_B","Strike_B","Defend_B","Defend_B","Defend_B","Defend_B","Zap+1","Dualcast","Sunder+1","Ball Lightning","Hologram","Melter","Leap","Buffer+1","Conserve Battery","Echo Form","Rainbow","Defragment+1","Conserve Battery","Ball Lightning"],"special_seed":0,"relics":["Cracked Core","Singing Bowl","Turnip","Happy Flower","Peace Pipe","Nuclear Battery","Nilry\u0027s Codex"],"potions_floor_usage":[10,14,20,24,24],"damage_taken":[{"damage":0.0,"enemies":"2 Louse","floor":1.0,"turns":3.0},{"damage":0.0,"enemies":"Small Slimes","floor":4.0,"turns":2.0},{"damage":2.0,"enemies":"Jaw Worm","floor":5.0,"turns":4.0},{"damage":7.0,"enemies":"Lagavulin","floor":7.0,"turns":5.0},{"damage":9.0,"enemies":"3 Louse","floor":8.0,"turns":2.0},{"damage":30,"enemies":"Exordium Thugs","floor":10,"turns":4},{"damage":0,"enemies":"Blue Slaver","floor":11,"turns":3},{"damage":14,"enemies":"Gremlin Nob","floor":14,"turns":5},{"damage":0,"enemies":"Slime Boss","floor":16,"turns":8},{"damage":5,"enemies":"Chosen","floor":18,"turns":5},{"damage":20,"enemies":"2 Thieves","floor":20,"turns":3},{"damage":0,"enemies":"Snecko","floor":22,"turns":4},{"damage":29,"enemies":"Slavers","floor":24,"turns":1}],"seed_played":"-8108683674335620144","potions_obtained":[{"floor":1.0,"key":"Weak Potion"},{"floor":4.0,"key":"PowerPotion"},{"floor":8.0,"key":"Swift Potion"},{"floor":14,"key":"Energy Potion"},{"floor":16,"key":"EssenceOfSteel"},{"floor":18,"key":"SkillPotion"},{"floor":22,"key":"FocusPotion"}],"is_trial":false,"path_per_floor":["M","?","?","M","M","R","E","M","T","M","M","T","?","E","R","B",null,"M","?","M","?","M","R","E"],"character_chosen":"DEFECT","items_purchased":[],"campfire_rested":1,"item_purchase_floors":[],"current_hp_per_floor":[71,71,71,71,69,69,62,53,53,23,23,23,23,9,32,32,67,62,62,42,26,26,26,0],"gold":472,"neow_bonus":"TEN_PERCENT_HP_BONUS","is_prod":false,"is_daily":false,"chose_seed":false,"campfire_upgraded":2,"win_rate":0,"timestamp":1543991317,"path_taken":["M","?","?","M","M","R","E","M","T","M","M","?","?","E","R","BOSS","M","?","?","?","M","R","E"],"build_version":"2018-11-15","purchased_purges":0,"victory":false,"max_hp_per_floor":[78,78,78,78,78,78,78,78,78,78,78,78,78,78,78,78,78,78,78,78,78,78,78,78],"card_choices":[{"not_picked":["Hologram","Loop"],"picked":"Sunder","floor":1.0},{"not_picked":["Recycle","Cold Snap"],"picked":"Ball Lightning","floor":4.0},{"not_picked":["Tempest","Go for the Eyes"],"picked":"Hologram","floor":5.0},{"not_picked":["Cold Snap","Rebound"],"picked":"Melter","floor":7.0},{"not_picked":["Sunder","Turbo"],"picked":"Leap","floor":8.0},{"not_picked":["Go for the Eyes","Streamline"],"picked":"Buffer","floor":10},{"not_picked":["Darkness","Auto Shields"],"picked":"Conserve Battery","floor":11},{"not_picked":["Compile Driver","Streamline"],"picked":"Echo Form","floor":14},{"not_picked":["All For One","Machine Learning"],"picked":"Rainbow","floor":16},{"not_picked":["Go for the Eyes","Hologram"],"picked":"Defragment","floor":18},{"not_picked":["Blizzard","Cold Snap"],"picked":"Conserve Battery","floor":20},{"not_picked":["Double Energy","Auto Shields"],"picked":"Ball Lightning","floor":22}],"player_experience":934800,"relics_obtained":[{"floor":7.0,"key":"Singing Bowl"},{"floor":9.0,"key":"Turnip"},{"floor":12,"key":"Happy Flower"},{"floor":14,"key":"Peace Pipe"},{"floor":21,"key":"Nilry\u0027s Codex"}],"event_choices":[{"damage_healed":0.0,"max_hp_gain":0.0,"max_hp_loss":0.0,"gold_gain":0.0,"event_name":"Living Wall","player_choice":"Grow","floor":2.0,"gold_loss":0.0,"damage_taken":0.0,"cards_upgraded":["Zap"]},{"cards_removed":["Strike_B"],"damage_healed":0.0,"max_hp_gain":0.0,"max_hp_loss":0.0,"gold_gain":0.0,"event_name":"The Cleric","player_choice":"Card Removal","floor":3.0,"gold_loss":50.0,"damage_taken":0.0},{"damage_healed":0,"gold_gain":100,"player_choice":"Pray","damage_taken":0,"max_hp_gain":0,"max_hp_loss":0,"event_name":"Golden Shrine","floor":13,"gold_loss":0},{"damage_healed":0,"gold_gain":0,"player_choice":"Forge","damage_taken":0,"max_hp_gain":0,"max_hp_loss":0,"event_name":"Accursed Blacksmith","floor":19,"gold_loss":0,"cards_upgraded":["Defragment"]},{"damage_healed":0,"gold_gain":0,"player_choice":"Obtained Book","damage_taken":16,"max_hp_gain":0,"max_hp_loss":0,"event_name":"Cursed Tome","floor":21,"gold_loss":0}],"is_beta":false,"boss_relics":[{"not_picked":["Fusion Hammer","Cursed Key"],"picked":"Nuclear Battery"}],"items_purged_floors":[],"is_endless":false,"potions_floor_spawned":[1,4,8,14,16,18,22],"killed_by":"Slavers","ascension_level":14}