{"gold_per_floor":[17,17,192,205,205,205,237,237,237,247,276,276,296,313,313,415,415,431,341,8,8,18,18,44,44,44,59,158,158,193,217,229,342,354,384,447,459,485,513,556,74,85,165,165,165,190,190,223,223,223,223,223,12,39,39],"floor_reached":56,"playtime":3495,"items_purged":["Strike_G"],"score":1458,"play_id":"32be8c5e-53aa-4818-9710-d8ebc2ed9246","local_time":"20190213071046","is_ascension_mode":true,"campfire_choices":[{"data":"Deadly Poison","floor":6,"key":"SMITH"},{"floor":8,"key":"REST"},{"data":"Neutralize","floor":12,"key":"SMITH"},{"data":"Noxious Fumes","floor":15,"key":"SMITH"},{"floor":23,"key":"REST"},{"floor":29,"key":"REST"},{"floor":32,"key":"REST"},{"floor":47,"key":"RECALL"},{"floor":49,"key":"REST"},{"data":"Well Laid Plans","floor":52,"key":"SMITH"}],"neow_cost":"NO_GOLD","seed_source_timestamp":5079526496281249,"circlet_count":0,"master_deck":["Defend_G","Defend_G","Defend_G+1","Defend_G","Defend_G","Strike_G","Strike_G+1","Strike_G+1","Survivor","Neutralize+1","Dark Shackles","Purity","Deadly Poison+1","Masterful Stab","Crippling Poison","Sucker Punch","Flying Knee","Noxious Fumes+1","PiercingWail","Doppelganger","Leg Sweep","Necronomicurse","Dagger Spray+1","Blade Dance+1","Decay","Deflect","Dodge and Roll+1","Venomology+1","Dagger Spray+1","Cloak And Dagger+1","Jack Of All Trades+1","Mayhem+1","Apotheosis+1","Prepared+1","Malaise+1","Infinite Blades","A Thousand Cuts","Well Laid Plans+1","Blade Dance+1","Dash","Master of Strategy+1","Dodge and Roll+1","Pain","Dodge and Roll+1","Blade Dance+1","Dash","Infinite Blades"],"relics":["Ring of the Snake","Vajra","Kunai","Du-Vu Doll","White Beast Statue","Membership Card","Juzu Bracelet","Necronomicon","Bag of Marbles","Bottled Flame","Toxic Egg 2","MawBank","Cursed Key","StoneCalendar","The Courier","Centennial Puzzle","Snake Skull","Shuriken","Mummified Hand","Thread and Needle","Chemical X","Bird Faced Urn","Blood Vial"],"potions_floor_usage":[7,16,16,20,24,30,30,33,33,36,36,36,38,39,40,40,46,48,50,54,54,55],"damage_taken":[{"damage":0,"enemies":"2 Louse","floor":1,"turns":3},{"damage":1,"enemies":"Jaw Worm","floor":4,"turns":4},{"damage":20,"enemies":"Lagavulin","floor":7,"turns":6},{"damage":0,"enemies":"Small Slimes","floor":10,"turns":3},{"damage":7,"enemies":"Gremlin Nob","floor":11,"turns":4},{"damage":0,"enemies":"3 Louse","floor":13,"turns":2},{"damage":0,"enemies":"Gremlin Gang","floor":14,"turns":3},{"damage":0,"enemies":"Slime Boss","floor":16,"turns":9},{"damage":15,"enemies":"2 Thieves","floor":18,"turns":5},{"damage":5,"enemies":"3 Byrds","floor":22,"turns":5},{"damage":28,"enemies":"Slavers","floor":24,"turns":6},{"damage":18,"enemies":"Cultist and Chosen","floor":27,"turns":6},{"damage":4,"enemies":"Book of Stabbing","floor":30,"turns":5},{"damage":54,"enemies":"Champ","floor":33,"turns":15},{"damage":0,"enemies":"3 Shapes","floor":35,"turns":7},{"damage":0,"enemies":"2 Orb Walkers","floor":36,"turns":4},{"damage":0,"enemies":"3 Darklings","floor":38,"turns":2},{"damage":2,"enemies":"Writhing Mass","floor":39,"turns":6},{"damage":0,"enemies":"Giant Head","floor":40,"turns":7},{"damage":7,"enemies":"4 Shapes","floor":42,"turns":3},{"damage":5,"enemies":"Nemesis","floor":46,"turns":7},{"damage":7,"enemies":"Giant Head","floor":48,"turns":6},{"damage":46,"enemies":"Awakened One","floor":50,"turns":12},{"damage":0,"enemies":"Shield and Spear","floor":54,"turns":6},{"damage":26,"enemies":"The Heart","floor":55,"turns":10}],"seed_played":"-2383781110960714231","potions_obtained":[{"floor":4,"key":"GamblersBrew"},{"floor":10,"key":"Explosive Potion"},{"floor":11,"key":"SkillPotion"},{"floor":18,"key":"Weak Potion"},{"floor":22,"key":"LiquidBronze"},{"floor":24,"key":"Dexterity Potion"},{"floor":27,"key":"EssenceOfSteel"},{"floor":30,"key":"LiquidBronze"},{"floor":33,"key":"GhostInAJar"},{"floor":35,"key":"PowerPotion"},{"floor":36,"key":"Poison Potion"},{"floor":38,"key":"Ancient Potion"},{"floor":40,"key":"Dexterity Potion"},{"floor":54,"key":"GhostInAJar"}],"is_trial":false,"path_per_floor":["M","?","?","M","?","R","E","R","T","M","E","R","M","M","R","B",null,"M","?","$","?","M","R","E","?","T","M","?","R","E","T","R","B",null,"M","?","?","M","M","E","$","M","T","?","?","E","R","E","R","B",null,"R","$","E","B",null],"character_chosen":"THE_SILENT","items_purchased":["Membership Card","Juzu Bracelet","Fruit Juice","Infinite Blades","A Thousand Cuts","Well Laid Plans","Blade Dance+1","Dash","Centennial Puzzle","Snake Skull","Shuriken","Master of Strategy+1","Chemical X","Bird Faced Urn","Dash"],"campfire_rested":5,"item_purchase_floors":[20,20,20,41,41,41,41,41,41,41,41,41,53,53,53],"current_hp_per_floor":[70,56,56,55,48,48,28,49,49,49,42,42,42,42,42,42,70,55,55,60,44,39,61,33,33,33,15,15,37,33,33,55,1,75,75,75,65,65,63,63,63,56,56,56,56,51,51,44,66,20,75,75,75,75,59],"gold":39,"neow_bonus":"RANDOM_COLORLESS_2","is_prod":false,"is_daily":false,"chose_seed":false,"campfire_upgraded":4,"win_rate":0,"timestamp":1550059846,"path_taken":["M","?","?","M","?","R","E","R","T","M","E","R","M","M","R","BOSS","M","?","$","?","M","R","E","?","T","M","?","R","E","?","R","BOSS","M","?","?","M","M","E","$","M","T","?","?","E","R","E","R","BOSS","R","$","E","BOSS"],"build_version":"2019-02-06","purchased_purges":1,"victory":true,"max_hp_per_floor":[70,70,70,70,70,70,70,70,70,70,70,70,70,70,70,70,70,70,70,75,75,75,75,75,75,75,75,75,75,75,75,75,75,75,75,75,75,75,75,75,75,75,75,75,75,75,75,75,75,75,75,75,75,75,75],"card_choices":[{"not_picked":["Dagger Throw","Deflect"],"picked":"Deadly Poison","floor":1},{"not_picked":["Backflip","Cloak And Dagger"],"picked":"Masterful Stab","floor":4},{"not_picked":["Underhanded Strike","Prepared"],"picked":"Crippling Poison","floor":7},{"not_picked":["Concentrate","Acrobatics"],"picked":"Sucker Punch","floor":10},{"not_picked":["Bane","Blade Dance"],"picked":"Flying Knee","floor":11},{"not_picked":["PiercingWail","Backflip"],"picked":"Noxious Fumes","floor":13},{"not_picked":["Predator","Bane"],"picked":"PiercingWail","floor":14},{"not_picked":["Grand Finale","Unload"],"picked":"Doppelganger","floor":16},{"not_picked":["Predator","Poisoned Stab+1"],"picked":"Leg Sweep","floor":18},{"not_picked":["Flying Knee","Dagger Throw"],"picked":"Dagger Spray+1","floor":22},{"not_picked":["Caltrops","Flechettes"],"picked":"Blade Dance+1","floor":24},{"not_picked":["Expertise","Dagger Throw"],"picked":"Deflect","floor":27},{"not_picked":["Dagger Throw","Concentrate+1"],"picked":"Dodge and Roll+1","floor":30},{"not_picked":["Night Terror+1","Tools of the Trade"],"picked":"Venomology+1","floor":33},{"not_picked":["All Out Attack","PiercingWail+1"],"picked":"Dagger Spray+1","floor":35},{"not_picked":["Footwork","Acrobatics+1"],"picked":"Cloak And Dagger+1","floor":36},{"not_picked":["Deep Breath+1","Enlightenment+1"],"picked":"Jack Of All Trades+1","floor":37},{"not_picked":["Magnetism","The Bomb+1"],"picked":"Mayhem","floor":37},{"not_picked":["Mayhem","Dark Shackles+1"],"picked":"Apotheosis+1","floor":37},{"not_picked":["Catalyst+1","Dagger Throw"],"picked":"Prepared+1","floor":38},{"not_picked":["Dagger Throw","Choke","Quick Slash"],"picked":"SKIP","floor":39},{"not_picked":["Grand Finale","Terror+1"],"picked":"Malaise+1","floor":40},{"not_picked":["Choke","Concentrate+1"],"picked":"Dodge and Roll+1","floor":42},{"not_picked":["Deadly Poison+1","Outmaneuver+1","Dagger Spray"],"picked":"SKIP","floor":46},{"not_picked":["Quick Slash","Underhanded Strike+1"],"picked":"Blade Dance+1","floor":48},{"not_picked":["Acrobatics+1","Masterful Stab"],"picked":"Infinite Blades","floor":54}],"player_experience":4495728,"relics_obtained":[{"floor":7,"key":"Vajra"},{"floor":9,"key":"Kunai"},{"floor":11,"key":"Du-Vu Doll"},{"floor":21,"key":"Necronomicon"},{"floor":24,"key":"Bag of Marbles"},{"floor":26,"key":"Bottled Flame"},{"floor":30,"key":"Toxic Egg 2"},{"floor":31,"key":"MawBank"},{"floor":36,"key":"StoneCalendar"},{"floor":40,"key":"The Courier"},{"floor":46,"key":"Mummified Hand"},{"floor":48,"key":"Thread and Needle"},{"floor":54,"key":"Blood Vial"}],"event_choices":[{"damage_healed":0,"gold_gain":0,"player_choice":"Entered Light","damage_taken":14,"max_hp_gain":0,"max_hp_loss":0,"event_name":"Shining Light","floor":2,"gold_loss":0,"cards_upgraded":["Defend_G","Strike_G"]},{"damage_healed":0,"gold_gain":175,"player_choice":"AGREE","damage_taken":0,"max_hp_gain":0,"max_hp_loss":0,"event_name":"Liars Game","floor":3,"gold_loss":0,"cards_obtained":["Doubt"]},{"cards_removed":["Doubt"],"damage_healed":0,"gold_gain":0,"player_choice":"Card Removal","damage_taken":7,"max_hp_gain":0,"max_hp_loss":0,"event_name":"Golden Wing","floor":5,"gold_loss":0},{"cards_removed":["Strike_G"],"damage_healed":0,"gold_gain":0,"player_choice":"Upgrade and Remove","damage_taken":0,"max_hp_gain":0,"max_hp_loss":0,"event_name":"Designer","floor":19,"gold_loss":90,"cards_upgraded":["Strike_G"]},{"damage_healed":0,"gold_gain":0,"player_choice":"Obtained Book","damage_taken":16,"max_hp_gain":0,"max_hp_loss":0,"event_name":"Cursed Tome","floor":21,"gold_loss":0},{"damage_healed":0,"gold_gain":0,"player_choice":"Smashed Altar","damage_taken":0,"max_hp_gain":0,"max_hp_loss":0,"event_name":"Forgotten Altar","floor":25,"gold_loss":0,"cards_obtained":["Decay"]},{"damage_healed":0,"gold_gain":99,"player_choice":"Stole From Cult","damage_taken":0,"max_hp_gain":0,"max_hp_loss":0,"event_name":"Nest","floor":28,"gold_loss":0},{"damage_healed":0,"gold_gain":0,"player_choice":"Fight","damage_taken":0,"max_hp_gain":0,"max_hp_loss":0,"event_name":"Mysterious Sphere","floor":36,"gold_loss":0},{"damage_healed":0,"gold_gain":0,"player_choice":"Memory 3","damage_taken":10,"max_hp_gain":0,"max_hp_loss":0,"event_name":"SensoryStone","floor":37,"gold_loss":0},{"damage_healed":0,"gold_gain":0,"player_choice":"Upgraded","damage_taken":0,"max_hp_gain":0,"max_hp_loss":0,"event_name":"Upgrade Shrine","floor":44,"gold_loss":0,"cards_upgraded":["Mayhem"]},{"damage_healed":0,"gold_gain":0,"player_choice":"1 cards matched","damage_taken":0,"max_hp_gain":0,"max_hp_loss":0,"event_name":"Match and Keep!","floor":45,"gold_loss":0,"cards_obtained":["Dodge and Roll"]}],"is_beta":true,"boss_relics":[{"not_picked":["Coffee Dripper","HoveringKite"],"picked":"White Beast Statue"},{"not_picked":["Ring of the Serpent","Pandora\u0027s Box"],"picked":"Cursed Key"}],"items_purged_floors":[41],"is_endless":false,"potions_floor_spawned":[4,10,11,18,22,24,27,30,33,35,36,38,39,40,42,46,48,54],"ascension_level":1}