{"gold_per_floor":[117,134,134,134,148,181,181,18,41,76,106,106,117,149,149,222,222,240,253,67,81,97,97,97,97,97,124,124,159,2,20,20,20],"floor_reached":33,"playtime":1253,"items_purged":[],"score":656,"play_id":"ed514913-968a-48c9-afcc-d131b8190644","local_time":"20190206135400","is_ascension_mode":true,"campfire_choices":[{"floor":7.0,"key":"REST"},{"floor":12.0,"key":"REST"},{"data":"Disarm","floor":15,"key":"SMITH"},{"data":"Perfected Strike","floor":23,"key":"SMITH"},{"data":"Flame Barrier","floor":24,"key":"SMITH"},{"data":"Shockwave","floor":25,"key":"SMITH"},{"data":"Offering","floor":28,"key":"SMITH"},{"data":"Uppercut","floor":32,"key":"SMITH"}],"neow_cost":"NONE","seed_source_timestamp":2348727612992919,"circlet_count":0,"master_deck":["AscendersBane","Strike_R","Strike_R","Strike_R","Strike_R","Strike_R","Defend_R","Defend_R","Defend_R","Perfected Strike+1","Spot Weakness","Flame Barrier+1","Disarm+1","Perfected Strike+1","Shrug It Off","Offering+1","Armaments+1","Hemokinesis+1","Fiend Fire+1","Shockwave+1","True Grit","Reaper","Swift Strike","Sword Boomerang","Spot Weakness+1","Reaper","Limit Break+1","Shrug It Off+1","Enlightenment+1","Uppercut+1"],"special_seed":0,"relics":["Burning Blood","NeowsBlessing","Ancient Tea Set","WingedGreaves","Pen Nib","Bronze Scales","Pantograph","PreservedInsect","Astrolabe","Toxic Egg 2","Omamori","Paper Frog"],"potions_floor_usage":[14,16,21,21,27],"damage_taken":[{"damage":0.0,"enemies":"Jaw Worm","floor":1.0,"turns":1.0},{"damage":0.0,"enemies":"Small Slimes","floor":2.0,"turns":1.0},{"damage":0.0,"enemies":"2 Louse","floor":5.0,"turns":1.0},{"damage":20.0,"enemies":"Lagavulin","floor":6.0,"turns":9.0},{"damage":17.0,"enemies":"3 Sentries","floor":10.0,"turns":5.0},{"damage":0.0,"enemies":"Large Slime","floor":13.0,"turns":4.0},{"damage":20,"enemies":"Gremlin Nob","floor":14,"turns":4},{"damage":22,"enemies":"The Guardian","floor":16,"turns":16},{"damage":19,"enemies":"Chosen","floor":18,"turns":7},{"damage":14,"enemies":"Shell Parasite","floor":19,"turns":6},{"damage":16,"enemies":"Snake Plant","floor":21,"turns":3},{"damage":20,"enemies":"Snecko","floor":22,"turns":4},{"damage":6,"enemies":"Book of Stabbing","floor":27,"turns":2},{"damage":45,"enemies":"Gremlin Leader","floor":29,"turns":6},{"damage":9,"enemies":"Centurion and Healer","floor":31,"turns":4},{"damage":185,"enemies":"Collector","floor":33,"turns":10}],"seed_played":"7194819006258281158","potions_obtained":[{"floor":2.0,"key":"EssenceOfSteel"},{"floor":6.0,"key":"PowerPotion"},{"floor":10.0,"key":"SpeedPotion"},{"floor":13.0,"key":"Block Potion"},{"floor":18,"key":"Ancient Potion"},{"floor":19,"key":"SteroidPotion"},{"floor":22,"key":"Dexterity Potion"}],"is_trial":false,"path_per_floor":["M","M","?","?","M","E","R","$","T","E","?","R","M","E","R","B",null,"M","M","$","M","M","R","R","R","T","E","R","E","$","M","R","B"],"character_chosen":"IRONCLAD","items_purchased":["Pen Nib","Reaper","Swift Strike","Shrug It Off+1","Enlightenment+1"],"campfire_rested":2,"item_purchase_floors":[8,20,20,30,30],"current_hp_per_floor":[74,75,75,19,25,11,33,33,33,22,22,44,50,36,36,45,68,55,47,47,64,57,57,57,57,57,57,57,75,75,75,75,0],"gold":20,"neow_bonus":"THREE_ENEMY_KILL","is_prod":false,"is_daily":false,"chose_seed":false,"campfire_upgraded":6,"win_rate":0,"timestamp":1549479240,"path_taken":["M","M","?","?","M","E","R","$","T","E","?","R","M","E","R","BOSS","M","M","$","M","M","R","R","R","T","E","R","E","$","M","R","BOSS"],"build_version":"2019-01-23","purchased_purges":0,"victory":false,"max_hp_per_floor":[75,75,75,75,75,75,75,75,75,75,75,75,75,75,75,75,75,75,75,75,75,75,75,75,75,75,75,75,75,75,75,75,75],"card_choices":[{"not_picked":["Pommel Strike","Ghostly Armor"],"picked":"Perfected Strike","floor":1.0},{"not_picked":["Combust","Dropkick"],"picked":"Spot Weakness","floor":2.0},{"not_picked":["Shrug It Off","Ghostly Armor"],"picked":"Flame Barrier","floor":5.0},{"not_picked":["Warcry","Blood for Blood"],"picked":"Rage","floor":6.0},{"not_picked":["Seeing Red","Clothesline"],"picked":"Disarm","floor":10.0},{"not_picked":["Burning Pact","True Grit"],"picked":"Perfected Strike","floor":13.0},{"not_picked":["Intimidate","Reckless Charge"],"picked":"Shrug It Off","floor":14},{"not_picked":["Exhume","Demon Form"],"picked":"Offering","floor":16},{"not_picked":["Dropkick","Armaments"],"picked":"Shockwave","floor":18},{"not_picked":["Wild Strike","Body Slam"],"picked":"True Grit","floor":19},{"not_picked":["Clothesline","Flex"],"picked":"Sword Boomerang","floor":21},{"not_picked":["Iron Wave","Clash"],"picked":"Spot Weakness+1","floor":22},{"not_picked":["Rampage","Rupture"],"picked":"Reaper","floor":27},{"not_picked":["Second Wind+1","Wild Strike"],"picked":"Limit Break+1","floor":29},{"not_picked":["Sever Soul","Body Slam"],"picked":"Uppercut","floor":31}],"player_experience":883010,"relics_obtained":[{"floor":6.0,"key":"WingedGreaves"},{"floor":9.0,"key":"Bronze Scales"},{"floor":10.0,"key":"Pantograph"},{"floor":14,"key":"PreservedInsect"},{"floor":26,"key":"Toxic Egg 2"},{"floor":27,"key":"Omamori"},{"floor":29,"key":"Paper Frog"}],"event_choices":[{"damage_healed":0.0,"max_hp_gain":0.0,"max_hp_loss":0.0,"gold_gain":0.0,"event_name":"Living Wall","player_choice":"Grow","floor":3.0,"gold_loss":0.0,"damage_taken":0.0,"cards_upgraded":["Perfected Strike"]},{"damage_healed":0.0,"max_hp_gain":0.0,"max_hp_loss":0.0,"gold_gain":0.0,"event_name":"Scrap Ooze","player_choice":"Success","floor":4.0,"gold_loss":0.0,"damage_taken":56.0,"relics_obtained":["Ancient Tea Set"]},{"damage_healed":0.0,"max_hp_gain":0.0,"max_hp_loss":0.0,"gold_gain":30.0,"event_name":"Dead Adventurer","player_choice":"Searched \u00272\u0027 times","floor":11.0,"gold_loss":0.0,"damage_taken":0.0}],"is_beta":false,"boss_relics":[{"not_picked":["Lizard Tail","Runic Dome"],"picked":"Astrolabe"}],"items_purged_floors":[],"is_endless":false,"potions_floor_spawned":[2,6,10,13,18,19,22],"killed_by":"Collector","ascension_level":20}