{"gold_per_floor":[119,194,207,207,222,222,279,279,306,306,321,334,334],"floor_reached":13,"playtime":272,"items_purged":[],"score":170,"play_id":"c51c6c69-b5d7-42ea-b3dc-5ee5dfdd4bac","local_time":"20190120001330","is_ascension_mode":true,"campfire_choices":[{"data":"Zap","floor":6,"key":"SMITH"},{"data":"Beam Cell","floor":8,"key":"SMITH"}],"neow_cost":"NONE","seed_source_timestamp":770639625830100,"circlet_count":0,"master_deck":["AscendersBane","Strike_B","Strike_B","Strike_B","Strike_B","Defend_B","Defend_B","Defend_B","Defend_B","Zap+1","Dualcast","FTL","Ball Lightning","Conserve Battery","Beam Cell+1","Genetic Algorithm","Stack"],"relics":["Cracked Core","Vajra","Tiny Chest","Strawberry"],"potions_floor_usage":[5,7],"damage_taken":[{"damage":2,"enemies":"Jaw Worm","floor":1,"turns":4},{"damage":0,"enemies":"Cultist","floor":3,"turns":2},{"damage":0,"enemies":"Small Slimes","floor":5,"turns":1},{"damage":15,"enemies":"3 Sentries","floor":7,"turns":5},{"damage":6,"enemies":"Blue Slaver","floor":11,"turns":3},{"damage":9,"enemies":"3 Louse","floor":12,"turns":2},{"damage":29,"enemies":"Gremlin Nob","floor":13,"turns":3}],"seed_played":"-5558261863349077915","potions_obtained":[{"floor":1,"key":"Dexterity Potion"},{"floor":3,"key":"Explosive Potion"},{"floor":4,"key":"Fire Potion"}],"is_trial":false,"path_per_floor":["M","?","M","?","M","R","E","R","T","?","M","M","E"],"character_chosen":"DEFECT","items_purchased":[],"campfire_rested":0,"item_purchase_floors":[],"current_hp_per_floor":[62,51,51,51,51,51,36,36,43,43,37,28,0],"gold":334,"neow_bonus":"RANDOM_COMMON_RELIC","is_prod":false,"is_daily":false,"chose_seed":false,"campfire_upgraded":2,"win_rate":0,"timestamp":1547910810,"path_taken":["M","?","M","?","?","R","E","R","T","?","M","M","E"],"build_version":"2019-01-17v2","purchased_purges":0,"victory":false,"max_hp_per_floor":[71,71,71,71,71,71,71,71,78,78,78,78,78],"card_choices":[{"not_picked":["Capacitor","BootSequence"],"picked":"FTL","floor":1},{"not_picked":["Consume","Redo"],"picked":"Ball Lightning","floor":3},{"not_picked":["Leap","Stack"],"picked":"Conserve Battery","floor":5},{"not_picked":["Double Energy","Coolheaded"],"picked":"Beam Cell","floor":7},{"not_picked":["Gash","Stack"],"picked":"Genetic Algorithm","floor":11},{"not_picked":["Go for the Eyes","Compile Driver"],"picked":"Stack","floor":12}],"player_experience":1054237,"relics_obtained":[{"floor":7,"key":"Tiny Chest"},{"floor":9,"key":"Strawberry"}],"event_choices":[{"damage_healed":0,"gold_gain":75,"player_choice":"Gather Gold","damage_taken":11,"max_hp_gain":0,"max_hp_loss":0,"event_name":"World of Goop","floor":2,"gold_loss":0},{"damage_healed":0,"gold_gain":0,"player_choice":"Got Potions","damage_taken":0,"max_hp_gain":0,"max_hp_loss":0,"event_name":"Lab","floor":4,"gold_loss":0},{"damage_healed":0,"gold_gain":0,"player_choice":"Ignored","damage_taken":0,"max_hp_gain":0,"max_hp_loss":0,"event_name":"Liars Game","floor":10,"gold_loss":0}],"is_beta":false,"boss_relics":[],"items_purged_floors":[],"is_endless":false,"potions_floor_spawned":[1,3],"killed_by":"Gremlin Nob","ascension_level":20}