{"gold_per_floor":[116,116,291,291,308,343,343,368,392,404,404,437,12,28,28,28],"floor_reached":16,"playtime":798,"items_purged":[],"score":153,"play_id":"b115a2b3-b5f4-426c-bdf8-fad24499a041","local_time":"20190216124820","is_ascension_mode":true,"campfire_choices":[{"data":"Burst","floor":7,"key":"SMITH"},{"data":"Neutralize","floor":11,"key":"SMITH"},{"data":"Accuracy","floor":15,"key":"SMITH"}],"neow_cost":"NONE","seed_source_timestamp":45981335884081,"circlet_count":0,"master_deck":["Defend_G","Defend_G","Defend_G+1","Defend_G","Strike_G","Strike_G","Strike_G+1","Strike_G","Strike_G","Survivor","Neutralize+1","Flying Knee","Blade Dance","Doubt","Dagger Spray","Burst+1","Deflect","Adrenaline","Cloak And Dagger","Accuracy+1","Accuracy","Slice"],"relics":["Ring of the Snake","NeowsBlessing","Kunai","Odd Mushroom","Centennial Puzzle","Letter Opener","DollysMirror","Regal Pillow"],"potions_floor_usage":[16,16,16],"damage_taken":[{"damage":0,"enemies":"Small Slimes","floor":1,"turns":1},{"damage":0,"enemies":"Jaw Worm","floor":5,"turns":1},{"damage":0,"enemies":"Gremlin Nob","floor":6,"turns":1},{"damage":10,"enemies":"The Mushroom Lair","floor":8,"turns":5},{"damage":0,"enemies":"2 Louse","floor":10,"turns":3},{"damage":18,"enemies":"Lagavulin","floor":12,"turns":7},{"damage":0,"enemies":"Blue Slaver","floor":14,"turns":3},{"damage":30,"enemies":"Slime Boss","floor":16,"turns":8}],"seed_played":"-7758314566955395613","potions_obtained":[{"floor":6,"key":"Dexterity Potion"},{"floor":10,"key":"Swift Potion"},{"floor":12,"key":"Ancient Potion"}],"is_trial":false,"path_per_floor":["M","?","?","?","M","E","R","?","T","M","R","E","$","M","R","B"],"character_chosen":"THE_SILENT","items_purchased":["Accuracy","DollysMirror","Regal Pillow"],"campfire_rested":0,"item_purchase_floors":[13,13,13],"current_hp_per_floor":[70,70,70,56,56,56,56,46,46,46,46,28,28,28,28,0],"gold":28,"neow_bonus":"THREE_ENEMY_KILL","is_prod":false,"is_daily":false,"chose_seed":false,"campfire_upgraded":3,"win_rate":0,"timestamp":1550350100,"path_taken":["M","?","?","?","M","E","R","?","T","M","R","E","$","?","R","BOSS"],"build_version":"2019-01-23","purchased_purges":0,"victory":false,"max_hp_per_floor":[70,70,70,70,70,70,70,70,70,70,70,70,70,70,70,70],"card_choices":[{"not_picked":["Deadly Poison","Underhanded Strike"],"picked":"Flying Knee","floor":1},{"not_picked":["Bouncing Flask","Bane"],"picked":"Dagger Spray","floor":5},{"not_picked":["Sucker Punch","Prepared"],"picked":"Burst","floor":6},{"not_picked":["Deadly Poison","Outmaneuver"],"picked":"Deflect","floor":8},{"not_picked":["Dodge and Roll","Quick Slash"],"picked":"Adrenaline","floor":10},{"not_picked":["PiercingWail","Heel Hook"],"picked":"Cloak And Dagger","floor":12},{"not_picked":["Prepared","Dodge and Roll"],"picked":"Slice","floor":14}],"player_experience":169471,"relics_obtained":[{"floor":6,"key":"Kunai"},{"floor":8,"key":"Odd Mushroom"},{"floor":9,"key":"Centennial Puzzle"},{"floor":12,"key":"Letter Opener"}],"event_choices":[{"damage_healed":0,"gold_gain":0,"cards_transformed":["Defend_G"],"player_choice":"Change","damage_taken":0,"max_hp_gain":0,"max_hp_loss":0,"event_name":"Living Wall","floor":2,"gold_loss":0,"cards_obtained":["Blade Dance"]},{"damage_healed":0,"gold_gain":175,"player_choice":"AGREE","damage_taken":0,"max_hp_gain":0,"max_hp_loss":0,"event_name":"Liars Game","floor":3,"gold_loss":0,"cards_obtained":["Doubt"]},{"damage_healed":0,"gold_gain":0,"player_choice":"Entered Light","damage_taken":14,"max_hp_gain":0,"max_hp_loss":0,"event_name":"Shining Light","floor":4,"gold_loss":0,"cards_upgraded":["Defend_G","Strike_G"]},{"damage_healed":0,"gold_gain":0,"player_choice":"Fought Mushrooms","damage_taken":0,"max_hp_gain":0,"max_hp_loss":0,"event_name":"Mushrooms","floor":8,"gold_loss":0}],"is_beta":false,"boss_relics":[],"items_purged_floors":[],"is_endless":false,"potions_floor_spawned":[6,10,12],"killed_by":"Slime Boss","ascension_level":3}