{"gold_per_floor":[367,382,382,406,406,406,356,356,356,372,9,48,67,86,86,209,209,149,149,25,25,25,25,25,25,25,25,25,25,25,25,25,25,25,25,25,25,25,25,25,25,25,25,25,25,25,25,25,25,25,25,25,0,0,0],"floor_reached":56,"playtime":5426,"items_purged":["Strike_G","Defend_G"],"score":1768,"play_id":"e08ced80-15f5-445f-84a5-b8b192f133b4","local_time":"20190114061932","is_ascension_mode":true,"campfire_choices":[{"data":"Well Laid Plans","floor":6,"key":"SMITH"},{"data":"Sucker Punch","floor":15,"key":"SMITH"},{"data":"Neutralize","floor":29,"key":"SMITH"},{"data":"Dagger Spray","floor":32,"key":"SMITH"},{"floor":42,"key":"RECALL"},{"data":"Footwork","floor":49,"key":"SMITH"},{"data":"Survivor","floor":52,"key":"SMITH"}],"neow_cost":"TEN_PERCENT_HP_LOSS","seed_source_timestamp":2482923304553887,"circlet_count":0,"master_deck":["Defend_G","Defend_G","Defend_G","Defend_G","Strike_G","Strike_G","Strike_G","Survivor+1","Neutralize+1","Sucker Punch+1","Well Laid Plans+1","Dagger Spray+1","Bouncing Flask+1","Backflip+1","Bouncing Flask+1","Burst+1","Deflect+1","PiercingWail+1","Venomology+1","Dodge and Roll+1","Backflip+1","Shame","Deadly Poison+1","Leg Sweep+1","PiercingWail+1","Crippling Poison+1","Outmaneuver+1","Malaise+1","Dagger Spray+1","Backflip+1","Noxious Fumes+1","Footwork+1","Prepared+1","Acrobatics+1","Heel Hook+1","Blur+1","Backflip+1","Envenom"],"relics":["Ring of the Snake","Golden Idol","Toxic Egg 2","Vajra","Membership Card","Oddly Smooth Stone","Ornamental Fan","Ectoplasm","Juzu Bracelet","Centennial Puzzle","Tingsha","Dodecahedron","Meat on the Bone","Ninja Scroll","Bronze Scales","Snake Skull","Orichalcum","Nilry\u0027s Codex","Red Mask","Coffee Dripper","Old Coin","Boot","Dream Catcher","Happy Flower","Lantern","Art of War"],"potions_floor_usage":[14,18,18,19,22,22,22,23,23,25,25,33,33,33,33,35,35,36,37,37,39,39,40,40,44,50,50,55,55,55,55],"damage_taken":[{"damage":0,"enemies":"Small Slimes","floor":1,"turns":5},{"damage":0,"enemies":"2 Louse","floor":2,"turns":2},{"damage":0,"enemies":"Cultist","floor":4,"turns":4},{"damage":7,"enemies":"3 Louse","floor":10,"turns":3},{"damage":11,"enemies":"Gremlin Nob","floor":12,"turns":4},{"damage":0,"enemies":"2 Fungi Beasts","floor":13,"turns":3},{"damage":0,"enemies":"Gremlin Gang","floor":14,"turns":1},{"damage":0,"enemies":"The Guardian","floor":16,"turns":7},{"damage":2,"enemies":"2 Thieves","floor":18,"turns":4},{"damage":0,"enemies":"Shell Parasite","floor":19,"turns":3},{"damage":0,"enemies":"Colosseum Slavers","floor":22,"turns":4},{"damage":36,"enemies":"Colosseum Nobs","floor":22,"turns":4},{"damage":0,"enemies":"Book of Stabbing","floor":23,"turns":5},{"damage":1,"enemies":"Centurion and Healer","floor":24,"turns":6},{"damage":1,"enemies":"Slavers","floor":25,"turns":6},{"damage":0,"enemies":"Gremlin Leader","floor":27,"turns":6},{"damage":0,"enemies":"Masked Bandits","floor":31,"turns":4},{"damage":0,"enemies":"Collector","floor":33,"turns":6},{"damage":1,"enemies":"Orb Walker","floor":35,"turns":2},{"damage":0,"enemies":"2 Orb Walkers","floor":36,"turns":4},{"damage":0,"enemies":"3 Darklings","floor":37,"turns":5},{"damage":5,"enemies":"Maw","floor":38,"turns":5},{"damage":0,"enemies":"Transient","floor":39,"turns":5},{"damage":4,"enemies":"Reptomancer","floor":40,"turns":7},{"damage":2,"enemies":"Spire Growth","floor":41,"turns":3},{"damage":0,"enemies":"Nemesis","floor":44,"turns":5},{"damage":0,"enemies":"3 Darklings","floor":45,"turns":3},{"damage":0,"enemies":"Giant Head","floor":46,"turns":7},{"damage":0,"enemies":"Reptomancer","floor":48,"turns":5},{"damage":0,"enemies":"Donu and Deca","floor":50,"turns":7},{"damage":3,"enemies":"Shield and Spear","floor":54,"turns":5},{"damage":30,"enemies":"The Heart","floor":55,"turns":9}],"seed_played":"4003098521503586897","potions_obtained":[{"floor":10,"key":"Explosive Potion"},{"floor":12,"key":"Strength Potion"},{"floor":13,"key":"GhostInAJar"},{"floor":16,"key":"Regen Potion"},{"floor":18,"key":"Explosive Potion"},{"floor":27,"key":"GhostInAJar"},{"floor":33,"key":"Explosive Potion"},{"floor":35,"key":"EssenceOfSteel"},{"floor":40,"key":"Poison Potion"},{"floor":44,"key":"GhostInAJar"}],"is_trial":false,"path_per_floor":["M","M","?","M","?","R","?","?","T","M","$","E","M","M","R","B",null,"M","M","$","?","?","E","M","E","T","E","?","R","?","?","R","B",null,"M","?","M","M","M","E","M","R","T","E","M","E","?","E","R","B",null,"R","$","E","B",null],"character_chosen":"THE_SILENT","items_purchased":["Membership Card","Oddly Smooth Stone","Bouncing Flask+1","Juzu Bracelet","Dexterity Potion"],"campfire_rested":0,"item_purchase_floors":[11,11,11,20,53],"current_hp_per_floor":[63,63,58,58,40,40,40,40,40,33,33,22,22,22,22,22,58,56,56,56,56,20,35,34,33,33,33,33,33,17,29,29,41,58,57,57,57,52,52,58,56,56,56,56,56,56,55,55,55,55,55,55,55,52,34],"gold":0,"neow_bonus":"TWO_FIFTY_GOLD","is_prod":false,"is_daily":false,"chose_seed":false,"campfire_upgraded":6,"win_rate":0,"timestamp":1547464772,"path_taken":["M","M","?","M","?","R","?","?","T","M","$","E","M","?","R","BOSS","M","M","$","?","?","E","M","E","T","E","?","R","?","?","R","BOSS","M","?","M","M","M","E","M","R","T","E","M","E","?","E","R","BOSS","R","$","E","BOSS"],"build_version":"2019-01-10","purchased_purges":2,"victory":true,"max_hp_per_floor":[63,63,58,58,58,58,58,58,58,58,58,58,58,58,58,58,58,58,58,58,58,58,58,58,58,58,58,58,58,58,58,58,58,58,58,58,58,58,58,58,58,58,58,58,58,58,55,55,55,55,55,55,55,55,55],"card_choices":[{"not_picked":["Acrobatics","Cloak And Dagger"],"picked":"Sucker Punch","floor":1},{"not_picked":["Predator","Endless Agony"],"picked":"Well Laid Plans","floor":2},{"not_picked":["Bane","Flying Knee"],"picked":"Dagger Spray","floor":4},{"not_picked":["All Out Attack","Bouncing Flask+1"],"picked":"Backflip+1","floor":10},{"not_picked":["Dodge and Roll+1","All Out Attack"],"picked":"Burst+1","floor":12},{"not_picked":["Blade Dance+1","Acrobatics+1"],"picked":"Deflect+1","floor":13},{"not_picked":["Poisoned Stab","Infinite Blades"],"picked":"PiercingWail+1","floor":14},{"not_picked":["Phantasmal Killer+1","After Image"],"picked":"Venomology+1","floor":16},{"not_picked":["Tactician+1","Outmaneuver+1"],"picked":"Dodge and Roll+1","floor":18},{"not_picked":["Masterful Stab+1","Outmaneuver+1"],"picked":"Backflip+1","floor":19},{"not_picked":["Deflect+1","Setup+1"],"picked":"Deadly Poison+1","floor":22},{"not_picked":["PiercingWail+1","Caltrops"],"picked":"Leg Sweep+1","floor":23},{"not_picked":["Bane","Dash"],"picked":"PiercingWail+1","floor":24},{"not_picked":["Finisher","Concentrate+1","Dagger Throw"],"picked":"SKIP","floor":25},{"not_picked":["Slice","Underhanded Strike"],"picked":"Crippling Poison+1","floor":27},{"not_picked":["Dagger Spray","Reflex+1"],"picked":"Outmaneuver+1","floor":31},{"not_picked":["Doppelganger+1","Burst+1"],"picked":"Malaise+1","floor":33},{"not_picked":["All Out Attack+1","Prepared+1"],"picked":"Dagger Spray+1","floor":35},{"not_picked":["Cloak And Dagger+1","Dagger Spray"],"picked":"Backflip+1","floor":36},{"not_picked":["Quick Slash+1","PiercingWail+1"],"picked":"Noxious Fumes+1","floor":37},{"not_picked":["Slice","Blade Dance+1"],"picked":"Footwork","floor":38},{"not_picked":["Infinite Blades+1","Crippling Poison+1","Quick Slash+1"],"picked":"SKIP","floor":39},{"not_picked":["Bane+1","Infinite Blades+1","Sucker Punch+1"],"picked":"SKIP","floor":40},{"not_picked":["Noxious Fumes","Blade Dance+1"],"picked":"Prepared+1","floor":41},{"not_picked":["Riddle With Holes+1","Bouncing Flask+1"],"picked":"Acrobatics+1","floor":44},{"not_picked":["Night Terror+1","Outmaneuver+1"],"picked":"Heel Hook+1","floor":45},{"not_picked":["Caltrops+1","Reflex+1"],"picked":"Blur+1","floor":46},{"not_picked":["Deadly Poison+1","Reflex+1"],"picked":"Backflip+1","floor":48},{"not_picked":["Quick Slash+1","Accuracy+1"],"picked":"Envenom","floor":54}],"player_experience":4069876,"relics_obtained":[{"floor":9,"key":"Vajra"},{"floor":12,"key":"Ornamental Fan"},{"floor":22,"key":"Tingsha"},{"floor":22,"key":"Dodecahedron"},{"floor":23,"key":"Meat on the Bone"},{"floor":25,"key":"Ninja Scroll"},{"floor":26,"key":"Bronze Scales"},{"floor":27,"key":"Snake Skull"},{"floor":30,"key":"Nilry\u0027s Codex"},{"floor":31,"key":"Red Mask"},{"floor":36,"key":"Old Coin"},{"floor":40,"key":"Boot"},{"floor":44,"key":"Dream Catcher"},{"floor":46,"key":"Happy Flower"},{"floor":48,"key":"Lantern"},{"floor":54,"key":"Art of War"}],"event_choices":[{"damage_healed":0,"gold_gain":0,"player_choice":"Lose Max HP","damage_taken":0,"relics_obtained":["Golden Idol"],"max_hp_gain":0,"max_hp_loss":5,"event_name":"Golden Idol","floor":3,"gold_loss":0},{"damage_healed":0,"gold_gain":0,"player_choice":"Success","damage_taken":18,"relics_obtained":["Toxic Egg 2"],"max_hp_gain":0,"max_hp_loss":0,"event_name":"Scrap Ooze","floor":5,"gold_loss":0},{"cards_removed":["Strike_G"],"damage_healed":0,"gold_gain":0,"player_choice":"Card Removal","damage_taken":0,"max_hp_gain":0,"max_hp_loss":0,"event_name":"The Cleric","floor":7,"gold_loss":50},{"damage_healed":0,"gold_gain":0,"player_choice":"1 cards matched","damage_taken":0,"max_hp_gain":0,"max_hp_loss":0,"event_name":"Match and Keep!","floor":8,"gold_loss":0,"cards_obtained":["Bouncing Flask"]},{"damage_healed":0,"gold_gain":0,"player_choice":"Stole Relic","damage_taken":0,"relics_obtained":["Centennial Puzzle"],"max_hp_gain":0,"max_hp_loss":0,"event_name":"Addict","floor":21,"gold_loss":0,"cards_obtained":["Shame"]},{"damage_healed":0,"gold_gain":0,"player_choice":"Fight","damage_taken":0,"max_hp_gain":0,"max_hp_loss":0,"event_name":"Colosseum","floor":22,"gold_loss":0},{"damage_healed":0,"gold_gain":0,"player_choice":"Fought Nobs","damage_taken":0,"max_hp_gain":0,"max_hp_loss":0,"event_name":"Colosseum","floor":22,"gold_loss":0},{"damage_healed":0,"gold_gain":0,"player_choice":"Gave Potion","damage_taken":0,"relics_obtained":["Orichalcum"],"max_hp_gain":0,"max_hp_loss":0,"event_name":"WeMeetAgain","floor":28,"gold_loss":0},{"damage_healed":0,"gold_gain":0,"player_choice":"Obtained Book","damage_taken":16,"max_hp_gain":0,"max_hp_loss":0,"event_name":"Cursed Tome","floor":30,"gold_loss":0},{"damage_healed":0,"gold_gain":0,"player_choice":"Fought Bandits","damage_taken":0,"max_hp_gain":0,"max_hp_loss":0,"event_name":"Masked Bandits","floor":31,"gold_loss":0},{"damage_healed":0,"gold_gain":0,"player_choice":"Fight","damage_taken":0,"max_hp_gain":0,"max_hp_loss":0,"event_name":"Mysterious Sphere","floor":36,"gold_loss":0},{"damage_healed":0,"gold_gain":0,"player_choice":"Max HP","damage_taken":0,"max_hp_gain":0,"max_hp_loss":3,"event_name":"Winding Halls","floor":47,"gold_loss":0}],"is_beta":true,"boss_relics":[{"not_picked":["Eternal Feather","Sozu"],"picked":"Ectoplasm"},{"not_picked":["Empty Cage","Lizard Tail"],"picked":"Coffee Dripper"}],"items_purged_floors":[11,20],"is_endless":false,"potions_floor_spawned":[10,12,13,16,18,19,27,33,35,40,44,45,48],"ascension_level":1}