{"gold_per_floor":[212,2,2,22,88,88,115,115,164,164,164,197,208,80,80,152,152,170,170,5,5,5,30,30,61,61,71,71,71,84,104,104,104],"floor_reached":33,"playtime":1023,"items_purged":["Strike_R","Strike_R"],"score":578,"play_id":"7074989f-2afa-4db4-ade6-92e946138e8d","local_time":"20190205102732","is_ascension_mode":true,"campfire_choices":[{"data":"Combust","floor":6.0,"key":"SMITH"},{"data":"Bash","floor":8.0,"key":"SMITH"},{"data":"Hemokinesis","floor":11,"key":"SMITH"},{"data":"Heavy Blade","floor":15,"key":"SMITH"},{"floor":24,"key":"REST"},{"data":"True Grit","floor":29,"key":"SMITH"},{"floor":32,"key":"REST"}],"neow_cost":"NONE","seed_source_timestamp":2250400003111253,"circlet_count":0,"master_deck":["AscendersBane","Strike_R+1","Strike_R+1","Strike_R+1","Defend_R+1","Defend_R+1","Defend_R+1","Defend_R+1","Bash+1","Thunderclap","Combust+1","Hemokinesis+1","Demon Form+1","Bloodletting","True Grit+1","Heavy Blade+1","Offering","Power Through","Dual Wield+1","Offering"],"special_seed":0,"relics":["Burning Blood","Matryoshka","Lantern","Bottled Tornado","Anchor","Snecko Eye","Pen Nib","Self Forming Clay","Sundial","Orichalcum","The Courier"],"potions_floor_usage":[16,23,25],"damage_taken":[{"damage":4.0,"enemies":"Jaw Worm","floor":1.0,"turns":5.0},{"damage":1.0,"enemies":"Small Slimes","floor":4.0,"turns":2.0},{"damage":32.0,"enemies":"3 Sentries","floor":7.0,"turns":7.0},{"damage":11,"enemies":"Gremlin Nob","floor":12,"turns":3},{"damage":2,"enemies":"Cultist","floor":13,"turns":2},{"damage":42,"enemies":"Slime Boss","floor":16,"turns":6},{"damage":7,"enemies":"Spheric Guardian","floor":18,"turns":3},{"damage":37,"enemies":"Book of Stabbing","floor":23,"turns":4},{"damage":14,"enemies":"Slavers","floor":25,"turns":4},{"damage":12,"enemies":"2 Thieves","floor":27,"turns":3},{"damage":16,"enemies":"Centurion and Healer","floor":30,"turns":4},{"damage":18,"enemies":"Sentry and Sphere","floor":31,"turns":3},{"damage":62,"enemies":"Collector","floor":33,"turns":5}],"seed_played":"-8255913125737441514","potions_obtained":[{"floor":7.0,"key":"Dexterity Potion"},{"floor":13,"key":"SteroidPotion"},{"floor":18,"key":"Poison Potion"}],"is_trial":false,"path_per_floor":["M","$","?","M","?","R","E","R","T","?","R","E","M","$","R","B",null,"M","?","$","?","$","E","R","E","T","M","?","R","M","M","R","B"],"character_chosen":"IRONCLAD","items_purchased":["Combust","Fire Potion","Heavy Blade","Pen Nib"],"campfire_rested":2,"item_purchase_floors":[2,2,14,20],"current_hp_per_floor":[70,70,70,75,75,75,49,49,49,49,49,44,48,48,48,12,59,58,58,58,58,58,27,49,41,41,35,50,50,40,28,50,0],"gold":104,"neow_bonus":"HUNDRED_GOLD","is_prod":false,"is_daily":false,"chose_seed":false,"campfire_upgraded":5,"win_rate":0,"timestamp":1549380452,"path_taken":["M","$","?","M","?","R","E","R","T","?","R","E","M","$","R","BOSS","M","?","?","?","$","E","R","E","T","M","?","R","M","M","R","BOSS"],"build_version":"2019-01-23","purchased_purges":2,"victory":false,"max_hp_per_floor":[75,75,75,75,75,75,75,75,75,75,75,75,75,75,75,75,75,75,75,75,75,75,75,75,75,75,75,75,75,75,75,75,75],"card_choices":[{"not_picked":["Dual Wield","Seeing Red"],"picked":"Thunderclap","floor":1.0},{"not_picked":["Body Slam","Combust"],"picked":"Hemokinesis","floor":4.0},{"not_picked":["Havoc","Carnage"],"picked":"Demon Form","floor":7.0},{"not_picked":["Carnage","Clothesline"],"picked":"Bloodletting","floor":12},{"not_picked":["Heavy Blade","Barricade"],"picked":"True Grit","floor":13},{"not_picked":["Limit Break","Demon Form"],"picked":"Offering","floor":16},{"not_picked":["Fire Breathing","Pommel Strike","Rampage"],"picked":"SKIP","floor":18},{"not_picked":["Body Slam","Havoc","Heavy Blade"],"picked":"SKIP","floor":23},{"not_picked":["Evolve+1","Flex"],"picked":"Power Through","floor":25},{"not_picked":["Sword Boomerang","Metallicize"],"picked":"Dual Wield+1","floor":27},{"not_picked":["Thunderclap","Intimidate"],"picked":"Offering","floor":30},{"not_picked":["Intimidate+1","Sever Soul","Havoc+1"],"picked":"SKIP","floor":31}],"player_experience":876399,"relics_obtained":[{"floor":7.0,"key":"Matryoshka"},{"floor":9,"key":"Lantern"},{"floor":9,"key":"Bottled Tornado"},{"floor":12,"key":"Anchor"},{"floor":23,"key":"Self Forming Clay"},{"floor":25,"key":"Sundial"},{"floor":26,"key":"Orichalcum"},{"floor":26,"key":"The Courier"}],"event_choices":[{"damage_healed":0.0,"max_hp_gain":0.0,"max_hp_loss":0.0,"gold_gain":0.0,"event_name":"Liars Game","player_choice":"Ignored","floor":3.0,"gold_loss":0.0,"damage_taken":0.0},{"damage_healed":0.0,"max_hp_gain":0.0,"max_hp_loss":0.0,"gold_gain":66.0,"event_name":"Golden Wing","player_choice":"Gained Gold","floor":5.0,"gold_loss":0.0,"damage_taken":0.0},{"damage_healed":0,"gold_gain":0,"player_choice":"Grow","damage_taken":0,"max_hp_gain":0,"max_hp_loss":0,"event_name":"Living Wall","floor":10,"gold_loss":0,"cards_upgraded":["Demon Form"]},{"damage_healed":0,"gold_gain":0,"player_choice":"Simplicity","damage_taken":0,"max_hp_gain":0,"max_hp_loss":0,"event_name":"Back to Basics","floor":19,"gold_loss":0,"cards_upgraded":["Strike_R","Strike_R","Strike_R","Defend_R","Defend_R","Defend_R","Defend_R"]},{"damage_healed":0,"gold_gain":0,"player_choice":"Ignored","damage_taken":0,"max_hp_gain":0,"max_hp_loss":0,"event_name":"Ghosts","floor":21,"gold_loss":0},{"damage_healed":15,"gold_gain":0,"player_choice":"Heal","damage_taken":0,"max_hp_gain":0,"max_hp_loss":0,"event_name":"The Library","floor":28,"gold_loss":0}],"is_beta":false,"boss_relics":[{"not_picked":["Cursed Key","White Beast Statue"],"picked":"Snecko Eye"}],"items_purged_floors":[2,14],"is_endless":false,"potions_floor_spawned":[7,13,18],"killed_by":"Collector","ascension_level":20}