{"gold_per_floor":[116,116,116,126,126,126,160,172,172,199,1,1,329,343,343,343],"floor_reached":16,"playtime":504,"items_purged":[],"score":286,"play_id":"e23e7efa-313d-4337-ace7-2649d9c04053","local_time":"20190209234208","is_ascension_mode":true,"campfire_choices":[{"data":"Dualcast","floor":6.0,"key":"SMITH"},{"floor":12.0,"key":"REST"},{"floor":15.0,"key":"REST"}],"neow_cost":"NONE","seed_source_timestamp":2643951355832771,"circlet_count":0,"master_deck":["AscendersBane","Strike_B","Strike_B","Strike_B","Strike_B","Defend_B","Defend_B","Defend_B","Defend_B+1","Zap+1","Dualcast+1","Sweeping Beam","Hologram+1","Coolheaded","Rip and Tear","Leap","FTL","Self Repair","Conserve Battery"],"special_seed":0,"relics":["Cracked Core","NeowsBlessing","Darkstone Periapt","Juzu Bracelet","Potion Belt","War Paint","Old Coin"],"potions_floor_usage":[16],"damage_taken":[{"damage":0.0,"enemies":"Jaw Worm","floor":1.0,"turns":1.0},{"damage":0.0,"enemies":"Small Slimes","floor":4.0,"turns":1.0},{"damage":0.0,"enemies":"Lagavulin","floor":7.0,"turns":1.0},{"damage":8.0,"enemies":"2 Louse","floor":8.0,"turns":2.0},{"damage":36.0,"enemies":"3 Sentries","floor":10.0,"turns":5.0},{"damage":26.0,"enemies":"Lagavulin","floor":13.0,"turns":6.0},{"damage":1.0,"enemies":"Blue Slaver","floor":14.0,"turns":2.0},{"damage":53,"enemies":"Slime Boss","floor":16,"turns":8}],"seed_played":"-7841912476168489395","potions_obtained":[{"floor":1.0,"key":"SkillPotion"},{"floor":8.0,"key":"Fruit Juice"},{"floor":14.0,"key":"Energy Potion"}],"is_trial":false,"path_per_floor":["M","?","?","M","?","R","E","M","T","E","$","R","E","M","R","B"],"character_chosen":"DEFECT","items_purchased":["War Paint","FTL"],"campfire_rested":2,"item_purchase_floors":[11,11],"current_hp_per_floor":[64,64,64,64,64,64,64,56,56,20,20,41,20,26,48,0],"gold":343,"neow_bonus":"THREE_ENEMY_KILL","is_prod":false,"is_daily":false,"chose_seed":false,"campfire_upgraded":1,"win_rate":0,"timestamp":1549773728,"path_taken":["M","?","?","M","?","R","E","M","T","E","$","R","E","M","R","BOSS"],"build_version":"2019-01-23","purchased_purges":0,"victory":false,"max_hp_per_floor":[71,71,71,71,71,71,71,71,71,71,71,71,76,76,76,76],"card_choices":[{"not_picked":["Chill","Storm"],"picked":"Sweeping Beam","floor":1.0},{"not_picked":["Turbo","Consume"],"picked":"Hologram","floor":4.0},{"not_picked":["Turbo","Leap"],"picked":"Coolheaded","floor":7.0},{"not_picked":["Double Energy","Rebound"],"picked":"Rip and Tear","floor":8.0},{"not_picked":["Hello World","Amplify"],"picked":"Leap","floor":10.0},{"not_picked":["Reinforced Body","Hologram"],"picked":"Self Repair","floor":13.0},{"not_picked":["Consume","Self Repair"],"picked":"Conserve Battery","floor":14.0}],"player_experience":913614,"relics_obtained":[{"floor":7.0,"key":"Darkstone Periapt"},{"floor":9.0,"key":"Juzu Bracelet"},{"floor":10.0,"key":"Potion Belt"},{"floor":13.0,"key":"Old Coin"}],"event_choices":[{"damage_healed":0.0,"max_hp_gain":0.0,"max_hp_loss":0.0,"gold_gain":0.0,"event_name":"Living Wall","player_choice":"Grow","floor":2.0,"gold_loss":0.0,"damage_taken":0.0,"cards_upgraded":["Zap"]},{"damage_healed":0.0,"max_hp_gain":0.0,"max_hp_loss":0.0,"gold_gain":0.0,"event_name":"The Cleric","player_choice":"Leave","floor":3.0,"gold_loss":0.0,"damage_taken":0.0},{"damage_healed":0.0,"max_hp_gain":0.0,"max_hp_loss":0.0,"gold_gain":0.0,"event_name":"Golden Wing","player_choice":"Ignored","floor":5.0,"gold_loss":0.0,"damage_taken":0.0}],"is_beta":false,"boss_relics":[],"items_purged_floors":[],"is_endless":false,"potions_floor_spawned":[1,8,14],"killed_by":"Slime Boss","ascension_level":20}