{"gold_per_floor":[118,118,193,193,10,36,51,85,161,194,205,235,235,235,235,336,336,352,369,384,403,252,284,284,304,330,365,376,376,386,421,421,520,520,533,533,440,450,467,467,498,515,515,541,541,573,180,205,205,205,205,205,39,66,66],"floor_reached":56,"playtime":4207,"items_purged":["Regret","Strike_G","Pain"],"score":1617,"play_id":"aabf91d3-b0c9-42ee-85a4-bf44f55b1f00","local_time":"20181210075919","is_ascension_mode":true,"campfire_choices":[{"data":"Noxious Fumes","floor":13,"key":"SMITH"},{"data":"Catalyst","floor":15,"key":"SMITH"},{"data":"Well Laid Plans","floor":24,"key":"SMITH"},{"data":"Reflex","floor":32,"key":"SMITH"},{"data":"Apotheosis","floor":40,"key":"SMITH"},{"data":"Neutralize","floor":45,"key":"SMITH"},{"floor":49,"key":"RECALL"},{"data":"Doppelganger","floor":52,"key":"SMITH"}],"neow_cost":"NONE","seed_source_timestamp":1390883324690840,"circlet_count":0,"master_deck":["Defend_G","Defend_G","Defend_G","Defend_G","Defend_G","Strike_G","Strike_G","Strike_G","Survivor","Neutralize+1","Slice","Well Laid Plans+1","Catalyst+1","Leg Sweep","Poisoned Stab","Dash","Bouncing Flask","Noxious Fumes+1","Endless Agony","Adrenaline","Deadly Poison+1","Cloak And Dagger","Cloak And Dagger+1","Cloak And Dagger+1","Backflip","Catalyst+1","Die Die Die","Backflip","Deadly Poison+1","Reflex+1","Doppelganger+1","Acrobatics+1","Apotheosis+1","Deep Breath+1","Mayhem","Deadly Poison+1","Deflect+1","Wraith Form v2","Blur+1","Decay","Dodge and Roll+1","Expertise","Burst","Mayhem","Sucker Punch"],"relics":["Ring of the Snake","NeowsBlessing","Snake Skull","Sundial","Bottled Flame","Gambling Chip","Meat on the Bone","Paper Crane","Matryoshka","HoveringKite","Blood Vial","Pear","Pantograph","Dead Branch","Cursed Key","Gremlin Horn","Happy Flower","Tingsha","War Paint","Centennial Puzzle","Lantern","OrangePellets","Question Card","Bronze Scales"],"potions_floor_usage":[16,20,20,27,55,55,55],"damage_taken":[{"damage":0,"enemies":"Small Slimes","floor":1,"turns":1},{"damage":0,"enemies":"3 Sentries","floor":6,"turns":1},{"damage":0,"enemies":"Jaw Worm","floor":7,"turns":1},{"damage":20,"enemies":"Lagavulin","floor":8,"turns":12},{"damage":15,"enemies":"Gremlin Nob","floor":10,"turns":5},{"damage":0,"enemies":"2 Louse","floor":11,"turns":2},{"damage":5,"enemies":"3 Sentries","floor":12,"turns":10},{"damage":0,"enemies":"Slime Boss","floor":16,"turns":6},{"damage":0,"enemies":"Chosen","floor":18,"turns":3},{"damage":0,"enemies":"3 Byrds","floor":19,"turns":4},{"damage":4,"enemies":"3 Cultists","floor":20,"turns":6},{"damage":2,"enemies":"Snake Plant","floor":21,"turns":5},{"damage":0,"enemies":"Book of Stabbing","floor":23,"turns":5},{"damage":0,"enemies":"Centurion and Healer","floor":25,"turns":7},{"damage":12,"enemies":"Slavers","floor":27,"turns":4},{"damage":0,"enemies":"3 Cultists","floor":28,"turns":4},{"damage":0,"enemies":"Snake Plant","floor":30,"turns":4},{"damage":0,"enemies":"Book of Stabbing","floor":31,"turns":3},{"damage":16,"enemies":"Collector","floor":33,"turns":4},{"damage":0,"enemies":"3 Darklings","floor":35,"turns":3},{"damage":0,"enemies":"Orb Walker","floor":38,"turns":3},{"damage":0,"enemies":"Jaw Worm Horde","floor":39,"turns":4},{"damage":0,"enemies":"Giant Head","floor":41,"turns":5},{"damage":0,"enemies":"Writhing Mass","floor":42,"turns":4},{"damage":0,"enemies":"Reptomancer","floor":46,"turns":5},{"damage":0,"enemies":"Giant Head","floor":48,"turns":5},{"damage":3,"enemies":"Time Eater","floor":50,"turns":5},{"damage":0,"enemies":"Shield and Spear","floor":54,"turns":5},{"damage":14,"enemies":"The Heart","floor":55,"turns":7}],"seed_played":"-246033546252363223","potions_obtained":[{"floor":8,"key":"Ancient Potion"},{"floor":11,"key":"SkillPotion"},{"floor":12,"key":"GhostInAJar"},{"floor":18,"key":"AttackPotion"},{"floor":20,"key":"LiquidBronze"},{"floor":21,"key":"AttackPotion"},{"floor":27,"key":"Weak Potion"}],"is_trial":false,"path_per_floor":["M","?","?","?","$","E","M","E","T","E","M","E","R","?","R","B",null,"M","M","M","M","$","E","R","M","T","E","M","?","M","E","R","B",null,"M","?","?","M","M","R","E","M","T","T","R","E","$","E","R","B",null,"R","$","E","B",null],"character_chosen":"THE_SILENT","items_purchased":["Well Laid Plans","Catalyst","Backflip","OrangePellets","Expertise","Mayhem"],"campfire_rested":0,"item_purchase_floors":[5,5,22,47,47,53],"current_hp_per_floor":[70,70,59,56,56,56,56,36,36,33,45,40,40,40,40,40,70,70,70,66,64,64,64,64,66,76,66,68,80,80,80,80,64,80,80,70,70,72,74,74,76,78,78,78,78,80,80,80,80,77,80,80,80,80,66],"gold":66,"neow_bonus":"THREE_ENEMY_KILL","is_prod":false,"is_daily":false,"chose_seed":false,"campfire_upgraded":7,"win_rate":0,"timestamp":1544446759,"path_taken":["M","?","?","?","$","E","M","E","T","E","M","E","R","?","R","BOSS","M","M","M","M","$","E","R","M","T","E","M","?","?","E","R","BOSS","M","?","?","?","M","R","E","M","T","?","R","E","$","E","R","BOSS","R","$","E","BOSS"],"build_version":"2018-12-06","purchased_purges":3,"victory":true,"max_hp_per_floor":[70,70,70,70,70,70,70,70,70,70,70,70,70,70,70,70,70,70,70,70,70,70,70,70,70,80,80,80,80,80,80,80,80,80,80,80,80,80,80,80,80,80,80,80,80,80,80,80,80,80,80,80,80,80,80],"card_choices":[{"not_picked":["Bane","Prepared"],"picked":"Slice","floor":1},{"not_picked":["Outmaneuver","Blur"],"picked":"Leg Sweep","floor":6},{"not_picked":["Acrobatics","Prepared","Calculated Gamble"],"picked":"SKIP","floor":7},{"not_picked":["Deflect","Calculated Gamble"],"picked":"Poisoned Stab","floor":8},{"not_picked":["Backflip","Dodge and Roll"],"picked":"Dash","floor":10},{"not_picked":["Outmaneuver","PiercingWail"],"picked":"Bouncing Flask","floor":11},{"not_picked":["Catalyst","Choke"],"picked":"Noxious Fumes","floor":12},{"not_picked":["Storm of Steel","A Thousand Cuts"],"picked":"Adrenaline","floor":16},{"not_picked":["Blade Dance+1","Flying Knee"],"picked":"Deadly Poison+1","floor":18},{"not_picked":["Dagger Spray+1","Prepared"],"picked":"Cloak And Dagger","floor":19},{"not_picked":["Flechettes","Outmaneuver"],"picked":"Cloak And Dagger+1","floor":20},{"not_picked":["Bane","Escape Plan"],"picked":"Cloak And Dagger+1","floor":21},{"not_picked":["Cloak And Dagger+1","Flying Knee"],"picked":"Catalyst+1","floor":23},{"not_picked":["Catalyst","PiercingWail"],"picked":"Die Die Die","floor":25},{"not_picked":["Blade Dance","Concentrate"],"picked":"Backflip","floor":27},{"not_picked":["Infinite Blades","Heel Hook+1","Caltrops"],"picked":"SKIP","floor":28},{"not_picked":["Quick Slash","Endless Agony+1"],"picked":"Deadly Poison+1","floor":30},{"not_picked":["Predator","Backstab+1"],"picked":"Reflex","floor":31},{"not_picked":["Storm of Steel","Envenom"],"picked":"Doppelganger","floor":33},{"not_picked":["Slice+1","Dagger Spray+1"],"picked":"Acrobatics+1","floor":35},{"not_picked":["Jack Of All Trades","Dark Shackles"],"picked":"Apotheosis","floor":36},{"not_picked":["PanicButton","Metamorphosis"],"picked":"Deep Breath","floor":36},{"not_picked":["Jack Of All Trades","Chrysalis"],"picked":"Mayhem","floor":36},{"not_picked":["Dagger Throw+1","Flying Knee+1"],"picked":"Deadly Poison+1","floor":38},{"not_picked":["Endless Agony","Deadly Poison+1"],"picked":"Deflect","floor":39},{"not_picked":["Noxious Fumes","Bane"],"picked":"Wraith Form v2","floor":41},{"not_picked":["Slice","Deadly Poison"],"picked":"Blur+1","floor":42},{"not_picked":["Blade Dance+1","Cloak And Dagger+1"],"picked":"Dodge and Roll+1","floor":46},{"not_picked":["Eviscerate","Backflip+1"],"picked":"Burst","floor":48},{"not_picked":["Dagger Spray+1","Masterful Stab+1","Blade Dance+1"],"picked":"Sucker Punch","floor":54}],"player_experience":3745967,"relics_obtained":[{"floor":6,"key":"Bottled Flame"},{"floor":8,"key":"Gambling Chip"},{"floor":9,"key":"Meat on the Bone"},{"floor":10,"key":"Paper Crane"},{"floor":12,"key":"Matryoshka"},{"floor":23,"key":"Blood Vial"},{"floor":26,"key":"Pear"},{"floor":27,"key":"Pantograph"},{"floor":31,"key":"Dead Branch"},{"floor":41,"key":"Happy Flower"},{"floor":43,"key":"Tingsha"},{"floor":43,"key":"War Paint"},{"floor":44,"key":"Centennial Puzzle"},{"floor":46,"key":"Lantern"},{"floor":48,"key":"Question Card"},{"floor":54,"key":"Bronze Scales"}],"event_choices":[{"damage_healed":0,"gold_gain":0,"player_choice":"Box","damage_taken":0,"relics_obtained":["Snake Skull"],"max_hp_gain":0,"max_hp_loss":0,"event_name":"Big Fish","floor":2,"gold_loss":0,"cards_obtained":["Regret"]},{"damage_healed":0,"gold_gain":75,"player_choice":"Gather Gold","damage_taken":11,"max_hp_gain":0,"max_hp_loss":0,"event_name":"World of Goop","floor":3,"gold_loss":0},{"damage_healed":0,"gold_gain":0,"player_choice":"Success","damage_taken":3,"relics_obtained":["Sundial"],"max_hp_gain":0,"max_hp_loss":0,"event_name":"Scrap Ooze","floor":4,"gold_loss":0},{"damage_healed":0,"gold_gain":0,"cards_transformed":["Strike_G"],"player_choice":"Transformed","damage_taken":0,"max_hp_gain":0,"max_hp_loss":0,"event_name":"Transmorgrifier","floor":14,"gold_loss":0,"cards_obtained":["Endless Agony"]},{"damage_healed":12,"gold_gain":0,"player_choice":"Full Heal","damage_taken":0,"max_hp_gain":0,"max_hp_loss":0,"event_name":"Wheel of Change","floor":29,"gold_loss":0},{"damage_healed":0,"gold_gain":0,"player_choice":"Memory 3","damage_taken":10,"max_hp_gain":0,"max_hp_loss":0,"event_name":"SensoryStone","floor":36,"gold_loss":0},{"damage_healed":0,"gold_gain":0,"player_choice":"Paid Gold","damage_taken":0,"relics_obtained":["Gremlin Horn"],"max_hp_gain":0,"max_hp_loss":0,"event_name":"WeMeetAgain","floor":37,"gold_loss":93}],"is_beta":true,"boss_relics":[{"not_picked":["Ring of the Serpent","WristBlade"],"picked":"HoveringKite"},{"not_picked":["Philosopher\u0027s Stone","Astrolabe"],"picked":"Cursed Key"}],"items_purged_floors":[5,22,47],"is_endless":false,"potions_floor_spawned":[8,11,12,18,20,21,27,31,39,41,42,48],"ascension_level":1}