{"gold_per_floor":[118,136,148,167,167,242,270,270,319,269,300,323,14,30,30,134,134,152,77,97,114,114,114,141,141,141,156,156,6,34,34,34,136,136,149,166,266,82,0,0,0,0,0,0,0,0,14,34,34,34],"floor_reached":50,"playtime":3655,"items_purged":["Defend_B","Defend_B"],"score":536,"play_id":"a55e7cd9-5735-4ae5-982a-37204969276b","local_time":"20190209215828","is_ascension_mode":false,"campfire_choices":[{"floor":8,"key":"REST"},{"floor":15,"key":"REST"},{"data":"Consume","floor":23,"key":"SMITH"},{"data":"Defragment","floor":25,"key":"SMITH"},{"floor":28,"key":"REST"},{"floor":32,"key":"REST"},{"data":"Storm","floor":40,"key":"SMITH"},{"data":"Seek","floor":46,"key":"SMITH"},{"data":"Seek","floor":49,"key":"SMITH"}],"neow_cost":"NONE","seed_source_timestamp":528975129174401,"circlet_count":0,"master_deck":["Defend_B","Defend_B+1","Zap+1","Dualcast+1","Gash","Defragment+1","Creative AI+1","FTL","Ball Lightning","Cold Snap","Consume+1","Seek+1","Steam","Heatsinks","Glacier","Chaos","Loop","White Noise","Doom and Gloom+1","Tempest","Seek+1","Coolheaded+1","Stack+1","Storm+1","Hologram","Madness","Madness"],"relics":["Cracked Core","NeowsBlessing","Letter Opener","War Paint","Juzu Bracelet","Odd Mushroom","Gambling Chip","Philosopher\u0027s Stone","Mummified Hand","Shuriken","Ice Cream","Bag of Preparation","Nuclear Battery","Dead Branch","Red Mask","Molten Egg 2","Kunai"],"potions_floor_usage":[7,33,50],"damage_taken":[{"damage":0,"enemies":"Cultist","floor":1,"turns":1},{"damage":0,"enemies":"Small Slimes","floor":2,"turns":1},{"damage":0,"enemies":"2 Louse","floor":3,"turns":1},{"damage":5,"enemies":"Looter","floor":4,"turns":3},{"damage":16,"enemies":"Lagavulin","floor":7,"turns":6},{"damage":8,"enemies":"Gremlin Nob","floor":11,"turns":3},{"damage":18,"enemies":"The Mushroom Lair","floor":12,"turns":2},{"damage":0,"enemies":"2 Fungi Beasts","floor":14,"turns":2},{"damage":21,"enemies":"Slime Boss","floor":16,"turns":9},{"damage":3,"enemies":"Shell Parasite","floor":18,"turns":4},{"damage":6,"enemies":"Spheric Guardian","floor":20,"turns":4},{"damage":9,"enemies":"Snecko","floor":21,"turns":4},{"damage":18,"enemies":"Gremlin Leader","floor":24,"turns":10},{"damage":10,"enemies":"Centurion and Healer","floor":27,"turns":5},{"damage":25,"enemies":"Slavers","floor":30,"turns":3},{"damage":29,"enemies":"Collector","floor":33,"turns":6},{"damage":14,"enemies":"3 Shapes","floor":35,"turns":4},{"damage":8,"enemies":"Orb Walker","floor":36,"turns":2},{"damage":11,"enemies":"Mind Bloom Boss Battle","floor":37,"turns":4},{"damage":0,"enemies":"4 Shapes","floor":47,"turns":1},{"damage":0,"enemies":"Spire Growth","floor":48,"turns":2},{"damage":83,"enemies":"Awakened One","floor":50,"turns":6}],"seed_played":"-5811252753753800958","potions_obtained":[{"floor":4,"key":"FocusPotion"},{"floor":11,"key":"FairyPotion"},{"floor":18,"key":"LiquidBronze"},{"floor":21,"key":"SteroidPotion"},{"floor":37,"key":"LiquidBronze"}],"is_trial":false,"path_per_floor":["M","M","M","M","?","?","E","R","T","?","E","?","$","M","R","B",null,"M","?","M","M","?","R","E","R","T","M","R","$","E","T","R","B",null,"M","M","?","$","?","R","?","?","T","?","T","R","M","M","R","B"],"character_chosen":"DEFECT","items_purchased":["Gambling Chip","Tempest","Storm","Hologram"],"campfire_rested":4,"item_purchase_floors":[13,29,38,38],"current_hp_per_floor":[75,75,75,70,55,44,28,50,50,50,42,24,24,24,46,25,75,72,72,66,57,57,57,39,39,39,29,51,51,26,26,48,19,75,61,53,42,42,42,42,33,33,33,66,66,66,66,66,66,0],"gold":34,"neow_bonus":"THREE_ENEMY_KILL","is_prod":false,"is_daily":false,"chose_seed":false,"campfire_upgraded":5,"win_rate":0,"timestamp":1549745908,"path_taken":["M","?","M","M","?","?","E","R","T","?","E","?","?","M","R","BOSS","M","?","M","M","?","R","E","R","T","M","R","$","E","?","R","BOSS","M","M","?","$","?","R","?","?","T","?","?","R","M","M","R","BOSS"],"build_version":"2019-01-23","purchased_purges":2,"victory":false,"max_hp_per_floor":[75,75,75,75,75,75,75,75,75,75,75,75,75,75,75,75,75,75,75,75,75,75,75,75,75,75,75,75,75,75,75,75,75,75,75,75,75,75,75,75,75,75,75,66,66,66,66,66,66,66],"card_choices":[{"not_picked":["Rebound","Turbo"],"picked":"Gash","floor":1},{"not_picked":["Sweeping Beam","Double Energy"],"picked":"Defragment","floor":2},{"not_picked":["Darkness","Aggregate"],"picked":"Creative AI","floor":3},{"not_picked":["Redo","Conserve Battery"],"picked":"FTL","floor":4},{"not_picked":["White Noise","Leap"],"picked":"Ball Lightning","floor":7},{"not_picked":["Steam","Stack"],"picked":"Sunder","floor":11},{"not_picked":["Blizzard","Chill"],"picked":"Cold Snap","floor":12},{"not_picked":["Ball Lightning","Loop"],"picked":"Consume","floor":14},{"not_picked":["Amplify","Meteor Strike"],"picked":"Seek","floor":16},{"not_picked":["Stack","Genetic Algorithm"],"picked":"Steam","floor":18},{"not_picked":["Hologram","Streamline"],"picked":"Heatsinks","floor":20},{"not_picked":["Hologram","Loop"],"picked":"Glacier","floor":21},{"not_picked":["Multi-Cast","Scrape"],"picked":"White Noise","floor":24},{"not_picked":["Gash+1","Ball Lightning"],"picked":"Doom and Gloom+1","floor":27},{"not_picked":["Genetic Algorithm","Ball Lightning","Beam Cell"],"picked":"SKIP","floor":30},{"not_picked":["Amplify","Creative AI"],"picked":"Seek","floor":33},{"not_picked":["Rebound","Lockon","Chaos"],"picked":"SKIP","floor":35},{"not_picked":["Barrage+1","Self Repair"],"picked":"Coolheaded+1","floor":36},{"not_picked":["Streamline","Auto Shields+1"],"picked":"Stack+1","floor":37},{"not_picked":["Auto Shields+1","Chaos+1","Ball Lightning+1"],"picked":"SKIP","floor":47},{"not_picked":["Melter+1","Static Discharge","Streamline+1"],"picked":"SKIP","floor":48}],"player_experience":83616,"relics_obtained":[{"floor":7,"key":"Letter Opener"},{"floor":9,"key":"War Paint"},{"floor":11,"key":"Juzu Bracelet"},{"floor":12,"key":"Odd Mushroom"},{"floor":24,"key":"Mummified Hand"},{"floor":26,"key":"Shuriken"},{"floor":30,"key":"Ice Cream"},{"floor":31,"key":"Bag of Preparation"},{"floor":37,"key":"Dead Branch"},{"floor":43,"key":"Molten Egg 2"},{"floor":45,"key":"Kunai"}],"event_choices":[{"damage_healed":0,"gold_gain":0,"player_choice":"Entered Light","damage_taken":15,"max_hp_gain":0,"max_hp_loss":0,"event_name":"Shining Light","floor":5,"gold_loss":0,"cards_upgraded":["Creative AI","Zap"]},{"damage_healed":0,"gold_gain":75,"player_choice":"Gather Gold","damage_taken":11,"max_hp_gain":0,"max_hp_loss":0,"event_name":"World of Goop","floor":6,"gold_loss":0},{"cards_removed":["Strike_B"],"damage_healed":0,"gold_gain":0,"player_choice":"Card Removal","damage_taken":0,"max_hp_gain":0,"max_hp_loss":0,"event_name":"The Cleric","floor":10,"gold_loss":50},{"damage_healed":0,"gold_gain":0,"player_choice":"Fought Mushrooms","damage_taken":0,"max_hp_gain":0,"max_hp_loss":0,"event_name":"Mushrooms","floor":12,"gold_loss":0},{"cards_removed":["Strike_B"],"damage_healed":0,"gold_gain":0,"player_choice":"Gave Gold","damage_taken":0,"max_hp_gain":0,"max_hp_loss":0,"event_name":"Beggar","floor":19,"gold_loss":75},{"damage_healed":0,"gold_gain":0,"cards_transformed":["Strike_B","Strike_B"],"player_choice":"Became Test Subject","damage_taken":0,"max_hp_gain":0,"max_hp_loss":0,"event_name":"Drug Dealer","floor":22,"gold_loss":0,"cards_obtained":["Chaos","Loop"]},{"damage_healed":0,"gold_gain":0,"player_choice":"Fight","damage_taken":0,"max_hp_gain":0,"max_hp_loss":0,"event_name":"MindBloom","floor":37,"gold_loss":0},{"damage_healed":0,"gold_gain":0,"player_choice":"Paid","damage_taken":0,"relics_obtained":["Red Mask"],"max_hp_gain":0,"max_hp_loss":0,"event_name":"Tomb of Lord Red Mask","floor":39,"gold_loss":82},{"damage_healed":0,"gold_gain":0,"player_choice":"Embrace Madness","damage_taken":9,"max_hp_gain":0,"max_hp_loss":0,"event_name":"Winding Halls","floor":41,"gold_loss":0,"cards_obtained":["Madness","Madness"]},{"cards_removed":["Sunder"],"damage_healed":0,"gold_gain":0,"player_choice":"Removed Attack","damage_taken":0,"max_hp_gain":0,"max_hp_loss":0,"event_name":"Falling","floor":42,"gold_loss":0},{"damage_healed":66,"gold_gain":0,"player_choice":"Heal","damage_taken":0,"max_hp_gain":0,"max_hp_loss":9,"event_name":"The Moai Head","floor":44,"gold_loss":0}],"is_beta":false,"boss_relics":[{"not_picked":["Calling Bell","Tiny House"],"picked":"Philosopher\u0027s Stone"},{"not_picked":["Fusion Hammer","Runic Pyramid"],"picked":"Nuclear Battery"}],"items_purged_floors":[29,38],"is_endless":false,"potions_floor_spawned":[4,11,18,21,24,37],"killed_by":"Awakened One","ascension_level":0}