{"gold_per_floor":[111,131,13,33,43,43,71,89,138,169,188,188,214,227,227,301,301,319,329,329,347,12,12,45,55,55,55,70,70,26,37,37,114,114,134,134,148,38,54,54,88,0,0,15,15,15,49,103,103,103,103,103,103,36,36],"floor_reached":55,"playtime":3456,"items_purged":[],"score":2038,"play_id":"43b9e93b-802b-4b4f-9993-6af4fe1a8444","local_time":"20190201155005","is_ascension_mode":true,"campfire_choices":[{"data":"Bash","floor":6.0,"key":"SMITH"},{"floor":12.0,"key":"REST"},{"data":"Disarm","floor":15.0,"key":"SMITH"},{"data":"Body Slam","floor":23.0,"key":"SMITH"},{"data":"Body Slam","floor":32.0,"key":"SMITH"},{"data":"Corruption","floor":40.0,"key":"SMITH"},{"floor":46.0,"key":"RECALL"},{"data":"Fiend Fire","floor":49.0,"key":"SMITH"},{"data":"Bite","floor":53.0,"key":"SMITH"}],"neow_cost":"NONE","seed_source_timestamp":1920274243740971,"circlet_count":0,"master_deck":["AscendersBane","Bash+1","Clothesline","Disarm+1","Whirlwind","Armaments+1","True Grit+1","Sword Boomerang","Pummel","Inflame","Disarm+1","Fiend Fire+1","Pummel","Second Wind+1","Seeing Red+1","Entrench+1","Bite+1","Bite","Bite","Bite","Bite+1","Seeing Red+1","Body Slam+1","Disarm+1","Offering+1","Burning Pact+1","Rage+1","Corruption+1","Finesse+1","Panacea+1","Seeing Red+1","Shockwave+1","Warcry+1","Shockwave+1","Feel No Pain"],"special_seed":0,"relics":["Burning Blood","Toxic Egg 2","Gremlin Horn","Vajra","Boot","The Courier","Philosopher\u0027s Stone","Dead Branch","Pantograph","Regal Pillow","Pandora\u0027s Box","Blood Vial","Red Mask","Oddly Smooth Stone","Unceasing Top"],"potions_floor_usage":[],"damage_taken":[{"damage":4.0,"enemies":"Jaw Worm","floor":1.0,"turns":4.0},{"damage":4.0,"enemies":"Cultist","floor":2.0,"turns":3.0},{"damage":7.0,"enemies":"Small Slimes","floor":4.0,"turns":3.0},{"damage":1.0,"enemies":"2 Fungi Beasts","floor":5.0,"turns":3.0},{"damage":38.0,"enemies":"Lagavulin","floor":7.0,"turns":10.0},{"damage":15.0,"enemies":"Large Slime","floor":8.0,"turns":6.0},{"damage":26.0,"enemies":"3 Sentries","floor":10.0,"turns":6.0},{"damage":0.0,"enemies":"Gremlin Gang","floor":11.0,"turns":1.0},{"damage":31.0,"enemies":"Lagavulin","floor":13.0,"turns":6.0},{"damage":0.0,"enemies":"Exordium Wildlife","floor":14.0,"turns":3.0},{"damage":6.0,"enemies":"The Guardian","floor":16.0,"turns":13.0},{"damage":30.0,"enemies":"2 Thieves","floor":18.0,"turns":5.0},{"damage":18.0,"enemies":"Chosen","floor":19.0,"turns":5.0},{"damage":0.0,"enemies":"Snake Plant","floor":21.0,"turns":1.0},{"damage":37.0,"enemies":"Book of Stabbing","floor":24.0,"turns":5.0},{"damage":18.0,"enemies":"Sentry and Sphere","floor":25.0,"turns":6.0},{"damage":0.0,"enemies":"Snecko","floor":28.0,"turns":3.0},{"damage":9.0,"enemies":"Snake Plant","floor":31.0,"turns":4.0},{"damage":13.0,"enemies":"Champ","floor":33.0,"turns":12.0},{"damage":10.0,"enemies":"3 Darklings","floor":35.0,"turns":2.0},{"damage":17.0,"enemies":"Orb Walker","floor":37.0,"turns":3.0},{"damage":6.0,"enemies":"Transient","floor":39.0,"turns":3.0},{"damage":11.0,"enemies":"Reptomancer","floor":41.0,"turns":3.0},{"damage":15.0,"enemies":"3 Darklings","floor":44.0,"turns":4.0},{"damage":6.0,"enemies":"Nemesis","floor":47.0,"turns":3.0},{"damage":0.0,"enemies":"2 Orb Walkers","floor":48.0,"turns":2.0},{"damage":19.0,"enemies":"Time Eater","floor":50.0,"turns":7.0},{"damage":41.0,"enemies":"Awakened One","floor":51.0,"turns":22.0},{"damage":64,"enemies":"Shield and Spear","floor":55,"turns":2}],"seed_played":"-3894906639898098237","potions_obtained":[{"floor":4.0,"key":"Energy Potion"},{"floor":8.0,"key":"Swift Potion"},{"floor":11.0,"key":"Regen Potion"},{"floor":13.0,"key":"Energy Potion"},{"floor":16.0,"key":"EntropicBrew"},{"floor":19.0,"key":"Block Potion"},{"floor":24.0,"key":"Dexterity Potion"},{"floor":25.0,"key":"AttackPotion"},{"floor":33.0,"key":"AttackPotion"},{"floor":39.0,"key":"SkillPotion"},{"floor":41.0,"key":"FairyPotion"},{"floor":44.0,"key":"Block Potion"}],"is_trial":false,"path_per_floor":["M","M","?","M","M","R","E","M","T","E","M","R","E","M","R","B",null,"M","M","?","M","$","R","E","M","T","?","M","?","$","M","R","B",null,"M","?","M","?","M","R","E","?","T","M","?","R","E","?","R","B","B",null,"R","$","E"],"character_chosen":"IRONCLAD","items_purchased":["Dead Branch","Seeing Red+1","Body Slam","Feel No Pain"],"campfire_rested":1,"item_purchase_floors":[22,22,30,54],"current_hp_per_floor":[77,79,79,78,82,82,50,41,41,21,27,51,26,32,32,32,70,46,48,48,54,54,54,23,11,11,11,22,22,22,27,27,56,57,57,47,42,42,52,52,52,52,52,56,56,56,57,57,57,57,57,57,57,57,0],"gold":36,"neow_bonus":"TEN_PERCENT_HP_BONUS","is_prod":false,"is_daily":false,"chose_seed":false,"campfire_upgraded":7,"win_rate":0,"timestamp":1549054205,"path_taken":["M","M","?","M","?","R","E","M","T","E","M","R","E","M","R","BOSS","M","M","?","M","$","R","E","M","T","?","M","?","$","M","R","BOSS","M","?","M","?","?","R","E","?","T","M","?","R","E","?","R","BOSS","BOSS","R","$","E"],"build_version":"2019-01-23","purchased_purges":0,"victory":false,"max_hp_per_floor":[82,82,82,82,82,82,82,82,82,82,82,82,82,82,82,82,82,82,82,82,82,82,82,82,82,82,57,57,57,57,57,57,57,57,57,57,57,57,57,57,57,57,57,57,57,57,57,57,57,57,57,57,57,57,57],"card_choices":[{"not_picked":["Fire Breathing","Entrench"],"picked":"Clothesline","floor":1.0},{"not_picked":["Perfected Strike","Body Slam"],"picked":"Disarm","floor":2.0},{"not_picked":["Sentinel+1","Fire Breathing"],"picked":"Whirlwind","floor":4.0},{"not_picked":["Clash","Inflame"],"picked":"Armaments+1","floor":5.0},{"not_picked":["Armaments+1","Rupture"],"picked":"Body Slam","floor":7.0},{"not_picked":["Reckless Charge","Iron Wave"],"picked":"True Grit+1","floor":8.0},{"not_picked":["Havoc+1","Second Wind+1"],"picked":"Sword Boomerang","floor":10.0},{"not_picked":["Anger","Perfected Strike"],"picked":"Pummel","floor":11.0},{"not_picked":["Bludgeon","Cleave"],"picked":"Inflame","floor":13.0},{"not_picked":["Cleave","Rage+1"],"picked":"Disarm+1","floor":14.0},{"not_picked":["Berserk","Reaper"],"picked":"Fiend Fire","floor":16.0},{"not_picked":["Warcry+1","Thunderclap"],"picked":"Pummel","floor":18.0},{"not_picked":["Havoc+1","Anger","Iron Wave"],"picked":"SKIP","floor":19.0},{"not_picked":["Combust","Armaments+1"],"picked":"Second Wind+1","floor":21.0},{"not_picked":["Cleave","Pommel Strike"],"picked":"Entrench+1","floor":24.0},{"not_picked":["Flex+1","Combust","Wild Strike"],"picked":"SKIP","floor":25.0},{"not_picked":["Wild Strike","Havoc+1"],"picked":"Seeing Red+1","floor":28.0},{"not_picked":["Hemokinesis","Fiend Fire"],"picked":"Disarm+1","floor":31.0},{"not_picked":["Dark Embrace","Feed"],"picked":"Offering+1","floor":33.0},{"not_picked":["Pummel","Dropkick","Body Slam"],"picked":"SKIP","floor":35.0},{"not_picked":["Chrysalis+1","Madness+1"],"picked":"Finesse+1","floor":36.0},{"not_picked":["Forethought+1","Flash of Steel"],"picked":"Panacea+1","floor":36.0},{"not_picked":["Clash","Thunderclap","Heavy Blade+1"],"picked":"SKIP","floor":37.0},{"not_picked":["Warcry+1","Cleave"],"picked":"Seeing Red+1","floor":39.0},{"not_picked":["Barricade","Entrench+1"],"picked":"Shockwave+1","floor":41.0},{"not_picked":["Body Slam","Sword Boomerang"],"picked":"Warcry+1","floor":44.0},{"not_picked":["Metallicize","Ghostly Armor+1"],"picked":"Shockwave+1","floor":47.0}],"player_experience":855462,"relics_obtained":[{"floor":7.0,"key":"Gremlin Horn"},{"floor":9.0,"key":"Vajra"},{"floor":10.0,"key":"Boot"},{"floor":13.0,"key":"The Courier"},{"floor":24.0,"key":"Pantograph"},{"floor":26.0,"key":"Regal Pillow"},{"floor":41.0,"key":"Blood Vial"},{"floor":47.0,"key":"Oddly Smooth Stone"},{"floor":48.0,"key":"Unceasing Top"}],"event_choices":[{"damage_healed":0.0,"max_hp_gain":0.0,"max_hp_loss":0.0,"gold_gain":0.0,"event_name":"WeMeetAgain","player_choice":"Paid Gold","floor":3.0,"gold_loss":118.0,"damage_taken":0.0,"relics_obtained":["Toxic Egg 2"]},{"damage_healed":0.0,"max_hp_gain":0.0,"max_hp_loss":0.0,"gold_gain":0.0,"event_name":"Ghosts","player_choice":"Ignored","floor":20.0,"gold_loss":0.0,"damage_taken":0.0},{"damage_healed":0.0,"max_hp_gain":0.0,"max_hp_loss":25.0,"gold_gain":0.0,"event_name":"Vampires","player_choice":"Became a vampire","floor":27.0,"gold_loss":0.0,"damage_taken":0.0,"cards_obtained":["Bite","Bite","Bite","Bite","Bite"]},{"damage_healed":0.0,"max_hp_gain":0.0,"max_hp_loss":0.0,"gold_gain":0.0,"event_name":"SensoryStone","player_choice":"Memory 3","floor":36.0,"gold_loss":0.0,"damage_taken":10.0},{"cards_removed":["Flex"],"damage_healed":0.0,"max_hp_gain":0.0,"max_hp_loss":0.0,"gold_gain":0.0,"event_name":"Designer","player_choice":"Upgrade and Remove","floor":38.0,"gold_loss":110.0,"damage_taken":0.0,"cards_upgraded":["Bite"]},{"damage_healed":0.0,"max_hp_gain":0.0,"max_hp_loss":0.0,"gold_gain":0.0,"event_name":"Tomb of Lord Red Mask","player_choice":"Paid","floor":42.0,"gold_loss":88.0,"damage_taken":0.0,"relics_obtained":["Red Mask"]},{"cards_removed":["Body Slam"],"damage_healed":0.0,"max_hp_gain":0.0,"max_hp_loss":0.0,"gold_gain":0.0,"event_name":"Falling","player_choice":"Removed Attack","floor":45.0,"gold_loss":0.0,"damage_taken":0.0},{"damage_healed":0.0,"max_hp_gain":0.0,"max_hp_loss":0.0,"gold_gain":0.0,"event_name":"Mysterious Sphere","player_choice":"Fight","floor":48.0,"gold_loss":0.0,"damage_taken":0.0}],"is_beta":false,"boss_relics":[{"not_picked":["Astrolabe","White Beast Statue"],"picked":"Philosopher\u0027s Stone"},{"not_picked":["Empty Cage","Runic Cube"],"picked":"Pandora\u0027s Box"}],"items_purged_floors":[],"is_endless":false,"potions_floor_spawned":[4,8,11,13,16,19,24,25,33,39,41,44],"killed_by":"Shield and Spear","ascension_level":20}