{"gold_per_floor":[115,40,56,75,75,109,109,20,20,20],"floor_reached":10,"playtime":212,"items_purged":[],"score":129,"play_id":"992b6054-d143-4986-b29a-111b1e868c88","local_time":"20190116133628","is_ascension_mode":true,"campfire_choices":[],"neow_cost":"NONE","seed_source_timestamp":0,"circlet_count":0,"master_deck":["AscendersBane","Strike_B","Strike_B","Strike_B","Defend_B","Defend_B","Defend_B","Defend_B","Zap","Dualcast","Doom and Gloom","Redo","Rip and Tear","White Noise","Core Surge"],"special_seed":0,"relics":["Cracked Core","Pantograph","DataDisk","Vajra","Gremlin Horn"],"potions_floor_usage":[],"damage_taken":[{"damage":14.0,"enemies":"Small Slimes","floor":1.0,"turns":3.0},{"damage":0.0,"enemies":"2 Louse","floor":3.0,"turns":2.0},{"damage":7.0,"enemies":"Jaw Worm","floor":4.0,"turns":3.0},{"damage":30.0,"enemies":"3 Sentries","floor":6.0,"turns":6.0},{"damage":25,"enemies":"Lagavulin","floor":10,"turns":5}],"seed_played":"8345188926557855260","potions_obtained":[{"floor":1.0,"key":"LiquidBronze"}],"is_trial":false,"path_per_floor":["M","?","M","M","?","E","?","$","T","E"],"character_chosen":"DEFECT","items_purchased":["Core Surge"],"campfire_rested":0,"item_purchase_floors":[8],"current_hp_per_floor":[57,57,57,50,39,9,9,9,9,0],"gold":20,"neow_bonus":"TEN_PERCENT_HP_BONUS","is_prod":false,"is_daily":false,"chose_seed":false,"campfire_upgraded":0,"win_rate":0,"timestamp":1547613388,"path_taken":["M","?","M","M","?","E","?","?","T","E"],"build_version":"2019-01-10","purchased_purges":0,"victory":false,"max_hp_per_floor":[78,78,78,78,78,78,78,78,78,78],"card_choices":[{"not_picked":["Recycle","Sweeping Beam"],"picked":"Doom and Gloom","floor":1.0},{"not_picked":["Beam Cell","Hologram"],"picked":"Redo","floor":3.0},{"not_picked":["Go for the Eyes","Recycle"],"picked":"Rip and Tear","floor":4.0},{"not_picked":["Steam Power","Coolheaded"],"picked":"White Noise","floor":6.0}],"player_experience":1038558,"relics_obtained":[{"floor":6.0,"key":"DataDisk"},{"floor":9,"key":"Gremlin Horn"}],"event_choices":[{"cards_removed":["Strike_B"],"damage_healed":0.0,"max_hp_gain":0.0,"max_hp_loss":0.0,"gold_gain":0.0,"event_name":"The Cleric","player_choice":"Card Removal","floor":2.0,"gold_loss":75.0,"damage_taken":0.0},{"damage_healed":0.0,"max_hp_gain":0.0,"max_hp_loss":0.0,"gold_gain":0.0,"event_name":"Scrap Ooze","player_choice":"Success","floor":5.0,"gold_loss":0.0,"damage_taken":11.0,"relics_obtained":["Pantograph"]},{"damage_healed":0,"gold_gain":0,"player_choice":"Searched \u00272\u0027 times","damage_taken":0,"relics_obtained":["Vajra"],"max_hp_gain":0,"max_hp_loss":0,"event_name":"Dead Adventurer","floor":7,"gold_loss":0}],"is_beta":false,"boss_relics":[],"items_purged_floors":[],"is_endless":false,"potions_floor_spawned":[1],"killed_by":"Lagavulin","ascension_level":19}