{"gold_per_floor":[213,58,73,73,88,122,122,122,145,155,167,194,194,214,214,333,333,358,448,468,483,25,25,80,5,5,45,0,0,21,41,41,172,172,185,185,200,275,43,87,87,108,108,132,132,165,165,40,40,40,40,40,40,71,71],"floor_reached":56,"playtime":3665,"items_purged":["Defend_B","Strike_B","Writhe"],"score":1308,"play_id":"80b09f6e-047f-4a74-bcb9-4bc4ccc6ad13","local_time":"20190202013428","is_ascension_mode":true,"campfire_choices":[{"floor":7,"key":"REST"},{"data":"Defragment","floor":15,"key":"SMITH"},{"data":"Storm","floor":23,"key":"SMITH"},{"floor":29,"key":"REST"},{"data":"Capacitor","floor":32,"key":"SMITH"},{"floor":41,"key":"RECALL"},{"floor":45,"key":"REST"},{"data":"Defragment","floor":49,"key":"SMITH"},{"data":"Biased Cognition","floor":52,"key":"SMITH"}],"neow_cost":"NONE","seed_source_timestamp":4108933024845562,"circlet_count":0,"master_deck":["Strike_B","Strike_B","Defend_B+1","Defend_B","Defend_B","Zap","Dualcast","Coolheaded","Defragment+1","Leap+1","Capacitor+1","Biased Cognition+1","Conserve Battery","Coolheaded","Ball Lightning","Hello World","Biased Cognition","Steam","Cold Snap","Storm+1","Leap","Hologram","Heatsinks","Glacier+1","Core Surge","Conserve Battery+1","Compile Driver+1","Coolheaded","Chaos+1","Barrage+1","Cold Snap+1","Barrage","Defragment+1"],"relics":["Cracked Core","Smiling Mask","Potion Belt","Gremlin Horn","Golden Idol","Philosopher\u0027s Stone","ClockworkSouvenir","Blood Vial","Turnip","Pen Nib","Velvet Choker","Runic Capacitor","Lantern","Shuriken","Darkstone Periapt","Orichalcum"],"potions_floor_usage":[14,18,27,35,54,55,55,55,55],"damage_taken":[{"damage":7,"enemies":"Small Slimes","floor":1,"turns":4},{"damage":1,"enemies":"Jaw Worm","floor":3,"turns":4},{"damage":0,"enemies":"Cultist","floor":5,"turns":4},{"damage":38,"enemies":"3 Sentries","floor":6,"turns":14},{"damage":3,"enemies":"3 Louse","floor":10,"turns":4},{"damage":0,"enemies":"Exordium Thugs","floor":11,"turns":4},{"damage":0,"enemies":"Lagavulin","floor":12,"turns":10},{"damage":1,"enemies":"Gremlin Gang","floor":14,"turns":4},{"damage":17,"enemies":"The Guardian","floor":16,"turns":12},{"damage":2,"enemies":"Chosen","floor":18,"turns":5},{"damage":1,"enemies":"3 Byrds","floor":20,"turns":4},{"damage":4,"enemies":"Cultist and Chosen","floor":21,"turns":5},{"damage":15,"enemies":"Slavers","floor":27,"turns":4},{"damage":2,"enemies":"Centurion and Healer","floor":30,"turns":5},{"damage":12,"enemies":"Snake Plant","floor":31,"turns":2},{"damage":2,"enemies":"Champ","floor":33,"turns":12},{"damage":14,"enemies":"3 Darklings","floor":35,"turns":5},{"damage":0,"enemies":"3 Shapes","floor":37,"turns":4},{"damage":0,"enemies":"Giant Head","floor":40,"turns":10},{"damage":7,"enemies":"Maw","floor":42,"turns":5},{"damage":10,"enemies":"3 Darklings","floor":44,"turns":4},{"damage":8,"enemies":"Nemesis","floor":46,"turns":5},{"damage":26,"enemies":"Time Eater","floor":50,"turns":10},{"damage":29,"enemies":"Shield and Spear","floor":54,"turns":6},{"damage":6,"enemies":"The Heart","floor":55,"turns":8}],"seed_played":"3538246767702893486","potions_obtained":[{"floor":3,"key":"SpeedPotion"},{"floor":10,"key":"SkillPotion"},{"floor":16,"key":"GamblersBrew"},{"floor":20,"key":"Strength Potion"},{"floor":27,"key":"Explosive Potion"},{"floor":33,"key":"SpeedPotion"},{"floor":35,"key":"SkillPotion"},{"floor":37,"key":"Strength Potion"}],"is_trial":false,"path_per_floor":["M","$","M","?","M","E","R","?","T","M","M","E","?","M","R","B",null,"M","?","M","M","$","R","T","?","T","E","?","R","M","M","R","B",null,"M","?","M","?","$","E","R","M","T","M","R","E","?","$","R","B",null,"R","$","E","B",null],"character_chosen":"DEFECT","items_purchased":["Defragment","Leap","Storm","Leap","ClockworkSouvenir","Block Potion","FocusPotion","Runic Capacitor","Coolheaded","Defragment"],"campfire_rested":3,"item_purchase_floors":[2,2,22,22,22,22,22,39,39,48],"current_hp_per_floor":[68,68,67,52,52,14,36,36,36,33,33,33,33,32,32,15,69,67,55,54,50,50,50,50,50,50,37,37,57,57,47,47,47,69,55,55,57,51,51,53,53,48,48,40,60,54,75,75,75,49,75,75,75,46,42],"gold":71,"neow_bonus":"HUNDRED_GOLD","is_prod":false,"is_daily":false,"chose_seed":false,"campfire_upgraded":5,"win_rate":0,"timestamp":1549089268,"path_taken":["M","$","M","?","M","E","R","?","T","?","M","E","?","M","R","BOSS","M","?","?","M","?","R","?","?","T","E","?","R","M","M","R","BOSS","M","?","M","?","$","E","R","?","T","M","R","E","?","?","R","BOSS","R","$","E","BOSS"],"build_version":"2019-01-23","purchased_purges":3,"victory":true,"max_hp_per_floor":[75,75,75,75,75,75,75,75,75,75,75,75,69,69,69,69,69,69,69,69,69,69,69,69,69,69,69,69,69,69,69,69,69,69,69,69,69,69,69,69,69,69,69,69,69,69,75,75,75,75,75,75,75,75,75],"card_choices":[{"not_picked":["Redo","Reinforced Body"],"picked":"Coolheaded","floor":1},{"not_picked":["Redo","Turbo"],"picked":"Sweeping Beam","floor":3},{"not_picked":["Barrage","Hologram"],"picked":"Capacitor","floor":5},{"not_picked":["Steam","Steam Power"],"picked":"Biased Cognition","floor":6},{"not_picked":["Turbo","Stack"],"picked":"Conserve Battery","floor":10},{"not_picked":["Redo","Capacitor"],"picked":"Coolheaded","floor":11},{"not_picked":["Reboot","Fusion"],"picked":"Ball Lightning","floor":12},{"not_picked":["Sweeping Beam","Coolheaded"],"picked":"Hello World","floor":14},{"not_picked":["Thunder Strike","Meteor Strike"],"picked":"Biased Cognition","floor":16},{"not_picked":["Loop","Rip and Tear","Barrage"],"picked":"SKIP","floor":18},{"not_picked":["Barrage","Rip and Tear"],"picked":"Steam","floor":20},{"not_picked":["Coolheaded","White Noise"],"picked":"Cold Snap","floor":21},{"not_picked":["Amplify","Leap"],"picked":"Hologram","floor":27},{"not_picked":["Beam Cell","Cold Snap"],"picked":"Heatsinks","floor":30},{"not_picked":["Steam","Turbo"],"picked":"Glacier+1","floor":31},{"not_picked":["Biased Cognition","Seek"],"picked":"Core Surge","floor":33},{"not_picked":["Sweeping Beam","Rebound"],"picked":"Conserve Battery+1","floor":35},{"not_picked":["Stack","Beam Cell+1"],"picked":"Compile Driver+1","floor":37},{"not_picked":["Meteor Strike","Sweeping Beam+1"],"picked":"Chaos+1","floor":40},{"not_picked":["Leap+1","Sweeping Beam"],"picked":"Barrage+1","floor":42},{"not_picked":["Steam","Beam Cell+1"],"picked":"Cold Snap+1","floor":44},{"not_picked":["Chaos+1","Rip and Tear+1"],"picked":"Barrage","floor":46},{"not_picked":["Streamline+1","FTL+1","Double Energy"],"picked":"SKIP","floor":54}],"player_experience":4314368,"relics_obtained":[{"floor":6,"key":"Smiling Mask"},{"floor":12,"key":"Gremlin Horn"},{"floor":24,"key":"Blood Vial"},{"floor":26,"key":"Turnip"},{"floor":27,"key":"Pen Nib"},{"floor":40,"key":"Lantern"},{"floor":43,"key":"Shuriken"},{"floor":46,"key":"Darkstone Periapt"},{"floor":54,"key":"Orichalcum"}],"event_choices":[{"damage_healed":0,"gold_gain":0,"player_choice":"Entered Light","damage_taken":15,"max_hp_gain":0,"max_hp_loss":0,"event_name":"Shining Light","floor":4,"gold_loss":0,"cards_upgraded":["Defend_B","Leap"]},{"damage_healed":0,"gold_gain":0,"player_choice":"Gave Potion","damage_taken":0,"relics_obtained":["Potion Belt"],"max_hp_gain":0,"max_hp_loss":0,"event_name":"WeMeetAgain","floor":8,"gold_loss":0},{"damage_healed":0,"gold_gain":0,"player_choice":"Lose Max HP","damage_taken":0,"relics_obtained":["Golden Idol"],"max_hp_gain":0,"max_hp_loss":6,"event_name":"Golden Idol","floor":13,"gold_loss":0},{"damage_healed":0,"gold_gain":90,"player_choice":"GOLD ","damage_taken":12,"max_hp_gain":0,"max_hp_loss":0,"event_name":"Knowing Skull","floor":19,"potions_obtained":[],"gold_loss":0,"cards_obtained":[]},{"cards_removed":["Strike_B"],"damage_healed":0,"gold_gain":0,"player_choice":"Gave Gold","damage_taken":0,"max_hp_gain":0,"max_hp_loss":0,"event_name":"Beggar","floor":25,"gold_loss":75},{"damage_healed":0,"gold_gain":0,"player_choice":"Paid Fearfully","damage_taken":0,"max_hp_gain":0,"max_hp_loss":0,"event_name":"Masked Bandits","floor":28,"gold_loss":45},{"cards_removed":["Sweeping Beam"],"damage_healed":0,"gold_gain":0,"player_choice":"Removed Attack","damage_taken":0,"max_hp_gain":0,"max_hp_loss":0,"event_name":"Falling","floor":36,"gold_loss":0},{"damage_healed":0,"gold_gain":75,"player_choice":"Touch","damage_taken":6,"max_hp_gain":0,"max_hp_loss":0,"event_name":"FaceTrader","floor":38,"gold_loss":0},{"damage_healed":17,"gold_gain":0,"player_choice":"Writhe","damage_taken":0,"max_hp_gain":0,"max_hp_loss":0,"event_name":"Winding Halls","floor":47,"gold_loss":0,"cards_obtained":["Writhe"]}],"is_beta":true,"boss_relics":[{"not_picked":["Astrolabe","FrozenCore"],"picked":"Philosopher\u0027s Stone"},{"not_picked":["Eternal Feather","Pandora\u0027s Box"],"picked":"Velvet Choker"}],"items_purged_floors":[2,22,48],"is_endless":false,"potions_floor_spawned":[3,10,16,20,27,33,35,37,46],"ascension_level":1}