{"gold_per_floor":[117,42,12,30,180,208,208,243,295,295,315,315,334,334,334,407,407,407,332,272,25,25,25,25,25,25,25,25,25,25,25,25,25],"floor_reached":33,"playtime":894,"items_purged":["Strike_B"],"score":656,"play_id":"5041679b-649b-4c82-a857-07937809f8bf","local_time":"20190222231303","is_ascension_mode":true,"campfire_choices":[{"data":"Zap","floor":7,"key":"SMITH"},{"data":"Streamline","floor":12,"key":"SMITH"},{"floor":15,"key":"REST"},{"floor":23,"key":"REST"},{"floor":25,"key":"REST"},{"floor":28,"key":"REST"},{"floor":32,"key":"REST"}],"neow_cost":"NONE","seed_source_timestamp":31911357958000,"circlet_count":0,"master_deck":["AscendersBane","Strike_B+1","Defend_B+1","Defend_B+1","Defend_B+1","Defend_B+1","Zap+1","Dualcast","Streamline+1","Conserve Battery","White Noise","Cold Snap","Echo Form","FTL+1","Cold Snap","Go for the Eyes+1","Hologram+1","Tempest+1"],"relics":["Cracked Core","NeowsBlessing","Potion Belt","Vajra","Omamori","Question Card","Ectoplasm","Orichalcum","Mummified Hand","Matryoshka"],"potions_floor_usage":[8,16,16,20,31,33],"damage_taken":[{"damage":0,"enemies":"Small Slimes","floor":1,"turns":1},{"damage":0,"enemies":"2 Louse","floor":4,"turns":1},{"damage":0,"enemies":"Lagavulin","floor":6,"turns":1},{"damage":18,"enemies":"3 Sentries","floor":8,"turns":6},{"damage":4,"enemies":"Jaw Worm","floor":11,"turns":3},{"damage":8,"enemies":"2 Fungi Beasts","floor":13,"turns":3},{"damage":0,"enemies":"Slime Boss","floor":16,"turns":6},{"damage":35,"enemies":"Shell Parasite","floor":18,"turns":6},{"damage":22,"enemies":"2 Thieves","floor":20,"turns":4},{"damage":25,"enemies":"Cultist and Chosen","floor":24,"turns":9},{"damage":21,"enemies":"Sentry and Sphere","floor":30,"turns":5},{"damage":13,"enemies":"Centurion and Healer","floor":31,"turns":5},{"damage":60,"enemies":"Automaton","floor":33,"turns":12}],"seed_played":"6740473581356682264","potions_obtained":[{"floor":1,"key":"AttackPotion"},{"floor":8,"key":"FocusPotion"},{"floor":13,"key":"Block Potion"},{"floor":18,"key":"Dexterity Potion"},{"floor":30,"key":"Energy Potion"},{"floor":31,"key":"Regen Potion"}],"is_trial":false,"path_per_floor":["M","?","$","M","?","E","R","E","T","?","M","R","M","?","R","B",null,"M","?","M","$","?","R","M","R","T","?","R","T","M","M","R","B"],"character_chosen":"DEFECT","items_purchased":["Conserve Battery","Orichalcum"],"campfire_rested":5,"item_purchase_floors":[3,21],"current_hp_per_floor":[64,64,64,64,64,64,64,46,46,35,31,31,23,16,37,37,63,28,28,6,6,6,27,2,23,23,23,44,44,23,10,31,0],"gold":25,"neow_bonus":"THREE_ENEMY_KILL","is_prod":false,"is_daily":false,"chose_seed":false,"campfire_upgraded":2,"win_rate":0,"timestamp":1550869983,"path_taken":["M","?","$","M","?","E","R","E","T","?","M","R","M","?","R","BOSS","M","?","M","$","?","R","M","R","T","?","R","?","M","?","R","BOSS"],"build_version":"2019-01-23","purchased_purges":1,"victory":false,"max_hp_per_floor":[71,71,71,71,71,71,71,71,71,71,71,71,71,71,71,71,71,71,71,71,71,71,71,71,71,71,71,71,71,71,71,71,71],"card_choices":[{"not_picked":["FTL","Leap"],"picked":"Streamline","floor":1},{"not_picked":["Aggregate","Redo","Gash"],"picked":"SKIP","floor":4},{"not_picked":["Hello World","Auto Shields"],"picked":"White Noise","floor":6},{"not_picked":["Scrape","All For One","Double Energy"],"picked":"SKIP","floor":8},{"not_picked":["Compile Driver","Skim","Beam Cell"],"picked":"Cold Snap","floor":11},{"not_picked":["Barrage","Force Field","FTL","Go for the Eyes"],"picked":"SKIP","floor":13},{"not_picked":["Core Surge","Rainbow","Reboot"],"picked":"Echo Form","floor":16},{"not_picked":["Gash","Force Field","Steam Power"],"picked":"FTL+1","floor":18},{"not_picked":["Turbo","Redo","Gash"],"picked":"Cold Snap","floor":20},{"not_picked":["Rebound","Buffer","Blizzard"],"picked":"Go for the Eyes+1","floor":24},{"not_picked":["Ball Lightning","Beam Cell","Gash"],"picked":"Hologram+1","floor":30},{"not_picked":["Loop","Doom and Gloom","Cold Snap"],"picked":"Tempest+1","floor":31}],"player_experience":888293,"relics_obtained":[{"floor":6,"key":"Potion Belt"},{"floor":8,"key":"Vajra"},{"floor":9,"key":"Omamori"},{"floor":26,"key":"Mummified Hand"},{"floor":29,"key":"Matryoshka"}],"event_choices":[{"cards_removed":["Strike_B"],"damage_healed":0,"gold_gain":0,"player_choice":"Card Removal","damage_taken":0,"max_hp_gain":0,"max_hp_loss":0,"event_name":"The Cleric","floor":2,"gold_loss":75},{"damage_healed":0,"gold_gain":150,"player_choice":"AGREE","damage_taken":0,"max_hp_gain":0,"max_hp_loss":0,"event_name":"Liars Game","floor":5,"gold_loss":0,"cards_obtained":["Doubt"]},{"damage_healed":0,"gold_gain":0,"player_choice":"Success","damage_taken":11,"relics_obtained":["Question Card"],"max_hp_gain":0,"max_hp_loss":0,"event_name":"Scrap Ooze","floor":10,"gold_loss":0},{"cards_removed":["Doubt"],"damage_healed":0,"gold_gain":0,"player_choice":"Card Removal","damage_taken":7,"max_hp_gain":0,"max_hp_loss":0,"event_name":"Golden Wing","floor":14,"gold_loss":0},{"cards_removed":["Strike_B"],"damage_healed":0,"gold_gain":0,"player_choice":"Gave Gold","damage_taken":0,"max_hp_gain":0,"max_hp_loss":0,"event_name":"Beggar","floor":19,"gold_loss":75},{"damage_healed":0,"gold_gain":0,"player_choice":"Simplicity","damage_taken":0,"max_hp_gain":0,"max_hp_loss":0,"event_name":"Back to Basics","floor":22,"gold_loss":0,"cards_upgraded":["Strike_B","Defend_B","Defend_B","Defend_B","Defend_B"]},{"damage_healed":0,"gold_gain":0,"player_choice":"Ignored","damage_taken":0,"max_hp_gain":0,"max_hp_loss":0,"event_name":"The Mausoleum","floor":27,"gold_loss":0}],"is_beta":false,"boss_relics":[{"not_picked":["Inserter","Orrery"],"picked":"Ectoplasm"}],"items_purged_floors":[21],"is_endless":false,"potions_floor_spawned":[1,8,13,18,30,31],"killed_by":"Automaton","ascension_level":20}