{"gold_per_floor":[215,215,390,130,205,238,253,280,280,280,280,310,310,325,325,429,429,447,465,94,133,145,157,197,220,232,244,281,293,322,351,363,375],"floor_reached":33,"playtime":2074,"items_purged":["Doubt","Strike_R"],"score":341,"play_id":"e7fee327-6632-4799-9d05-91219af6758f","local_time":"20190121162213","is_ascension_mode":true,"campfire_choices":[{"floor":10,"key":"REST"},{"data":"Double Tap","floor":15,"key":"SMITH"},{"data":"Flame Barrier","floor":23,"key":"SMITH"},{"data":"Whirlwind","floor":27,"key":"SMITH"},{"data":"Infernal Blade","floor":32,"key":"SMITH"}],"neow_cost":"NONE","seed_source_timestamp":535775916272341,"circlet_count":0,"master_deck":["Strike_R","Strike_R","Defend_R","Defend_R","Defend_R+1","Defend_R","Bash","Infernal Blade+1","Uppercut","Headbutt","Shrug It Off","Double Tap+1","Shrug It Off","Flame Barrier+1","Offering+1","Flex","Metallicize","Whirlwind+1","Ghostly","Ghostly","Ghostly","Ghostly","Ghostly","Battle Trance"],"relics":["Burning Blood","Juzu Bracelet","Gremlin Horn","FossilizedHelix","Letter Opener","Question Card","Busted Crown","MawBank","Potion Belt","CultistMask","War Paint","Prayer Wheel","Blood Vial"],"potions_floor_usage":[8,28,33,33,33],"damage_taken":[{"damage":7,"enemies":"Small Slimes","floor":1,"turns":3},{"damage":30,"enemies":"Gremlin Nob","floor":6,"turns":5},{"damage":6,"enemies":"Jaw Worm","floor":7,"turns":3},{"damage":13,"enemies":"Lagavulin","floor":8,"turns":4},{"damage":12,"enemies":"3 Sentries","floor":12,"turns":7},{"damage":0,"enemies":"2 Louse","floor":14,"turns":1},{"damage":78,"enemies":"The Guardian","floor":16,"turns":16},{"damage":9,"enemies":"3 Byrds","floor":18,"turns":3},{"damage":6,"enemies":"Shell Parasite","floor":19,"turns":3},{"damage":25,"enemies":"Book of Stabbing","floor":24,"turns":6},{"damage":14,"enemies":"Chosen and Byrds","floor":25,"turns":5},{"damage":3,"enemies":"Gremlin Leader","floor":28,"turns":5},{"damage":1,"enemies":"Centurion and Healer","floor":30,"turns":2},{"damage":0,"enemies":"Shelled Parasite and Fungi","floor":31,"turns":3},{"damage":30,"enemies":"Champ","floor":33,"turns":12}],"seed_played":"3458917051492455869","potions_obtained":[{"floor":1,"key":"Dexterity Potion"},{"floor":7,"key":"AttackPotion"},{"floor":14,"key":"SpeedPotion"},{"floor":16,"key":"Block Potion"},{"floor":19,"key":"BloodPotion"},{"floor":24,"key":"SteroidPotion"}],"is_trial":false,"path_per_floor":["M","?","?","$","?","E","M","E","T","R","?","E","?","M","R","B",null,"M","M","$","T","?","R","E","M","T","R","E","?","M","M","R","B"],"character_chosen":"IRONCLAD","items_purchased":["Juzu Bracelet","Uppercut","Flex","Metallicize","MawBank"],"campfire_rested":1,"item_purchase_floors":[4,4,20,20,20],"current_hp_per_floor":[79,72,72,72,61,37,37,30,30,54,54,48,80,80,80,8,80,77,77,77,77,77,77,58,50,50,50,53,40,40,40,40,14],"gold":375,"neow_bonus":"HUNDRED_GOLD","is_prod":false,"is_daily":false,"chose_seed":false,"campfire_upgraded":4,"win_rate":0,"timestamp":1548109333,"path_taken":["M","?","?","$","?","E","M","E","T","R","?","E","?","M","R","BOSS","M","M","$","?","?","R","E","M","T","R","E","?","M","M","R","BOSS"],"build_version":"2018-11-15","purchased_purges":2,"victory":false,"max_hp_per_floor":[80,80,80,80,80,80,80,80,80,80,80,80,80,80,80,80,80,80,80,80,80,80,80,80,80,80,80,80,40,40,40,40,40],"card_choices":[{"not_picked":["Blood for Blood","Dropkick"],"picked":"Infernal Blade","floor":1},{"not_picked":["Searing Blow","Iron Wave"],"picked":"Headbutt","floor":6},{"not_picked":["Seeing Red","Flame Barrier"],"picked":"Shrug It Off","floor":7},{"not_picked":["Perfected Strike","Headbutt"],"picked":"Double Tap","floor":8},{"not_picked":["Reckless Charge","Burning Pact"],"picked":"Shrug It Off","floor":12},{"not_picked":["Heavy Blade","Blood for Blood","Twin Strike"],"picked":"Flame Barrier","floor":14},{"not_picked":["Reaper","Barricade","Exhume"],"picked":"Offering","floor":16},{"not_picked":["Anger","Cleave"],"picked":"SKIP","floor":18},{"not_picked":["Pummel+1","Rage"],"picked":"SKIP","floor":19},{"not_picked":["Cleave","Dual Wield"],"picked":"SKIP","floor":24},{"not_picked":["Clothesline+1"],"picked":"Whirlwind","floor":25},{"not_picked":["Thunderclap","Iron Wave+1"],"picked":"SKIP","floor":28},{"not_picked":["Feel No Pain","Thunderclap"],"picked":"SKIP","floor":30},{"not_picked":["Corruption","Impervious"],"picked":"SKIP","floor":30},{"not_picked":["Twin Strike"],"picked":"Battle Trance","floor":31},{"not_picked":["Cleave","Clothesline"],"picked":"SKIP","floor":31}],"player_experience":300345,"relics_obtained":[{"floor":6,"key":"Gremlin Horn"},{"floor":8,"key":"FossilizedHelix"},{"floor":9,"key":"Letter Opener"},{"floor":12,"key":"Question Card"},{"floor":21,"key":"Potion Belt"},{"floor":24,"key":"War Paint"},{"floor":26,"key":"Prayer Wheel"},{"floor":28,"key":"Blood Vial"}],"event_choices":[{"cards_removed":["Strike_R"],"damage_healed":0,"gold_gain":0,"player_choice":"Card Removal","damage_taken":7,"max_hp_gain":0,"max_hp_loss":0,"event_name":"Golden Wing","floor":2,"gold_loss":0},{"damage_healed":0,"gold_gain":175,"player_choice":"AGREE","damage_taken":0,"max_hp_gain":0,"max_hp_loss":0,"event_name":"Liars Game","floor":3,"gold_loss":0,"cards_obtained":["Doubt"]},{"damage_healed":0,"gold_gain":75,"player_choice":"Gather Gold","damage_taken":11,"max_hp_gain":0,"max_hp_loss":0,"event_name":"World of Goop","floor":5,"gold_loss":0},{"cards_removed":["Strike_R"],"damage_healed":0,"gold_gain":0,"player_choice":"Offered Basic","damage_taken":0,"max_hp_gain":0,"max_hp_loss":0,"event_name":"Bonfire Elementals","floor":11,"gold_loss":0},{"damage_healed":32,"gold_gain":0,"player_choice":"Full Heal","damage_taken":0,"max_hp_gain":0,"max_hp_loss":0,"event_name":"Wheel of Change","floor":13,"gold_loss":0},{"damage_healed":0,"gold_gain":0,"player_choice":"Trade","damage_taken":0,"relics_obtained":["CultistMask"],"max_hp_gain":0,"max_hp_loss":0,"event_name":"FaceTrader","floor":22,"gold_loss":0},{"damage_healed":0,"gold_gain":0,"player_choice":"Became a Ghost","damage_taken":0,"max_hp_gain":0,"max_hp_loss":40,"event_name":"Ghosts","floor":29,"gold_loss":0,"cards_obtained":["Ghostly","Ghostly","Ghostly","Ghostly","Ghostly"]}],"is_beta":false,"boss_relics":[{"not_picked":["Orrery","Pandora\u0027s Box"],"picked":"Busted Crown"}],"items_purged_floors":[4,20],"is_endless":false,"potions_floor_spawned":[1,7,14,16,19,24],"killed_by":"Champ","ascension_level":1}