{"gold_per_floor":[112,187,187,197,197,197,231,156,211,211,244,264,279,298,298,401,401,420,434,434,434],"floor_reached":21,"playtime":1197,"items_purged":["Strike_R"],"score":252,"play_id":"eb7b6f96-363c-4f6e-9bc9-ac682f326d87","local_time":"20190221235517","is_ascension_mode":true,"campfire_choices":[{"data":"Rage","floor":6,"key":"SMITH"},{"data":"Twin Strike","floor":10,"key":"SMITH"},{"floor":15,"key":"REST"}],"neow_cost":"NONE","seed_source_timestamp":585046944084504,"circlet_count":0,"master_deck":["Strike_R","Strike_R","Strike_R","Strike_R","Defend_R","Defend_R","Defend_R","Defend_R","Bash+1","Twin Strike+1","Rage+1","Thunderclap","Inflame","Spot Weakness","Demon Form","Rampage","Seeing Red","Heavy Blade","Shockwave","Writhe"],"relics":["Burning Blood","Blood Vial","Smiling Mask","Singing Bowl","Orrery","Dream Catcher"],"potions_floor_usage":[15,16,16,16,16],"damage_taken":[{"damage":1,"enemies":"2 Louse","floor":1,"turns":3},{"damage":7,"enemies":"Small Slimes","floor":4,"turns":4},{"damage":29,"enemies":"Gremlin Nob","floor":7,"turns":4},{"damage":25,"enemies":"3 Sentries","floor":11,"turns":8},{"damage":2,"enemies":"Jaw Worm","floor":12,"turns":2},{"damage":15,"enemies":"2 Fungi Beasts","floor":13,"turns":3},{"damage":14,"enemies":"Exordium Thugs","floor":14,"turns":5},{"damage":58,"enemies":"Hexaghost","floor":16,"turns":8},{"damage":36,"enemies":"2 Thieves","floor":18,"turns":4},{"damage":53,"enemies":"3 Byrds","floor":19,"turns":7},{"damage":17,"enemies":"Colosseum Slavers","floor":21,"turns":3}],"seed_played":"-1249901798537218931","potions_obtained":[{"floor":11,"key":"SneckoOil"},{"floor":13,"key":"EntropicBrew"},{"floor":14,"key":"Fruit Juice"}],"is_trial":false,"path_per_floor":["M","?","?","M","?","R","E","$","T","R","E","M","M","M","R","B",null,"M","M","?","?"],"character_chosen":"IRONCLAD","items_purchased":[],"campfire_rested":1,"item_purchase_floors":[],"current_hp_per_floor":[80,69,74,73,73,73,50,50,50,50,35,41,36,30,61,60,98,68,25,25,10],"gold":434,"neow_bonus":"THREE_CARDS","is_prod":false,"is_daily":false,"chose_seed":false,"campfire_upgraded":2,"win_rate":0,"timestamp":1550789717,"path_taken":["M","?","?","M","?","R","E","$","T","R","E","M","M","M","R","BOSS","M","M","?","?"],"build_version":"2019-01-23","purchased_purges":1,"victory":false,"max_hp_per_floor":[80,80,85,85,85,85,85,85,85,85,87,87,89,89,94,94,98,98,100,100,100],"card_choices":[{"not_picked":["Thunderclap","Fire Breathing"],"picked":"Twin Strike","floor":0},{"not_picked":["Havoc","Clothesline"],"picked":"Rage","floor":1},{"not_picked":["Iron Wave","Heavy Blade"],"picked":"Thunderclap","floor":4},{"not_picked":["Combust","Dual Wield","Sword Boomerang"],"picked":"SKIP","floor":7},{"not_picked":["Anger","Heavy Blade","Reckless Charge"],"picked":"Singing Bowl","floor":11},{"not_picked":["Flame Barrier","Double Tap"],"picked":"Inflame","floor":12},{"not_picked":["Sword Boomerang","Clothesline","Pommel Strike"],"picked":"Singing Bowl","floor":13},{"not_picked":["Disarm","Havoc"],"picked":"Spot Weakness","floor":14},{"not_picked":["Berserk","Bludgeon"],"picked":"Demon Form","floor":16},{"not_picked":["Battle Trance","Havoc"],"picked":"Rampage","floor":17},{"not_picked":["Perfected Strike","Heavy Blade"],"picked":"Seeing Red","floor":17},{"not_picked":["Fire Breathing","Anger"],"picked":"Heavy Blade","floor":17},{"not_picked":["Wild Strike","Iron Wave","Thunderclap"],"picked":"Singing Bowl","floor":17},{"not_picked":["Bloodletting","True Grit","Cleave"],"picked":"Singing Bowl","floor":17},{"not_picked":["Intimidate+1","Flex"],"picked":"Shockwave","floor":18},{"not_picked":["Burning Pact","Body Slam+1","Sever Soul+1"],"picked":"Singing Bowl","floor":19}],"player_experience":331633,"relics_obtained":[{"floor":7,"key":"Blood Vial"},{"floor":9,"key":"Smiling Mask"},{"floor":11,"key":"Singing Bowl"}],"event_choices":[{"damage_healed":0,"gold_gain":75,"player_choice":"Gather Gold","damage_taken":11,"max_hp_gain":0,"max_hp_loss":0,"event_name":"World of Goop","floor":2,"gold_loss":0},{"damage_healed":0,"gold_gain":0,"player_choice":"Donut","damage_taken":0,"max_hp_gain":5,"max_hp_loss":0,"event_name":"Big Fish","floor":3,"gold_loss":0},{"damage_healed":0,"gold_gain":0,"player_choice":"Grow","damage_taken":0,"max_hp_gain":0,"max_hp_loss":0,"event_name":"Living Wall","floor":5,"gold_loss":0,"cards_upgraded":["Bash"]},{"damage_healed":0,"gold_gain":0,"player_choice":"Opened","damage_taken":0,"relics_obtained":["Dream Catcher"],"max_hp_gain":0,"max_hp_loss":0,"event_name":"The Mausoleum","floor":20,"gold_loss":0,"cards_obtained":["Writhe"]},{"damage_healed":0,"gold_gain":0,"player_choice":"Fight","damage_taken":0,"max_hp_gain":0,"max_hp_loss":0,"event_name":"Colosseum","floor":21,"gold_loss":0}],"is_beta":false,"boss_relics":[{"not_picked":["Runic Dome","Eternal Feather"],"picked":"Orrery"}],"items_purged_floors":[8],"is_endless":false,"potions_floor_spawned":[11,13,14],"killed_by":"Colosseum Slavers","ascension_level":4}