{"gold_per_floor":[10,30,46,64,78,110,110,144,144,174,174,201,201,219,219,318,318,330,348,359,359,378,378,411,426,426,74,74,74,109,119,119,222,222,239,539,62,72,92,119,119,148,148,164,164,197,210,239,239,239,239,239,9,38,38],"floor_reached":56,"playtime":5992,"items_purged":["Pain","Strike_G+1"],"score":1657,"play_id":"a86ce4c0-83f0-4356-91a0-39ff7cbca2bd","local_time":"20190131004442","is_ascension_mode":true,"campfire_choices":[{"data":"A Thousand Cuts","floor":7,"key":"SMITH"},{"data":"Bouncing Flask","floor":11,"key":"SMITH"},{"floor":13,"key":"REST"},{"data":"Reflex","floor":15,"key":"SMITH"},{"floor":23,"key":"REST"},{"data":"Tactician","floor":29,"key":"SMITH"},{"data":"Malaise","floor":32,"key":"SMITH"},{"floor":41,"key":"RECALL"},{"data":"Cloak And Dagger","floor":45,"key":"SMITH"},{"data":"Neutralize","floor":49,"key":"SMITH"},{"data":"Survivor","floor":52,"key":"SMITH"}],"neow_cost":"NO_GOLD","seed_source_timestamp":3930851666680614,"circlet_count":0,"master_deck":["Defend_G+1","Defend_G+1","Defend_G+1","Defend_G+1","Strike_G+1","Strike_G+1","Strike_G+1","Survivor+1","Neutralize+1","Bouncing Flask+1","Dagger Throw","Poisoned Stab","Backstab","A Thousand Cuts+1","Tactician+1","Reflex+1","Concentrate","Malaise+1","PiercingWail","Choke","Cloak And Dagger+1","Dagger Spray","Outmaneuver+1","Dagger Throw+1","Dodge and Roll+1","Deflect+1","Predator","Leg Sweep+1","Cloak And Dagger+1","Burst+1","Backflip+1","Predator","Underhanded Strike","Cloak And Dagger+1","Reflex+1","Cloak And Dagger+1","Footwork+1","Footwork+1","Dodge and Roll+1","Burst+1","Tactician+1","Dodge and Roll+1"],"relics":["Ring of the Snake","Vajra","Ice Cream","Centennial Puzzle","Oddly Smooth Stone","Bottled Flame","Snecko Eye","WarpedTongs","Bronze Scales","Toxic Egg 2","Ancient Tea Set","Red Mask","HoveringKite","Dead Branch","Pocketwatch","Frozen Egg 2","Pear","Dream Catcher","Orichalcum"],"potions_floor_usage":[2,16,18,18,20,33,55,55],"damage_taken":[{"damage":0,"enemies":"Cultist","floor":1,"turns":4},{"damage":1,"enemies":"Jaw Worm","floor":2,"turns":7},{"damage":0,"enemies":"Small Slimes","floor":3,"turns":5},{"damage":5,"enemies":"2 Fungi Beasts","floor":4,"turns":4},{"damage":12,"enemies":"Large Slime","floor":5,"turns":6},{"damage":0,"enemies":"Gremlin Nob","floor":6,"turns":3},{"damage":16,"enemies":"Lagavulin","floor":8,"turns":7},{"damage":9,"enemies":"3 Sentries","floor":10,"turns":5},{"damage":9,"enemies":"Lagavulin","floor":12,"turns":5},{"damage":8,"enemies":"Lots of Slimes","floor":14,"turns":2},{"damage":9,"enemies":"The Guardian","floor":16,"turns":7},{"damage":0,"enemies":"Spheric Guardian","floor":18,"turns":4},{"damage":9,"enemies":"2 Thieves","floor":19,"turns":4},{"damage":2,"enemies":"Centurion and Healer","floor":20,"turns":5},{"damage":7,"enemies":"Snake Plant","floor":22,"turns":5},{"damage":3,"enemies":"Gremlin Leader","floor":24,"turns":6},{"damage":13,"enemies":"Snecko","floor":25,"turns":4},{"damage":0,"enemies":"Masked Bandits","floor":30,"turns":2},{"damage":0,"enemies":"3 Cultists","floor":31,"turns":3},{"damage":0,"enemies":"Automaton","floor":33,"turns":8},{"damage":0,"enemies":"Orb Walker","floor":35,"turns":3},{"damage":0,"enemies":"3 Shapes","floor":38,"turns":3},{"damage":6,"enemies":"Maw","floor":39,"turns":6},{"damage":5,"enemies":"Reptomancer","floor":40,"turns":6},{"damage":0,"enemies":"Giant Head","floor":42,"turns":5},{"damage":0,"enemies":"Writhing Mass","floor":44,"turns":4},{"damage":0,"enemies":"Nemesis","floor":46,"turns":3},{"damage":2,"enemies":"3 Darklings","floor":47,"turns":5},{"damage":0,"enemies":"Giant Head","floor":48,"turns":7},{"damage":0,"enemies":"Awakened One","floor":50,"turns":9},{"damage":0,"enemies":"Shield and Spear","floor":54,"turns":5},{"damage":23,"enemies":"The Heart","floor":55,"turns":7}],"seed_played":"-8366719234874908767","potions_obtained":[{"floor":1,"key":"Explosive Potion"},{"floor":3,"key":"GhostInAJar"},{"floor":5,"key":"PowerPotion"},{"floor":6,"key":"Fire Potion"},{"floor":16,"key":"LiquidBronze"},{"floor":19,"key":"Energy Potion"},{"floor":22,"key":"GamblersBrew"},{"floor":24,"key":"PowerPotion"},{"floor":31,"key":"GhostInAJar"},{"floor":33,"key":"Regen Potion"},{"floor":48,"key":"Weak Potion"}],"is_trial":false,"path_per_floor":["M","M","M","M","M","E","R","E","T","E","R","E","R","M","R","B",null,"M","M","M","?","M","R","E","M","T","$","?","R","?","M","R","B",null,"M","?","$","M","M","E","R","E","T","M","R","E","M","E","R","B",null,"R","$","E","B",null],"character_chosen":"THE_SILENT","items_purchased":["Dodge and Roll+1","Deflect+1","Ancient Tea Set","Predator","Dead Branch","Predator","Burst+1","Tactician+1"],"campfire_rested":2,"item_purchase_floors":[27,27,27,27,37,37,53,53],"current_hp_per_floor":[70,69,69,64,52,52,52,36,36,27,27,18,39,31,31,22,70,70,61,59,59,52,70,67,54,54,54,54,54,54,54,54,54,70,70,70,70,70,64,59,59,59,59,59,59,69,67,67,67,67,80,80,80,80,57],"gold":38,"neow_bonus":"REMOVE_TWO","is_prod":false,"is_daily":false,"chose_seed":false,"campfire_upgraded":8,"win_rate":0,"timestamp":1548913482,"path_taken":["M","M","M","M","M","E","R","E","T","E","R","E","R","M","R","BOSS","M","?","M","?","?","R","E","M","T","$","?","R","?","M","R","BOSS","M","?","$","?","M","E","R","E","T","M","R","E","M","E","R","BOSS","R","$","E","BOSS"],"build_version":"2019-01-23","purchased_purges":2,"victory":true,"max_hp_per_floor":[70,70,70,70,70,70,70,70,70,70,70,70,70,70,70,70,70,70,70,70,70,70,70,70,70,70,70,70,70,70,70,70,70,70,70,70,70,70,70,70,70,70,70,70,70,80,80,80,80,80,80,80,80,80,80],"card_choices":[{"not_picked":["Eviscerate","Distraction","Underhanded Strike"],"picked":"SKIP","floor":1},{"not_picked":["Bane","Calculated Gamble"],"picked":"Bouncing Flask","floor":2},{"not_picked":["Quick Slash","Riddle With Holes"],"picked":"Dagger Throw","floor":3},{"not_picked":["Dagger Throw","Underhanded Strike"],"picked":"Poisoned Stab","floor":4},{"not_picked":["Dodge and Roll","Quick Slash"],"picked":"Backstab","floor":5},{"not_picked":["Blade Dance","Acrobatics"],"picked":"A Thousand Cuts","floor":6},{"not_picked":["Bouncing Flask","Reflex","Backstab"],"picked":"SKIP","floor":8},{"not_picked":["Bouncing Flask","Reflex"],"picked":"Tactician","floor":10},{"not_picked":["Endless Agony","Finisher"],"picked":"Reflex","floor":12},{"not_picked":["Flying Knee","Skewer"],"picked":"Concentrate","floor":14},{"not_picked":["Storm of Steel","Night Terror"],"picked":"Malaise","floor":16},{"not_picked":["Infinite Blades","Backflip"],"picked":"PiercingWail","floor":18},{"not_picked":["Slice","Quick Slash+1"],"picked":"Choke","floor":19},{"not_picked":["Terror+1","Dagger Spray"],"picked":"Cloak And Dagger","floor":20},{"not_picked":["All Out Attack","Outmaneuver"],"picked":"Dagger Spray","floor":22},{"not_picked":["Phantasmal Killer","Infinite Blades"],"picked":"Outmaneuver+1","floor":24},{"not_picked":["Slice","Prepared+1"],"picked":"Dagger Throw+1","floor":25},{"not_picked":["Distraction+1","Expertise+1"],"picked":"Leg Sweep+1","floor":30},{"not_picked":["Caltrops+1","Outmaneuver+1"],"picked":"Cloak And Dagger+1","floor":31},{"not_picked":["Malaise+1","Storm of Steel+1"],"picked":"Burst+1","floor":33},{"not_picked":["Flying Knee+1","Dodge and Roll+1"],"picked":"Backflip+1","floor":35},{"not_picked":["Finisher","Quick Slash"],"picked":"Underhanded Strike","floor":38},{"not_picked":["Dagger Throw","Deadly Poison+1","Dagger Spray+1"],"picked":"SKIP","floor":39},{"not_picked":["Calculated Gamble+1","Bane"],"picked":"Cloak And Dagger+1","floor":40},{"not_picked":["Finisher","Flechettes+1"],"picked":"Reflex+1","floor":42},{"not_picked":["Flechettes+1","Blur+1"],"picked":"Cloak And Dagger+1","floor":44},{"not_picked":["Adrenaline+1","Noxious Fumes+1"],"picked":"Footwork+1","floor":46},{"not_picked":["Sucker Punch","Dagger Throw"],"picked":"Footwork+1","floor":47},{"not_picked":["Calculated Gamble+1","Accuracy+1"],"picked":"Dodge and Roll+1","floor":48},{"not_picked":["Crippling Poison+1","PiercingWail+1"],"picked":"Dodge and Roll+1","floor":54}],"player_experience":4286638,"relics_obtained":[{"floor":6,"key":"Vajra"},{"floor":8,"key":"Ice Cream"},{"floor":9,"key":"Centennial Puzzle"},{"floor":10,"key":"Oddly Smooth Stone"},{"floor":12,"key":"Bottled Flame"},{"floor":24,"key":"Bronze Scales"},{"floor":26,"key":"Toxic Egg 2"},{"floor":30,"key":"Red Mask"},{"floor":40,"key":"Pocketwatch"},{"floor":42,"key":"Frozen Egg 2"},{"floor":46,"key":"Pear"},{"floor":48,"key":"Dream Catcher"},{"floor":54,"key":"Orichalcum"}],"event_choices":[{"damage_healed":0,"gold_gain":0,"player_choice":"Rummage","damage_taken":0,"relics_obtained":["WarpedTongs"],"max_hp_gain":0,"max_hp_loss":0,"event_name":"Accursed Blacksmith","floor":21,"gold_loss":0,"cards_obtained":["Pain"]},{"damage_healed":0,"gold_gain":0,"player_choice":"Simplicity","damage_taken":0,"max_hp_gain":0,"max_hp_loss":0,"event_name":"Back to Basics","floor":28,"gold_loss":0,"cards_upgraded":["Defend_G","Defend_G","Defend_G","Defend_G","Strike_G","Strike_G","Strike_G","Strike_G"]},{"damage_healed":0,"gold_gain":0,"player_choice":"Fought Bandits","damage_taken":0,"max_hp_gain":0,"max_hp_loss":0,"event_name":"Masked Bandits","floor":30,"gold_loss":0},{"damage_healed":0,"gold_gain":300,"player_choice":"Gold","damage_taken":0,"max_hp_gain":0,"max_hp_loss":0,"event_name":"Wheel of Change","floor":36,"gold_loss":0}],"is_beta":true,"boss_relics":[{"not_picked":["Empty Cage","Calling Bell"],"picked":"Snecko Eye"},{"not_picked":["Sozu","Eternal Feather"],"picked":"HoveringKite"}],"items_purged_floors":[27,37],"is_endless":false,"potions_floor_spawned":[1,3,5,6,12,16,19,22,24,31,33,35,38,42,46,48,54],"ascension_level":1}