{"gold_per_floor":[110,35,45,58,58,84,54,54,79,111,139,162,186,213,225,334,346,378,212,311,311,311,345,345,345],"floor_reached":25,"playtime":2068,"items_purged":["Strike_B","Strike_B"],"score":231,"play_id":"5498372b-e807-4100-afcf-978e374b5032","local_time":"20190221161157","is_ascension_mode":false,"campfire_choices":[{"floor":8,"key":"REST"},{"floor":15,"key":"REST"},{"floor":24,"key":"REST"}],"neow_cost":"NONE","seed_source_timestamp":136729716217409,"circlet_count":0,"master_deck":["Strike_B","Strike_B","Defend_B","Defend_B+1","Defend_B","Zap","Dualcast","Impatience","Leap+1","White Noise","Capacitor","Heatsinks","Core Surge","Go for the Eyes","Defragment","Biased Cognition","Static Discharge","Defragment"],"relics":["Cracked Core","Boot","War Paint","MawBank","Nuclear Battery","Shuriken","Vajra"],"potions_floor_usage":[6,10,10,11,13,23],"damage_taken":[{"damage":5,"enemies":"Small Slimes","floor":1,"turns":3},{"damage":0,"enemies":"Cultist","floor":3,"turns":4},{"damage":2,"enemies":"2 Louse","floor":4,"turns":3},{"damage":21,"enemies":"Lagavulin","floor":6,"turns":5},{"damage":23,"enemies":"3 Sentries","floor":10,"turns":9},{"damage":3,"enemies":"Large Slime","floor":11,"turns":4},{"damage":9,"enemies":"2 Fungi Beasts","floor":12,"turns":3},{"damage":0,"enemies":"Looter","floor":13,"turns":2},{"damage":0,"enemies":"3 Louse","floor":14,"turns":3},{"damage":18,"enemies":"Slime Boss","floor":16,"turns":6},{"damage":27,"enemies":"Spheric Guardian","floor":18,"turns":4},{"damage":39,"enemies":"Gremlin Leader","floor":23,"turns":6},{"damage":33,"enemies":"Book of Stabbing","floor":25,"turns":4}],"seed_played":"7857344380976042177","potions_obtained":[{"floor":4,"key":"Weak Potion"},{"floor":6,"key":"FearPotion"},{"floor":7,"key":"FocusPotion"},{"floor":7,"key":"Swift Potion"},{"floor":10,"key":"Strength Potion"},{"floor":12,"key":"Fire Potion"},{"floor":13,"key":"Ancient Potion"}],"is_trial":false,"path_per_floor":["M","$","M","M","?","E","?","R","T","E","M","M","M","M","R","B",null,"M","$","?","?","?","E","R","E"],"character_chosen":"DEFECT","items_purchased":["Static Discharge"],"campfire_rested":3,"item_purchase_floors":[19],"current_hp_per_floor":[70,70,70,68,68,47,47,69,69,46,43,34,34,34,56,38,75,48,48,48,48,48,9,31,0],"gold":345,"neow_bonus":"RANDOM_COLORLESS","is_prod":false,"is_daily":false,"chose_seed":false,"campfire_upgraded":0,"win_rate":0.0,"timestamp":1550783517,"path_taken":["M","$","M","M","?","E","?","R","T","E","?","M","M","M","R","BOSS","M","$","?","?","?","E","R","E"],"build_version":"2019-01-23","purchased_purges":2,"victory":false,"max_hp_per_floor":[75,75,75,75,75,75,75,75,75,75,75,75,75,75,75,75,75,75,75,75,75,75,75,75,75],"card_choices":[{"not_picked":["Ball Lightning","Turbo"],"picked":"Leap","floor":1},{"not_picked":["Coolheaded","Leap"],"picked":"White Noise","floor":3},{"not_picked":["Compile Driver","Chill"],"picked":"Capacitor","floor":4},{"not_picked":["Hyperbeam","Coolheaded"],"picked":"Heatsinks","floor":6},{"not_picked":["Go for the Eyes","Hyperbeam"],"picked":"Core Surge","floor":10},{"not_picked":["Sweeping Beam","Rip and Tear"],"picked":"Go for the Eyes","floor":11},{"not_picked":["Hologram","Beam Cell","Cold Snap"],"picked":"SKIP","floor":12},{"not_picked":["Gash","Skim","Lockon"],"picked":"SKIP","floor":13},{"not_picked":["Ball Lightning","Steam"],"picked":"Defragment","floor":14},{"not_picked":["Hyperbeam","All For One"],"picked":"Biased Cognition","floor":16},{"not_picked":["Beam Cell","Cold Snap+1","Stack"],"picked":"SKIP","floor":18},{"not_picked":["Compile Driver","Go for the Eyes"],"picked":"Defragment","floor":23}],"player_experience":136315,"relics_obtained":[{"floor":6,"key":"Boot"},{"floor":9,"key":"War Paint"},{"floor":10,"key":"MawBank"},{"floor":23,"key":"Vajra"}],"event_choices":[{"cards_removed":["Defend_B"],"damage_healed":0,"gold_gain":0,"player_choice":"Forget","damage_taken":0,"max_hp_gain":0,"max_hp_loss":0,"event_name":"Living Wall","floor":5,"gold_loss":0},{"damage_healed":0,"gold_gain":0,"player_choice":"Bought 2 Potions","damage_taken":0,"max_hp_gain":0,"max_hp_loss":0,"event_name":"The Woman in Blue","floor":7,"gold_loss":0},{"damage_healed":0,"gold_gain":99,"player_choice":"Stole From Cult","damage_taken":0,"max_hp_gain":0,"max_hp_loss":0,"event_name":"Nest","floor":20,"gold_loss":0},{"damage_healed":0,"gold_gain":0,"player_choice":"Opened","damage_taken":0,"relics_obtained":["Shuriken"],"max_hp_gain":0,"max_hp_loss":0,"event_name":"The Mausoleum","floor":21,"gold_loss":0},{"damage_healed":0,"gold_gain":0,"player_choice":"Ignored","damage_taken":0,"max_hp_gain":0,"max_hp_loss":0,"event_name":"Ghosts","floor":22,"gold_loss":0}],"is_beta":false,"boss_relics":[{"not_picked":["Eternal Feather","Calling Bell"],"picked":"Nuclear Battery"}],"items_purged_floors":[2,19],"is_endless":false,"potions_floor_spawned":[4,6,10,12,13],"killed_by":"Book of Stabbing","ascension_level":0}