{"gold_per_floor":[215,290,44,57,57,57,57,90,90,90,101,20,40,66,66,162,162,178,198,211,136,152,152,180,191,270,305,305,321,59,91,91,187,187,200,300,314,314,329,329,358,358,385,398,398,415,449,326,326,326,326,326,39,69,69],"floor_reached":56,"playtime":4656,"items_purged":["Shame","Strike_G"],"score":1613,"play_id":"49ffac81-f044-4468-a997-fa86f7334d0a","local_time":"20190208052318","is_ascension_mode":true,"campfire_choices":[{"data":"Discovery","floor":6,"key":"SMITH"},{"data":"Neutralize","floor":10,"key":"SMITH"},{"data":"Bouncing Flask","floor":15,"key":"SMITH"},{"data":"Malaise","floor":23,"key":"SMITH"},{"data":"Adrenaline","floor":28,"key":"SMITH"},{"data":"Discovery","floor":32,"key":"SMITH"},{"floor":40,"key":"RECALL"},{"data":"Burst","floor":42,"key":"SMITH"},{"data":"Doubt","floor":45,"key":"PURGE"},{"data":"Strike_G","floor":49,"key":"PURGE"},{"data":"Strike_G+1","floor":52,"key":"PURGE"}],"neow_cost":"NONE","seed_source_timestamp":4639983962146344,"circlet_count":0,"master_deck":["Defend_G","Defend_G","Defend_G","Defend_G","Defend_G","Survivor","Neutralize+1","Well Laid Plans+1","Discovery+1","Quick Slash","Dodge and Roll","PiercingWail","Footwork+1","Poisoned Stab","Bouncing Flask+1","Malaise+1","PiercingWail","Poisoned Stab","Adrenaline+1","Footwork+1","Discovery+1","Backflip","Infinite Blades+1","Noxious Fumes+1","Burst+1","Catalyst+1","Dodge and Roll","Masterful Stab","Dash+1","Dash+1","Backflip","Flying Knee+1","Blur","Blind","Tools of the Trade+1"],"relics":["Ring of the Snake","PreservedInsect","Blood Vial","Frozen Egg 2","Bronze Scales","Cursed Key","Matryoshka","Smiling Mask","Mercury Hourglass","Ginger","Philosopher\u0027s Stone","Peace Pipe","Paper Crane","Orichalcum","Dream Catcher","Prayer Wheel","TwistedFunnel","Du-Vu Doll"],"potions_floor_usage":[16,16,20,25,27,27,41,47,54,55],"damage_taken":[{"damage":0,"enemies":"Small Slimes","floor":1,"turns":4},{"damage":0,"enemies":"Jaw Worm","floor":4,"turns":4},{"damage":9,"enemies":"3 Sentries","floor":8,"turns":6},{"damage":0,"enemies":"Cultist","floor":11,"turns":2},{"damage":0,"enemies":"2 Fungi Beasts","floor":13,"turns":5},{"damage":10,"enemies":"Gremlin Nob","floor":14,"turns":4},{"damage":0,"enemies":"Slime Boss","floor":16,"turns":13},{"damage":0,"enemies":"Shell Parasite","floor":18,"turns":5},{"damage":2,"enemies":"3 Byrds","floor":19,"turns":3},{"damage":1,"enemies":"3 Cultists","floor":20,"turns":7},{"damage":0,"enemies":"Centurion and Healer","floor":22,"turns":10},{"damage":0,"enemies":"Book of Stabbing","floor":24,"turns":6},{"damage":16,"enemies":"Cultist and Chosen","floor":25,"turns":7},{"damage":8,"enemies":"Gremlin Leader","floor":27,"turns":6},{"damage":0,"enemies":"Snake Plant","floor":29,"turns":4},{"damage":0,"enemies":"Book of Stabbing","floor":31,"turns":5},{"damage":0,"enemies":"Automaton","floor":33,"turns":9},{"damage":0,"enemies":"3 Darklings","floor":35,"turns":5},{"damage":0,"enemies":"Mind Bloom Boss Battle","floor":36,"turns":6},{"damage":0,"enemies":"3 Shapes","floor":37,"turns":4},{"damage":5,"enemies":"Jaw Worm Horde","floor":39,"turns":7},{"damage":0,"enemies":"Nemesis","floor":41,"turns":9},{"damage":2,"enemies":"Writhing Mass","floor":44,"turns":6},{"damage":7,"enemies":"4 Shapes","floor":46,"turns":6},{"damage":10,"enemies":"Reptomancer","floor":47,"turns":6},{"damage":1,"enemies":"Time Eater","floor":50,"turns":14},{"damage":13,"enemies":"Shield and Spear","floor":54,"turns":7},{"damage":0,"enemies":"The Heart","floor":55,"turns":10}],"seed_played":"-3659311605930380065","potions_obtained":[{"floor":11,"key":"SpeedPotion"},{"floor":13,"key":"SkillPotion"},{"floor":16,"key":"Dexterity Potion"},{"floor":18,"key":"Energy Potion"},{"floor":22,"key":"AttackPotion"},{"floor":24,"key":"LiquidBronze"},{"floor":25,"key":"Block Potion"},{"floor":35,"key":"SkillPotion"},{"floor":36,"key":"FearPotion"},{"floor":39,"key":"Energy Potion"},{"floor":47,"key":"Swift Potion"}],"is_trial":false,"path_per_floor":["M","?","$","M","?","R","?","E","T","R","M","$","M","E","R","B",null,"M","M","M","?","M","R","E","M","T","E","R","M","$","E","R","B",null,"M","?","M","?","M","R","E","R","T","M","R","M","E","$","R","B",null,"R","$","E","B",null],"character_chosen":"THE_SILENT","items_purchased":["PreservedInsect","Discovery","Footwork+1","Discovery","Backflip","Infinite Blades+1","Blur","Blind","TwistedFunnel"],"campfire_rested":0,"item_purchase_floors":[3,3,12,30,30,30,48,53,53],"current_hp_per_floor":[70,59,59,59,45,45,68,59,59,59,61,61,63,55,55,57,70,70,68,69,69,70,70,70,54,54,48,48,50,50,52,52,54,70,70,70,70,70,65,65,67,67,67,67,67,62,54,54,54,55,70,70,70,57,59],"gold":69,"neow_bonus":"HUNDRED_GOLD","is_prod":false,"is_daily":false,"chose_seed":false,"campfire_upgraded":7,"win_rate":0,"timestamp":1549621398,"path_taken":["M","?","$","M","?","R","?","E","T","R","M","?","?","E","R","BOSS","M","M","M","?","M","R","E","M","T","E","R","M","$","E","R","BOSS","M","?","M","?","M","R","E","R","T","M","R","M","E","?","R","BOSS","R","$","E","BOSS"],"build_version":"2019-02-06","purchased_purges":2,"victory":true,"max_hp_per_floor":[70,70,70,70,70,70,70,70,70,70,70,70,70,70,70,70,70,70,70,70,70,70,70,70,70,70,70,70,70,70,70,70,70,70,70,70,70,70,70,70,70,70,70,70,70,70,70,70,70,70,70,70,70,70,70],"card_choices":[{"not_picked":["Blade Dance","Bane"],"picked":"Well Laid Plans","floor":1},{"not_picked":["Underhanded Strike","Caltrops"],"picked":"Quick Slash","floor":4},{"not_picked":["Setup","Blade Dance"],"picked":"Dodge and Roll","floor":8},{"not_picked":["Phantasmal Killer","Dodge and Roll"],"picked":"PiercingWail","floor":11},{"not_picked":["Dash","Concentrate"],"picked":"Poisoned Stab","floor":13},{"not_picked":["Doppelganger","Poisoned Stab"],"picked":"Bouncing Flask","floor":14},{"not_picked":["Glass Knife","Doppelganger"],"picked":"Malaise","floor":16},{"not_picked":["Finisher","Endless Agony"],"picked":"PiercingWail","floor":18},{"not_picked":["Quick Slash","Outmaneuver","Riddle With Holes"],"picked":"SKIP","floor":19},{"not_picked":["Outmaneuver","Bane","Prepared"],"picked":"SKIP","floor":20},{"not_picked":["Dagger Throw","Prepared","Riddle With Holes"],"picked":"SKIP","floor":22},{"not_picked":["Dagger Throw","PiercingWail","Terror"],"picked":"SKIP","floor":24},{"not_picked":["Accuracy+1","Outmaneuver"],"picked":"Poisoned Stab","floor":25},{"not_picked":["Well Laid Plans+1","Cloak And Dagger+1"],"picked":"Adrenaline","floor":27},{"not_picked":["Flying Knee","Cloak And Dagger"],"picked":"Footwork+1","floor":29},{"not_picked":["Bane","Poisoned Stab"],"picked":"Noxious Fumes+1","floor":31},{"not_picked":["Tools of the Trade+1","Bullet Time"],"picked":"Burst","floor":33},{"not_picked":["Sucker Punch+1","Prepared"],"picked":"Catalyst+1","floor":35},{"not_picked":["Bane","Dagger Spray"],"picked":"Dodge and Roll","floor":36},{"not_picked":["Blade Dance+1","Eviscerate"],"picked":"Masterful Stab","floor":37},{"not_picked":["Caltrops+1","Cloak And Dagger+1"],"picked":"Dash+1","floor":39},{"not_picked":["Bane+1","Flying Knee"],"picked":"Dash+1","floor":41},{"not_picked":["Reflex","PiercingWail"],"picked":"Backflip","floor":44},{"not_picked":["Riddle With Holes+1","Deflect","Dagger Spray"],"picked":"SKIP","floor":46},{"not_picked":["Skewer","Expertise+1"],"picked":"Flying Knee+1","floor":47},{"not_picked":["Backflip","Dagger Throw"],"picked":"Tools of the Trade+1","floor":54}],"player_experience":4410920,"relics_obtained":[{"floor":8,"key":"Blood Vial"},{"floor":9,"key":"Frozen Egg 2"},{"floor":14,"key":"Bronze Scales"},{"floor":24,"key":"Matryoshka"},{"floor":26,"key":"Smiling Mask"},{"floor":27,"key":"Mercury Hourglass"},{"floor":31,"key":"Ginger"},{"floor":36,"key":"Peace Pipe"},{"floor":41,"key":"Paper Crane"},{"floor":43,"key":"Orichalcum"},{"floor":43,"key":"Dream Catcher"},{"floor":47,"key":"Prayer Wheel"},{"floor":54,"key":"Du-Vu Doll"}],"event_choices":[{"damage_healed":0,"gold_gain":75,"player_choice":"Gather Gold","damage_taken":11,"max_hp_gain":0,"max_hp_loss":0,"event_name":"World of Goop","floor":2,"gold_loss":0},{"damage_healed":0,"gold_gain":0,"player_choice":"Entered Light","damage_taken":14,"max_hp_gain":0,"max_hp_loss":0,"event_name":"Shining Light","floor":5,"gold_loss":0,"cards_upgraded":["Strike_G","Well Laid Plans"]},{"damage_healed":23,"gold_gain":0,"player_choice":"Banana","damage_taken":0,"max_hp_gain":0,"max_hp_loss":0,"event_name":"Big Fish","floor":7,"gold_loss":0},{"cards_removed":["Strike_G"],"damage_healed":0,"gold_gain":0,"player_choice":"Gave Gold","damage_taken":0,"max_hp_gain":0,"max_hp_loss":0,"event_name":"Beggar","floor":21,"gold_loss":75},{"damage_healed":0,"gold_gain":0,"player_choice":"Fight","damage_taken":0,"max_hp_gain":0,"max_hp_loss":0,"event_name":"MindBloom","floor":36,"gold_loss":0},{"cards_removed":["Strike_G"],"damage_healed":0,"gold_gain":0,"player_choice":"Removed Attack","damage_taken":0,"max_hp_gain":0,"max_hp_loss":0,"event_name":"Falling","floor":38,"gold_loss":0}],"is_beta":true,"boss_relics":[{"not_picked":["Tiny House","Astrolabe"],"picked":"Cursed Key"},{"not_picked":["Fusion Hammer","Sozu"],"picked":"Philosopher\u0027s Stone"}],"items_purged_floors":[30,48],"is_endless":false,"potions_floor_spawned":[11,13,16,18,22,24,25,35,36,39,47],"ascension_level":1}