{"gold_per_floor":[116,15,30,42,42,71,71,104,104,104,138,156,156,166,166,266,266,286,14,14,14,31,64,138,138,138,138,156,173,200,6,6,105,105,124,137,152,83,101,136,136,146,198,198,210,224,43,58,58,58],"floor_reached":51,"playtime":34106,"items_purged":["Strike_G","Flechettes+1"],"score":810,"play_id":"15dfe95c-41e3-442a-b89c-f0c293e79e4b","local_time":"20190220104900","is_ascension_mode":true,"campfire_choices":[{"data":"Neutralize","floor":7,"key":"SMITH"},{"floor":10,"key":"REST"},{"floor":15,"key":"REST"},{"data":"Tactician","floor":25,"key":"SMITH"},{"floor":27,"key":"REST"},{"floor":32,"key":"REST"},{"floor":41,"key":"REST"},{"floor":49,"key":"REST"}],"neow_cost":"NONE","seed_source_timestamp":418592308820519,"circlet_count":0,"master_deck":["Survivor","Neutralize+1","Acrobatics","Quick Slash","Underhanded Strike","Flying Knee","A Thousand Cuts+1","Infinite Blades+1","Dagger Throw+1","Tactician+1","After Image+1","Endless Agony+1","Bouncing Flask","Tools of the Trade+1","Corpse Explosion","Prepared","Calculated Gamble","PiercingWail","Distraction","Outmaneuver","Acrobatics+1","Sucker Punch+1","Setup","Outmaneuver","Predator+1","Adrenaline","Dagger Spray+1","Skewer+1","Eviscerate+1","Parasite","Dash+1","Terror","Calculated Gamble+1","Backflip+1","Underhanded Strike+1","Apotheosis","Noxious Fumes+1"],"relics":["Ring of the Snake","Frozen Egg 2","Potion Belt","Molten Egg 2","Blood Vial","Pandora\u0027s Box","Ninja Scroll","Dream Catcher","Meat on the Bone","Dodecahedron","Darkstone Periapt","Fusion Hammer","Matryoshka","Paper Crane","Omamori"],"potions_floor_usage":[11,11,16,33,39,40,46,50,50,50],"damage_taken":[{"damage":3,"enemies":"2 Louse","floor":1,"turns":3},{"damage":0,"enemies":"Small Slimes","floor":3,"turns":2},{"damage":0,"enemies":"Cultist","floor":4,"turns":4},{"damage":24,"enemies":"Lagavulin","floor":6,"turns":9},{"damage":25,"enemies":"Gremlin Nob","floor":8,"turns":5},{"damage":4,"enemies":"3 Sentries","floor":11,"turns":8},{"damage":7,"enemies":"Large Slime","floor":12,"turns":5},{"damage":18,"enemies":"Exordium Thugs","floor":14,"turns":3},{"damage":8,"enemies":"Slime Boss","floor":16,"turns":6},{"damage":12,"enemies":"Spheric Guardian","floor":18,"turns":4},{"damage":0,"enemies":"3 Byrds","floor":22,"turns":2},{"damage":34,"enemies":"Book of Stabbing","floor":23,"turns":5},{"damage":20,"enemies":"Shelled Parasite and Fungi","floor":28,"turns":4},{"damage":3,"enemies":"Cultist and Chosen","floor":29,"turns":4},{"damage":0,"enemies":"Gremlin Leader","floor":30,"turns":6},{"damage":40,"enemies":"Champ","floor":33,"turns":9},{"damage":0,"enemies":"3 Darklings","floor":35,"turns":2},{"damage":2,"enemies":"3 Shapes","floor":36,"turns":3},{"damage":10,"enemies":"Maw","floor":37,"turns":6},{"damage":24,"enemies":"Writhing Mass","floor":39,"turns":4},{"damage":30,"enemies":"Giant Head","floor":40,"turns":7},{"damage":31,"enemies":"Sphere and 2 Shapes","floor":42,"turns":5},{"damage":0,"enemies":"Spire Growth","floor":45,"turns":3},{"damage":0,"enemies":"3 Darklings","floor":46,"turns":2},{"damage":0,"enemies":"Sphere and 2 Shapes","floor":48,"turns":4},{"damage":15,"enemies":"Time Eater","floor":50,"turns":11}],"seed_played":"-6974665545510975676","potions_obtained":[{"floor":1,"key":"Fire Potion"},{"floor":8,"key":"Dexterity Potion"},{"floor":14,"key":"SteroidPotion"},{"floor":28,"key":"GamblersBrew"},{"floor":29,"key":"Fire Potion"},{"floor":30,"key":"PowerPotion"},{"floor":33,"key":"Explosive Potion"},{"floor":35,"key":"FearPotion"},{"floor":45,"key":"PowerPotion"},{"floor":48,"key":"PowerPotion"}],"is_trial":false,"path_per_floor":["M","$","M","M","?","E","R","E","T","R","E","M","?","M","R","B",null,"M","$","?","$","M","E","T","R","T","R","M","M","E","$","R","B",null,"M","M","M","$","M","E","R","M","T","?","M","M","$","M","R","B",null],"character_chosen":"THE_SILENT","items_purchased":["Underhanded Strike","Ninja Scroll","PiercingWail","Setup","Outmaneuver","Eviscerate+1","Apotheosis"],"campfire_rested":6,"item_purchase_floors":[2,19,19,31,31,38,47],"current_hp_per_floor":[67,67,67,67,67,43,43,18,18,39,35,30,30,14,35,29,70,58,58,58,58,60,28,28,28,28,49,43,42,44,44,65,39,70,70,68,60,60,44,28,50,33,33,33,47,49,49,51,73,60],"gold":58,"neow_bonus":"THREE_CARDS","is_prod":false,"is_daily":false,"chose_seed":false,"campfire_upgraded":2,"win_rate":0,"timestamp":1550656140,"path_taken":["M","$","M","M","?","E","R","E","T","R","E","M","?","?","R","BOSS","M","$","?","$","M","E","?","R","T","R","M","M","E","?","R","BOSS","M","M","?","$","M","E","R","M","T","?","?","M","$","M","R","BOSS"],"build_version":"2019-01-23","purchased_purges":2,"victory":true,"max_hp_per_floor":[70,70,70,70,70,70,70,70,70,70,70,70,70,70,70,70,70,70,70,70,70,70,70,70,70,70,70,70,70,70,70,70,70,70,70,70,70,70,76,76,76,76,76,76,76,76,76,76,76,76],"card_choices":[{"not_picked":["Slice","Deflect"],"picked":"Acrobatics","floor":0},{"not_picked":["Terror","Choke"],"picked":"Quick Slash","floor":1},{"not_picked":["Finisher","Blade Dance","Skewer"],"picked":"SKIP","floor":3},{"not_picked":["Flechettes","Cloak And Dagger","Blade Dance"],"picked":"SKIP","floor":4},{"not_picked":["Cloak And Dagger","Acrobatics","Dodge and Roll"],"picked":"SKIP","floor":6},{"not_picked":["Prepared","Choke"],"picked":"Flying Knee","floor":8},{"not_picked":["Masterful Stab+1","Cloak And Dagger"],"picked":"A Thousand Cuts+1","floor":11},{"not_picked":["Endless Agony+1","Bane+1"],"picked":"Infinite Blades+1","floor":12},{"not_picked":["Acrobatics","Deadly Poison"],"picked":"Tactician","floor":14},{"not_picked":["Storm of Steel","Glass Knife+1"],"picked":"After Image+1","floor":16},{"not_picked":["Acrobatics","Endless Agony+1","Riddle With Holes+1"],"picked":"SKIP","floor":18},{"not_picked":["Deadly Poison","Outmaneuver"],"picked":"Distraction","floor":22},{"not_picked":["Masterful Stab+1","All Out Attack+1"],"picked":"Outmaneuver","floor":23},{"not_picked":["PiercingWail","Concentrate"],"picked":"Acrobatics+1","floor":27},{"not_picked":["Corpse Explosion","Flechettes+1"],"picked":"Sucker Punch+1","floor":28},{"not_picked":["Deadly Poison","Blade Dance","Quick Slash+1"],"picked":"SKIP","floor":29},{"not_picked":["Prepared","Flechettes+1","Riddle With Holes+1"],"picked":"SKIP","floor":30},{"not_picked":["Outmaneuver","All Out Attack+1"],"picked":"Predator+1","floor":32},{"not_picked":["Doppelganger","Phantasmal Killer"],"picked":"Adrenaline","floor":33},{"not_picked":["Cloak And Dagger","Terror"],"picked":"Dagger Spray+1","floor":35},{"not_picked":["Deflect","Dodge and Roll"],"picked":"Skewer+1","floor":36},{"not_picked":["Dodge and Roll","Outmaneuver","Poisoned Stab+1"],"picked":"SKIP","floor":37},{"not_picked":["Dodge and Roll","Finisher+1"],"picked":"Dash+1","floor":39},{"not_picked":["Blade Dance","Quick Slash+1"],"picked":"Terror","floor":40},{"not_picked":["Slice+1","Sucker Punch+1"],"picked":"Calculated Gamble+1","floor":41},{"not_picked":["Tactician+1","Dodge and Roll+1","Slice+1"],"picked":"SKIP","floor":42},{"not_picked":["Caltrops+1","Poisoned Stab+1"],"picked":"Backflip+1","floor":45},{"not_picked":["Bane+1","Poisoned Stab+1"],"picked":"Underhanded Strike+1","floor":46},{"not_picked":["Tactician+1","Bouncing Flask","Well Laid Plans+1"],"picked":"SKIP","floor":48},{"not_picked":["Dagger Spray+1","Well Laid Plans+1"],"picked":"Noxious Fumes+1","floor":49}],"player_experience":185938,"relics_obtained":[{"floor":6,"key":"Frozen Egg 2"},{"floor":8,"key":"Potion Belt"},{"floor":9,"key":"Molten Egg 2"},{"floor":11,"key":"Blood Vial"},{"floor":23,"key":"Dream Catcher"},{"floor":24,"key":"Meat on the Bone"},{"floor":26,"key":"Dodecahedron"},{"floor":30,"key":"Darkstone Periapt"},{"floor":40,"key":"Matryoshka"},{"floor":43,"key":"Paper Crane"},{"floor":43,"key":"Omamori"}],"event_choices":[{"damage_healed":0,"gold_gain":0,"player_choice":"Leave","damage_taken":0,"max_hp_gain":0,"max_hp_loss":0,"event_name":"The Cleric","floor":5,"gold_loss":0},{"damage_healed":0,"gold_gain":0,"cards_transformed":["Strike_G"],"player_choice":"Transformed","damage_taken":0,"max_hp_gain":0,"max_hp_loss":0,"event_name":"Transmorgrifier","floor":13,"gold_loss":0,"cards_obtained":["Dagger Throw"]},{"cards_removed":["Concentrate"],"damage_healed":0,"gold_gain":0,"player_choice":"Elegance","damage_taken":0,"max_hp_gain":0,"max_hp_loss":0,"event_name":"Back to Basics","floor":20,"gold_loss":0},{"damage_healed":0,"gold_gain":0,"player_choice":"Ignored","damage_taken":0,"max_hp_gain":0,"max_hp_loss":0,"event_name":"SecretPortal","floor":44,"gold_loss":0}],"is_beta":false,"boss_relics":[{"not_picked":["Calling Bell","Eternal Feather"],"picked":"Pandora\u0027s Box"},{"not_picked":["Runic Dome","HoveringKite"],"picked":"Fusion Hammer"}],"items_purged_floors":[2,31],"is_endless":false,"potions_floor_spawned":[1,8,14,28,29,30,33,35,45,48],"ascension_level":2}