{"gold_per_floor":[114,64,64,75,93,93,118,118,118,118,118,150,150,175,175,274,274,286,286,298,315,315,346,346,436,436,468,483,27,27,27,27,129,129,142,142,142,142,50,81,97,108,186,4,30,30,78,106,106,106,106,106,6,40,40],"floor_reached":56,"playtime":3652,"items_purged":["Strike_G","Normality","Strike_G"],"score":1626,"play_id":"6bddf9ea-c6ca-4b2d-948c-31f1bca4f9dc","local_time":"20181212105702","is_ascension_mode":true,"campfire_choices":[{"data":"Poisoned Stab","floor":6.0,"key":"SMITH"},{"data":"Noxious Fumes","floor":11.0,"key":"SMITH"},{"data":"Leg Sweep","floor":15.0,"key":"SMITH"},{"data":"Catalyst","floor":24.0,"key":"SMITH"},{"data":"Outmaneuver","floor":30.0,"key":"SMITH"},{"data":"Night Terror","floor":32.0,"key":"SMITH"},{"floor":46.0,"key":"RECALL"},{"data":"After Image","floor":49.0,"key":"SMITH"},{"data":"Infinite Blades","floor":52.0,"key":"SMITH"}],"neow_cost":"NONE","seed_source_timestamp":1574939551305629,"circlet_count":0,"master_deck":["Defend_G","Defend_G","Defend_G","Defend_G","Survivor","Neutralize+1","Poisoned Stab","Poisoned Stab+1","PiercingWail","Noxious Fumes+1","Poisoned Stab+1","Leg Sweep+1","Unload+1","Deflect","Catalyst+1","Outmaneuver+1","Poisoned Stab+1","Deflect+1","Reflex+1","Night Terror+1","Deflect+1","Venomology+1","Burst+1","Crippling Poison+1","Madness+1","Madness+1","Footwork","Infinite Blades+1","Leg Sweep+1","Cloak And Dagger+1","Cloak And Dagger+1","Footwork+1","After Image+1","Escape Plan+1","Blur+1"],"special_seed":0,"relics":["Ring of the Snake","Bag of Marbles","Letter Opener","Molten Egg 2","Pantograph","StoneCalendar","Runic Pyramid","The Courier","Kunai","Blue Candle","Lee\u0027s Waffle","Toxic Egg 2","Cursed Key","Mummified Hand","Shuriken","Torii","Sundial","Pear"],"potions_floor_usage":[55,55,55],"damage_taken":[{"damage":5.0,"enemies":"Jaw Worm","floor":1.0,"turns":7.0},{"damage":0.0,"enemies":"2 Louse","floor":4.0,"turns":2.0},{"damage":0.0,"enemies":"Small Slimes","floor":5.0,"turns":2.0},{"damage":9.0,"enemies":"3 Sentries","floor":7.0,"turns":10.0},{"damage":11.0,"enemies":"Lagavulin","floor":12.0,"turns":5.0},{"damage":8.0,"enemies":"Gremlin Nob","floor":14.0,"turns":3.0},{"damage":9.0,"enemies":"Slime Boss","floor":16.0,"turns":7.0},{"damage":0.0,"enemies":"3 Byrds","floor":18.0,"turns":6.0},{"damage":0.0,"enemies":"2 Thieves","floor":20.0,"turns":4.0},{"damage":0.0,"enemies":"Centurion and Healer","floor":21.0,"turns":5.0},{"damage":5.0,"enemies":"Gremlin Leader","floor":23.0,"turns":7.0},{"damage":13.0,"enemies":"Slavers","floor":27.0,"turns":6.0},{"damage":0.0,"enemies":"Snake Plant","floor":28.0,"turns":4.0},{"damage":0.0,"enemies":"Champ","floor":33.0,"turns":5.0},{"damage":0.0,"enemies":"3 Shapes","floor":35.0,"turns":4.0},{"damage":0.0,"enemies":"Giant Head","floor":40.0,"turns":6.0},{"damage":0.0,"enemies":"Orb Walker","floor":41.0,"turns":3.0},{"damage":0.0,"enemies":"Jaw Worm Horde","floor":42.0,"turns":4.0},{"damage":0.0,"enemies":"Reptomancer","floor":45.0,"turns":6.0},{"damage":0.0,"enemies":"2 Orb Walkers","floor":47.0,"turns":6.0},{"damage":0.0,"enemies":"Giant Head","floor":48.0,"turns":7.0},{"damage":0.0,"enemies":"Time Eater","floor":50.0,"turns":7.0},{"damage":0,"enemies":"Shield and Spear","floor":54,"turns":6},{"damage":36,"enemies":"The Heart","floor":55,"turns":10}],"seed_played":"165034269863389030","potions_obtained":[{"floor":5.0,"key":"AttackPotion"},{"floor":16.0,"key":"Fire Potion"},{"floor":20.0,"key":"GamblersBrew"},{"floor":27.0,"key":"Swift Potion"},{"floor":28.0,"key":"AttackPotion"},{"floor":42.0,"key":"EssenceOfSteel"},{"floor":48.0,"key":"Swift Potion"}],"is_trial":false,"path_per_floor":["M","?","?","M","M","R","E","?","T","?","R","E","?","E","R","B",null,"M","?","M","M","?","E","R","?","T","E","M","$","R","?","R","B",null,"M","?","?","?","$","E","M","M","T","$","E","R","?","E","R","B",null,"R","$","E","B",null],"character_chosen":"THE_SILENT","items_purchased":["Lee\u0027s Waffle","Toxic Egg 2","Deflect+1","Venomology+1","Footwork","GhostInAJar","Cloak And Dagger+1"],"campfire_rested":0,"item_purchase_floors":[29,29,29,29,39,44,44],"current_hp_per_floor":[65,65,65,65,65,65,56,61,61,54,54,43,43,35,35,51,75,75,75,75,75,59,54,54,40,40,27,27,82,82,82,82,82,82,82,82,82,72,72,72,72,72,72,72,72,72,72,72,72,82,82,82,82,92,56],"gold":40,"neow_bonus":"RANDOM_COMMON_RELIC","is_prod":false,"is_daily":false,"chose_seed":false,"campfire_upgraded":8,"win_rate":0,"timestamp":1544630222,"path_taken":["M","?","?","M","M","R","E","?","T","?","R","E","?","E","R","BOSS","M","?","M","M","?","E","R","?","T","E","?","$","R","?","R","BOSS","M","?","?","?","$","E","M","?","T","$","E","R","?","E","R","BOSS","R","$","E","BOSS"],"build_version":"2018-12-11","purchased_purges":3,"victory":true,"max_hp_per_floor":[70,70,70,70,70,70,70,75,75,75,75,75,75,75,75,75,75,75,75,75,75,75,75,75,75,75,75,75,82,82,82,82,82,82,82,82,82,82,82,82,82,82,82,82,82,82,82,82,82,82,82,82,82,92,92],"card_choices":[{"not_picked":["Prepared","Cloak And Dagger"],"picked":"Poisoned Stab","floor":1.0},{"not_picked":["Blade Dance","Outmaneuver"],"picked":"Poisoned Stab","floor":4.0},{"not_picked":["Accuracy","Finisher"],"picked":"PiercingWail","floor":5.0},{"not_picked":["Backstab","Outmaneuver"],"picked":"Noxious Fumes","floor":7.0},{"not_picked":["Backflip","Finisher+1"],"picked":"Poisoned Stab+1","floor":12.0},{"not_picked":["Cloak And Dagger","Dodge and Roll"],"picked":"Leg Sweep","floor":14.0},{"not_picked":["Phantasmal Killer","Envenom"],"picked":"Unload+1","floor":16.0},{"not_picked":["Backflip","Underhanded Strike+1"],"picked":"Deflect","floor":18.0},{"not_picked":["Dagger Throw+1","Quick Slash+1"],"picked":"Outmaneuver","floor":20.0},{"not_picked":["Escape Plan","Slice+1"],"picked":"Poisoned Stab+1","floor":21.0},{"not_picked":["Dagger Spray+1","Setup"],"picked":"Deflect+1","floor":23.0},{"not_picked":["Dodge and Roll","Bouncing Flask"],"picked":"Reflex+1","floor":27.0},{"not_picked":["Deflect","Slice+1"],"picked":"Night Terror","floor":28.0},{"not_picked":["Wraith Form v2","Venomology+1"],"picked":"Burst+1","floor":33.0},{"not_picked":["Deflect+1","Bane+1"],"picked":"Crippling Poison+1","floor":35.0},{"not_picked":["Reflex+1","Dagger Spray+1"],"picked":"Infinite Blades","floor":40.0},{"not_picked":["Poisoned Stab+1","Cloak And Dagger+1"],"picked":"Leg Sweep+1","floor":41.0},{"not_picked":["Deadly Poison+1","Dagger Throw+1"],"picked":"Cloak And Dagger+1","floor":42.0},{"not_picked":["Cloak And Dagger+1","Catalyst+1"],"picked":"Footwork+1","floor":45.0},{"not_picked":["Blade Dance+1","Poisoned Stab+1"],"picked":"After Image","floor":47.0},{"not_picked":["Poisoned Stab+1","Eviscerate+1"],"picked":"Escape Plan+1","floor":48.0},{"not_picked":["Riddle With Holes+1","Outmaneuver+1"],"picked":"Blur+1","floor":54}],"player_experience":3777542,"relics_obtained":[{"floor":7.0,"key":"Letter Opener"},{"floor":9.0,"key":"Molten Egg 2"},{"floor":12.0,"key":"Pantograph"},{"floor":14.0,"key":"StoneCalendar"},{"floor":23.0,"key":"The Courier"},{"floor":26.0,"key":"Kunai"},{"floor":27.0,"key":"Blue Candle"},{"floor":40.0,"key":"Mummified Hand"},{"floor":45.0,"key":"Shuriken"},{"floor":47.0,"key":"Torii"},{"floor":48.0,"key":"Sundial"},{"floor":54,"key":"Pear"}],"event_choices":[{"cards_removed":["Strike_G"],"damage_healed":0.0,"max_hp_gain":0.0,"max_hp_loss":0.0,"gold_gain":0.0,"event_name":"The Cleric","player_choice":"Card Removal","floor":2.0,"gold_loss":50.0,"damage_taken":0.0},{"damage_healed":0.0,"max_hp_gain":0.0,"max_hp_loss":0.0,"gold_gain":0.0,"event_name":"Living Wall","player_choice":"Grow","floor":3.0,"gold_loss":0.0,"damage_taken":0.0,"cards_upgraded":["Neutralize"]},{"damage_healed":0.0,"max_hp_gain":5.0,"max_hp_loss":0.0,"gold_gain":0.0,"event_name":"Big Fish","player_choice":"Donut","floor":8.0,"gold_loss":0.0,"damage_taken":0.0},{"cards_removed":["Strike_G"],"damage_healed":0.0,"max_hp_gain":0.0,"max_hp_loss":0.0,"gold_gain":0.0,"event_name":"Golden Wing","player_choice":"Card Removal","floor":10.0,"gold_loss":0.0,"damage_taken":7.0},{"damage_healed":0.0,"max_hp_gain":0.0,"max_hp_loss":0.0,"gold_gain":0.0,"event_name":"Liars Game","player_choice":"Ignored","floor":13.0,"gold_loss":0.0,"damage_taken":0.0},{"damage_healed":0.0,"max_hp_gain":0.0,"max_hp_loss":0.0,"gold_gain":0.0,"event_name":"The Library","player_choice":"Read","floor":19.0,"gold_loss":0.0,"damage_taken":0.0,"cards_obtained":["Catalyst"]},{"damage_healed":0.0,"max_hp_gain":0.0,"max_hp_loss":0.0,"gold_gain":0.0,"event_name":"Cursed Tome","player_choice":"Obtained Book","floor":22.0,"gold_loss":0.0,"damage_taken":16.0},{"damage_healed":0.0,"max_hp_gain":0.0,"max_hp_loss":0.0,"gold_gain":90.0,"event_name":"Knowing Skull","player_choice":"GOLD ","floor":25.0,"potions_obtained":[],"gold_loss":0.0,"damage_taken":14.0,"cards_obtained":[]},{"cards_removed":["Strike_G"],"damage_healed":0.0,"max_hp_gain":0.0,"max_hp_loss":0.0,"gold_gain":0.0,"event_name":"Bonfire Elementals","player_choice":"Offered Basic","floor":31.0,"gold_loss":0.0,"damage_taken":0.0},{"cards_removed":["Defend_G"],"damage_healed":0.0,"max_hp_gain":0.0,"max_hp_loss":0.0,"gold_gain":0.0,"event_name":"Falling","player_choice":"Removed Skill","floor":36.0,"gold_loss":0.0,"damage_taken":0.0},{"damage_healed":0.0,"max_hp_gain":0.0,"max_hp_loss":0.0,"gold_gain":0.0,"event_name":"Tomb of Lord Red Mask","player_choice":"Ignored","floor":37.0,"gold_loss":0.0,"damage_taken":0.0},{"damage_healed":0.0,"max_hp_gain":0.0,"max_hp_loss":0.0,"gold_gain":0.0,"event_name":"Winding Halls","player_choice":"Embrace Madness","floor":38.0,"gold_loss":0.0,"damage_taken":10.0,"cards_obtained":["Madness","Madness"]},{"damage_healed":0.0,"max_hp_gain":0.0,"max_hp_loss":0.0,"gold_gain":0.0,"event_name":"Mysterious Sphere","player_choice":"Fight","floor":47.0,"gold_loss":0.0,"damage_taken":0.0}],"is_beta":true,"boss_relics":[{"not_picked":["Ring of the Serpent","Tiny House"],"picked":"Runic Pyramid"},{"not_picked":["WristBlade","Pandora\u0027s Box"],"picked":"Cursed Key"}],"items_purged_floors":[39,44,53],"is_endless":false,"potions_floor_spawned":[5,16,20,27,28,42,48,54],"ascension_level":1}