{"gold_per_floor":[365,379,329,329,50,84,84,104,104,134,19,53,82,106,118,229,241,271,303,330,267,279,291,24,24,96,96,115,133,167,179,179,276,276,286,304,304,320,264,294,294,311,311,311,329,363,363,389,389,389,389,389,193,218,218],"floor_reached":55,"playtime":3504,"items_purged":["Regret","Strike_R","Perfected Strike"],"score":972,"play_id":"16becd68-348c-4d69-9b3b-19585ef42730","local_time":"20181104185132","is_ascension_mode":true,"campfire_choices":[{"floor":7,"key":"REST"},{"data":"Discovery","floor":15,"key":"SMITH"},{"data":"Barricade","floor":23,"key":"SMITH"},{"data":"Apotheosis","floor":25,"key":"SMITH"},{"data":"Body Slam","floor":27,"key":"SMITH"},{"floor":32,"key":"DIG"},{"data":"Berserk","floor":41,"key":"SMITH"},{"floor":44,"key":"DIG"},{"floor":47,"key":"DIG"},{"floor":49,"key":"RECALL"},{"floor":52,"key":"DIG"}],"neow_cost":"PERCENT_DAMAGE","seed_source_timestamp":913234906731576,"circlet_count":0,"master_deck":["Strike_R","Defend_R","Defend_R","Defend_R","Defend_R","Bash","Clash","Shrug It Off","Body Slam+1","Power Through","Immolate","Flex","Discovery+1","Intimidate","Rage","Barricade+1","Shrug It Off+1","Seeing Red+1","Apotheosis+1","Headbutt","Berserk+1","Warcry","Ghostly Armor+1","Body Slam+1","Warcry+1","Good Instincts","Anger+1","Anger+1"],"relics":["Burning Blood","Bird Faced Urn","Medical Kit","Shovel","Unceasing Top","Oddly Smooth Stone","MawBank","White Beast Statue","Meat on the Bone","Smiling Mask","Mummified Hand","Black Star","Letter Opener","Mercury Hourglass","Molten Egg 2","Champion Belt","PreservedInsect","Orichalcum","Girya","Matryoshka","Pear","Kunai","Question Card","Bottled Tornado"],"potions_floor_usage":[10,10,20,22,30,33,38,40,40,40,45,48,54,54,55,55],"damage_taken":[{"damage":3,"enemies":"Jaw Worm","floor":1,"turns":8},{"damage":0,"enemies":"2 Louse","floor":2,"turns":2},{"damage":42,"enemies":"Lagavulin","floor":6,"turns":10},{"damage":0,"enemies":"Cultist","floor":8,"turns":5},{"damage":3,"enemies":"3 Sentries","floor":10,"turns":9},{"damage":40,"enemies":"Gremlin Nob","floor":12,"turns":5},{"damage":6,"enemies":"Blue Slaver","floor":13,"turns":4},{"damage":0,"enemies":"Lots of Slimes","floor":14,"turns":2},{"damage":27,"enemies":"Hexaghost","floor":16,"turns":13},{"damage":1,"enemies":"Chosen","floor":18,"turns":4},{"damage":6,"enemies":"Spheric Guardian","floor":19,"turns":4},{"damage":1,"enemies":"Snecko","floor":20,"turns":8},{"damage":12,"enemies":"Colosseum Slavers","floor":22,"turns":5},{"damage":0,"enemies":"Cultist and Chosen","floor":28,"turns":6},{"damage":0,"enemies":"Centurion and Healer","floor":29,"turns":6},{"damage":0,"enemies":"Slavers","floor":30,"turns":3},{"damage":1,"enemies":"Snecko","floor":31,"turns":5},{"damage":2,"enemies":"Collector","floor":33,"turns":13},{"damage":4,"enemies":"Orb Walker","floor":35,"turns":4},{"damage":0,"enemies":"3 Shapes","floor":36,"turns":7},{"damage":20,"enemies":"Jaw Worm Horde","floor":38,"turns":6},{"damage":0,"enemies":"Reptomancer","floor":40,"turns":4},{"damage":0,"enemies":"Maw","floor":42,"turns":5},{"damage":0,"enemies":"Sphere and 2 Shapes","floor":45,"turns":2},{"damage":0,"enemies":"Giant Head","floor":46,"turns":7},{"damage":0,"enemies":"Nemesis","floor":48,"turns":5},{"damage":31,"enemies":"Donu and Deca","floor":50,"turns":11},{"damage":39,"enemies":"Shield and Spear","floor":54,"turns":6},{"damage":76,"enemies":"The Heart","floor":55,"turns":9}],"seed_played":"-1294293257882239406","potions_obtained":[{"floor":2,"key":"SteroidPotion"},{"floor":8,"key":"Strength Potion"},{"floor":13,"key":"Regen Potion"},{"floor":16,"key":"EssenceOfSteel"},{"floor":18,"key":"GamblersBrew"},{"floor":19,"key":"Block Potion"},{"floor":20,"key":"LiquidBronze"},{"floor":28,"key":"Energy Potion"},{"floor":29,"key":"Dexterity Potion"},{"floor":30,"key":"FearPotion"},{"floor":31,"key":"SkillPotion"},{"floor":33,"key":"SteroidPotion"},{"floor":36,"key":"Fire Potion"},{"floor":38,"key":"GamblersBrew"},{"floor":40,"key":"Explosive Potion"},{"floor":42,"key":"AttackPotion"},{"floor":45,"key":"LiquidBronze"},{"floor":46,"key":"Energy Potion"},{"floor":48,"key":"BloodPotion"},{"floor":54,"key":"Energy Potion"}],"is_trial":false,"path_per_floor":["M","M","?","?","$","E","R","M","T","E","$","E","M","M","R","B",null,"M","M","M","?","?","R","$","R","T","R","M","M","E","M","R","B",null,"M","M","?","M","?","E","R","M","T","R","M","E","R","E","R","B",null,"R","$","E","B"],"character_chosen":"IRONCLAD","items_purchased":["Medical Kit","Flex","Discovery","Apotheosis","Good Instincts","Anger+1"],"campfire_rested":1,"item_purchase_floors":[5,11,11,24,53,53],"current_hp_per_floor":[59,65,65,65,65,29,53,59,59,62,62,28,28,34,34,15,80,80,80,80,80,74,74,74,74,74,74,80,80,80,80,80,80,80,80,80,80,66,66,80,80,80,80,80,80,80,80,90,90,65,90,90,90,68,0],"gold":218,"neow_bonus":"TWO_FIFTY_GOLD","is_prod":false,"is_daily":false,"chose_seed":false,"campfire_upgraded":5,"win_rate":0,"timestamp":1541375492,"path_taken":["M","M","?","?","$","E","R","M","T","E","$","E","M","M","R","BOSS","M","M","M","?","?","R","$","R","T","R","M","M","E","M","R","BOSS","M","M","?","?","?","E","R","M","T","R","?","E","R","E","R","BOSS","R","$","E","BOSS"],"build_version":"2018-11-02","purchased_purges":3,"victory":false,"max_hp_per_floor":[80,80,80,80,80,80,80,80,80,80,80,80,80,80,80,80,80,80,80,80,80,80,80,80,80,80,80,80,80,80,80,80,80,80,80,80,80,80,80,80,80,80,80,80,80,80,80,90,90,90,90,90,90,90,90],"card_choices":[{"not_picked":["Anger","Havoc"],"picked":"Clash","floor":1},{"not_picked":["Reckless Charge","Body Slam"],"picked":"Shrug It Off","floor":2},{"not_picked":["Carnage","True Grit"],"picked":"Body Slam","floor":6},{"not_picked":["Entrench","Evolve"],"picked":"Power Through","floor":8},{"not_picked":["Ghostly Armor","Perfected Strike"],"picked":"Immolate","floor":10},{"not_picked":["Wild Strike","Havoc","Thunderclap"],"picked":"SKIP","floor":12},{"not_picked":["Combust","Pommel Strike"],"picked":"Intimidate","floor":13},{"not_picked":["Flex","Heavy Blade"],"picked":"Rage","floor":14},{"not_picked":["Berserk","Impervious"],"picked":"Barricade","floor":16},{"not_picked":["Sever Soul","Fire Breathing","Flex+1"],"picked":"SKIP","floor":18},{"not_picked":["Body Slam","Flex"],"picked":"Shrug It Off+1","floor":19},{"not_picked":["Metallicize","Feel No Pain"],"picked":"Seeing Red+1","floor":20},{"not_picked":["Perfected Strike","Clothesline+1","Corruption"],"picked":"SKIP","floor":28},{"not_picked":["Twin Strike","Corruption"],"picked":"Headbutt","floor":29},{"not_picked":["Cleave+1","Limit Break","Sword Boomerang"],"picked":"SKIP","floor":30},{"not_picked":["Armaments","Heavy Blade+1","Havoc"],"picked":"SKIP","floor":31},{"not_picked":["Bludgeon","Fiend Fire"],"picked":"Berserk","floor":33},{"not_picked":["Flame Barrier+1","Sentinel"],"picked":"Warcry","floor":35},{"not_picked":["Iron Wave","Sever Soul+1","Reckless Charge+1"],"picked":"SKIP","floor":36},{"not_picked":["Anger","Clothesline+1"],"picked":"Ghostly Armor+1","floor":38},{"not_picked":["Sword Boomerang+1","Searing Blow+1"],"picked":"Body Slam+1","floor":40},{"not_picked":["Berserk","Sentinel","Sever Soul+1"],"picked":"SKIP","floor":42},{"not_picked":["Hemokinesis+1","Blood for Blood+1"],"picked":"Warcry+1","floor":45},{"not_picked":["Perfected Strike+1","Armaments+1","Double Tap"],"picked":"SKIP","floor":46},{"not_picked":["Iron Wave+1","Armaments","Thunderclap+1"],"picked":"SKIP","floor":48},{"not_picked":["Sword Boomerang+1","Barricade"],"picked":"Anger+1","floor":54}],"player_experience":3297925,"relics_obtained":[{"floor":6,"key":"Shovel"},{"floor":9,"key":"Unceasing Top"},{"floor":10,"key":"Oddly Smooth Stone"},{"floor":12,"key":"MawBank"},{"floor":26,"key":"Meat on the Bone"},{"floor":30,"key":"Smiling Mask"},{"floor":32,"key":"Mummified Hand"},{"floor":40,"key":"Mercury Hourglass"},{"floor":40,"key":"Molten Egg 2"},{"floor":44,"key":"Champion Belt"},{"floor":46,"key":"PreservedInsect"},{"floor":46,"key":"Orichalcum"},{"floor":47,"key":"Girya"},{"floor":48,"key":"Matryoshka"},{"floor":48,"key":"Pear"},{"floor":52,"key":"Kunai"},{"floor":54,"key":"Question Card"},{"floor":54,"key":"Bottled Tornado"}],"event_choices":[{"cards_removed":["Strike_R"],"damage_healed":0,"gold_gain":0,"player_choice":"Card Removal","damage_taken":0,"max_hp_gain":0,"max_hp_loss":0,"event_name":"The Cleric","floor":3,"gold_loss":50},{"damage_healed":0,"gold_gain":0,"player_choice":"Box","damage_taken":0,"relics_obtained":["Bird Faced Urn"],"max_hp_gain":0,"max_hp_loss":0,"event_name":"Big Fish","floor":4,"gold_loss":0,"cards_obtained":["Regret"]},{"cards_removed":["Strike_R"],"damage_healed":0,"gold_gain":0,"player_choice":"Gave Gold","damage_taken":0,"max_hp_gain":0,"max_hp_loss":0,"event_name":"Beggar","floor":21,"gold_loss":75},{"damage_healed":0,"gold_gain":0,"player_choice":"Fight","damage_taken":0,"max_hp_gain":0,"max_hp_loss":0,"event_name":"Colosseum","floor":22,"gold_loss":0},{"damage_healed":0,"gold_gain":0,"player_choice":"Fled From Nobs","damage_taken":0,"max_hp_gain":0,"max_hp_loss":0,"event_name":"Colosseum","floor":22,"gold_loss":0},{"damage_healed":0,"gold_gain":0,"cards_transformed":["Strike_R"],"player_choice":"Transformed","damage_taken":0,"max_hp_gain":0,"max_hp_loss":0,"event_name":"Transmorgrifier","floor":37,"gold_loss":0,"cards_obtained":["Perfected Strike"]},{"damage_healed":0,"gold_gain":0,"player_choice":"Paid Gold","damage_taken":0,"relics_obtained":["Letter Opener"],"max_hp_gain":0,"max_hp_loss":0,"event_name":"WeMeetAgain","floor":39,"gold_loss":56}],"is_beta":true,"boss_relics":[{"not_picked":["Runic Cube","Lizard Tail"],"picked":"White Beast Statue"},{"not_picked":["Calling Bell","Velvet Choker"],"picked":"Black Star"}],"items_purged_floors":[5,24,53],"is_endless":false,"potions_floor_spawned":[2,8,13,16,18,19,20,22,28,29,30,31,33,35,36,38,40,42,45,46,48,54],"killed_by":"The Heart","ascension_level":1}