{"gold_per_floor":[15,15,31,49,65,65,85,97,122,122,122,136,136,61,61,160,160,175,175,195,195,195,195,215,232,232,251,251,264,264],"floor_reached":30,"playtime":3782,"items_purged":["Defend_R"],"score":251,"play_id":"0e227e1e-51bf-47ec-8899-988df744d7b4","local_time":"20190222170603","is_ascension_mode":false,"campfire_choices":[{"data":"Shrug It Off","floor":6,"key":"SMITH"},{"data":"Havoc","floor":11,"key":"SMITH"},{"data":"True Grit","floor":13,"key":"SMITH"},{"data":"Ghostly Armor","floor":15,"key":"SMITH"},{"data":"True Grit","floor":23,"key":"SMITH"},{"floor":28,"key":"REST"}],"neow_cost":"NO_GOLD","seed_source_timestamp":178137709943002,"circlet_count":0,"master_deck":["Strike_R","Strike_R","Strike_R","Strike_R","Strike_R","Defend_R","Defend_R","Defend_R","Bash","Havoc+1","Shrug It Off+1","Ghostly Armor+1","True Grit+1","Brutality","Wild Strike","True Grit+1","Uppercut+1"],"relics":["Burning Blood","Mango","Snecko Eye","WarpedTongs","Singing Bowl","The Courier"],"potions_floor_usage":[7,16,16,20,27,30,30],"damage_taken":[{"damage":3,"enemies":"Jaw Worm","floor":1,"turns":4},{"damage":6,"enemies":"Cultist","floor":3,"turns":3},{"damage":6,"enemies":"2 Louse","floor":4,"turns":3},{"damage":21,"enemies":"Lots of Slimes","floor":5,"turns":8},{"damage":6,"enemies":"Looter","floor":7,"turns":4},{"damage":4,"enemies":"Exordium Wildlife","floor":8,"turns":5},{"damage":15,"enemies":"Exordium Thugs","floor":12,"turns":10},{"damage":67,"enemies":"The Guardian","floor":16,"turns":26},{"damage":5,"enemies":"Chosen","floor":18,"turns":6},{"damage":5,"enemies":"Spheric Guardian","floor":20,"turns":5},{"damage":28,"enemies":"Snecko","floor":24,"turns":8},{"damage":4,"enemies":"Snake Plant","floor":25,"turns":4},{"damage":27,"enemies":"Cultist and Chosen","floor":27,"turns":12},{"damage":20,"enemies":"Shelled Parasite and Fungi","floor":29,"turns":6},{"damage":78,"enemies":"Gremlin Leader","floor":30,"turns":5}],"seed_played":"-8102366830501713955","potions_obtained":[{"floor":2,"key":"FearPotion"},{"floor":2,"key":"Swift Potion"},{"floor":2,"key":"Weak Potion"},{"floor":8,"key":"SpeedPotion"},{"floor":16,"key":"Strength Potion"},{"floor":20,"key":"PowerPotion"},{"floor":25,"key":"Dexterity Potion"},{"floor":29,"key":"Energy Potion"}],"is_trial":false,"path_per_floor":["M","?","M","M","M","R","M","M","T","?","R","M","R","$","R","B",null,"M","?","M","T","?","R","M","M","T","M","R","M","E"],"character_chosen":"IRONCLAD","items_purchased":[],"campfire_rested":1,"item_purchase_floors":[],"current_hp_per_floor":[94,94,94,94,79,79,79,81,81,81,81,72,72,72,72,11,94,94,94,94,94,94,94,74,78,78,57,86,74,0],"gold":264,"neow_bonus":"ONE_RARE_RELIC","is_prod":false,"is_daily":false,"chose_seed":false,"campfire_upgraded":5,"win_rate":0,"timestamp":1550873163,"path_taken":["M","?","M","M","M","R","M","?","T","?","R","M","R","$","R","BOSS","M","?","?","?","?","R","?","M","T","M","R","M","E"],"build_version":"2019-01-23","purchased_purges":1,"victory":false,"max_hp_per_floor":[94,94,94,94,94,94,94,94,94,94,94,94,94,94,94,94,94,94,94,94,94,94,94,96,98,98,98,98,100,100],"card_choices":[{"not_picked":["Clothesline","Thunderclap"],"picked":"Havoc","floor":1},{"not_picked":["Perfected Strike","Sever Soul"],"picked":"Shrug It Off","floor":3},{"not_picked":["Cleave","Havoc","Sentinel"],"picked":"SKIP","floor":4},{"not_picked":["Sword Boomerang","Pommel Strike"],"picked":"Ghostly Armor","floor":5},{"not_picked":["Thunderclap","Clothesline","Intimidate"],"picked":"SKIP","floor":7},{"not_picked":["Bloodletting","Feel No Pain","Clash"],"picked":"SKIP","floor":8},{"not_picked":["Blood for Blood","Reckless Charge"],"picked":"True Grit","floor":12},{"not_picked":["Exhume","Berserk"],"picked":"Brutality","floor":16},{"not_picked":["Hemokinesis+1","Twin Strike"],"picked":"Wild Strike","floor":18},{"not_picked":["Dropkick","Twin Strike"],"picked":"True Grit","floor":20},{"not_picked":["Anger","Pommel Strike","Clothesline"],"picked":"Singing Bowl","floor":24},{"not_picked":["Flex","Cleave+1","Perfected Strike"],"picked":"Singing Bowl","floor":25},{"not_picked":["Burning Pact+1","Immolate"],"picked":"Uppercut+1","floor":27},{"not_picked":["Iron Wave+1","Twin Strike+1","Perfected Strike"],"picked":"Singing Bowl","floor":29}],"player_experience":162093,"relics_obtained":[{"floor":21,"key":"Singing Bowl"},{"floor":26,"key":"The Courier"}],"event_choices":[{"damage_healed":0,"gold_gain":0,"player_choice":"Got Potions","damage_taken":0,"max_hp_gain":0,"max_hp_loss":0,"event_name":"Lab","floor":2,"gold_loss":0},{"damage_healed":0,"gold_gain":0,"player_choice":"Bought 0 Potions","damage_taken":0,"max_hp_gain":0,"max_hp_loss":0,"event_name":"The Woman in Blue","floor":10,"gold_loss":0},{"damage_healed":0,"gold_gain":0,"player_choice":"Rummage","damage_taken":0,"relics_obtained":["WarpedTongs"],"max_hp_gain":0,"max_hp_loss":0,"event_name":"Accursed Blacksmith","floor":19,"gold_loss":0,"cards_obtained":["Pain"]},{"cards_removed":["Pain"],"damage_healed":0,"gold_gain":0,"player_choice":"Removed Curses","damage_taken":0,"max_hp_gain":0,"max_hp_loss":0,"event_name":"Fountain of Cleansing","floor":22,"gold_loss":0}],"is_beta":false,"boss_relics":[{"not_picked":["Cursed Key","Ectoplasm"],"picked":"Snecko Eye"}],"items_purged_floors":[14],"is_endless":false,"potions_floor_spawned":[5,8,16,20,25,29],"killed_by":"Gremlin Leader","ascension_level":0}