{"gold_per_floor":[119,394,90,108,118,118,129,163,163,193,209,236,236,3,3,76,76,88,138,63,113,131,131,147,147,147,159,159,189,201,221,221,293,293,305,1304,1323,871,881,881,900,900,900,910,960,960],"floor_reached":46,"playtime":2231,"items_purged":["Regret","Strike_B","Normality"],"score":974,"play_id":"d1d25d3b-6c3f-4f09-be2b-c6862797859f","local_time":"20190212094831","is_ascension_mode":true,"campfire_choices":[{"data":"Streamline","floor":6.0,"key":"SMITH"},{"floor":13.0,"key":"REST"},{"data":"Hologram","floor":15.0,"key":"SMITH"},{"floor":23.0,"key":"REST"},{"data":"Go for the Eyes","floor":25.0,"key":"SMITH"},{"floor":28.0,"key":"REST"},{"floor":32.0,"key":"REST"},{"floor":40.0,"key":"REST"},{"floor":42.0,"key":"REST"}],"neow_cost":"NONE","seed_source_timestamp":0,"circlet_count":0,"master_deck":["AscendersBane","Strike_B","Strike_B+1","Defend_B","Defend_B","Defend_B","Defend_B","Zap","Dualcast","Glacier","Streamline+1","Sweeping Beam+1","Cold Snap","Hologram+1","Cold Snap","Ball Lightning","Echo Form+1","Go for the Eyes+1","Streamline","Echo Form+1","Melter+1","Glacier","Cold Snap+1","White Noise","Go for the Eyes+1","Creative AI+1","Normality","Loop+1","Seek","Hologram","Capacitor+1"],"special_seed":0,"relics":["FrozenCore","Membership Card","Singing Bowl","Kunai","Frozen Egg 2","Sundial","Mummified Hand","Philosopher\u0027s Stone","Bottled Lightning","Emotion Chip","Pantograph","Whetstone","Cables"],"potions_floor_usage":[44,46],"damage_taken":[{"damage":14.0,"enemies":"Small Slimes","floor":1.0,"turns":4.0},{"damage":2.0,"enemies":"Cultist","floor":4.0,"turns":4.0},{"damage":0.0,"enemies":"2 Louse","floor":5.0,"turns":2.0},{"damage":0.0,"enemies":"Looter","floor":7.0,"turns":3.0},{"damage":6.0,"enemies":"Gremlin Nob","floor":8.0,"turns":3.0},{"damage":12.0,"enemies":"Lagavulin","floor":10.0,"turns":5.0},{"damage":6.0,"enemies":"Exordium Thugs","floor":11.0,"turns":4.0},{"damage":21.0,"enemies":"3 Sentries","floor":12.0,"turns":6.0},{"damage":4.0,"enemies":"Hexaghost","floor":16.0,"turns":10.0},{"damage":25.0,"enemies":"Shell Parasite","floor":18.0,"turns":5.0},{"damage":14.0,"enemies":"3 Byrds","floor":22.0,"turns":4.0},{"damage":1.0,"enemies":"Centurion and Healer","floor":24.0,"turns":4.0},{"damage":11.0,"enemies":"Shelled Parasite and Fungi","floor":27.0,"turns":5.0},{"damage":27.0,"enemies":"Book of Stabbing","floor":29.0,"turns":4.0},{"damage":3.0,"enemies":"Cultist and Chosen","floor":30.0,"turns":6.0},{"damage":6.0,"enemies":"3 Cultists","floor":31.0,"turns":5.0},{"damage":35.0,"enemies":"Automaton","floor":33.0,"turns":12.0},{"damage":10.0,"enemies":"3 Shapes","floor":35.0,"turns":4.0},{"damage":14.0,"enemies":"Orb Walker","floor":37.0,"turns":4.0},{"damage":16.0,"enemies":"Jaw Worm Horde","floor":39.0,"turns":4.0},{"damage":38.0,"enemies":"Spire Growth","floor":41.0,"turns":9.0},{"damage":4,"enemies":"Sphere and 2 Shapes","floor":44,"turns":4},{"damage":64,"enemies":"Reptomancer","floor":46,"turns":3}],"seed_played":"-1199856879422429508","potions_obtained":[{"floor":0.0,"key":"AttackPotion"},{"floor":0.0,"key":"Fruit Juice"},{"floor":0.0,"key":"Swift Potion"},{"floor":4.0,"key":"FocusPotion"},{"floor":10.0,"key":"GamblersBrew"},{"floor":12.0,"key":"Strength Potion"},{"floor":16.0,"key":"AttackPotion"},{"floor":22.0,"key":"Poison Potion"},{"floor":30.0,"key":"Swift Potion"},{"floor":33.0,"key":"Block Potion"},{"floor":37.0,"key":"GamblersBrew"},{"floor":39.0,"key":"SpeedPotion"},{"floor":41.0,"key":"SkillPotion"}],"is_trial":false,"path_per_floor":["M","?","$","M","M","R","M","E","T","E","M","E","R","$","R","B",null,"M","?","?","?","M","R","M","R","T","M","R","E","M","M","R","B",null,"M","?","M","$","M","R","M","R","T","M","?","E"],"character_chosen":"DEFECT","items_purchased":["Membership Card","Streamline","Sweeping Beam","Mummified Hand","Echo Form+1","Pantograph","Seek","PowerPotion","Hologram","Capacitor+1","Whetstone"],"campfire_rested":6,"item_purchase_floors":[3,3,3,14,14,38,38,38,38,38,38],"current_hp_per_floor":[55,55,55,53,53,53,53,47,47,35,29,8,30,30,30,28,66,41,41,41,34,20,43,42,42,42,31,54,29,28,22,46,11,64,56,56,42,42,28,53,17,43,43,41,41,0],"gold":960,"neow_bonus":"THREE_SMALL_POTIONS","is_prod":false,"is_daily":false,"chose_seed":false,"campfire_upgraded":3,"win_rate":0,"timestamp":1549982911,"path_taken":["M","?","$","M","?","R","M","E","T","E","?","E","R","?","R","BOSS","M","?","?","?","M","R","?","R","T","M","R","E","M","?","R","BOSS","M","?","M","$","M","R","M","R","T","M","?","E"],"build_version":"2019-01-23","purchased_purges":3,"victory":false,"max_hp_per_floor":[76,76,76,76,76,76,76,76,76,76,76,76,76,76,76,78,78,78,78,78,78,78,78,78,78,78,78,78,80,82,82,82,82,82,84,84,84,84,86,86,88,88,88,90,90,90],"card_choices":[{"not_picked":["Blizzard","Steam"],"picked":"Glacier","floor":1.0},{"not_picked":["Doom and Gloom","Static Discharge"],"picked":"Cold Snap","floor":4.0},{"not_picked":["Skim","Sweeping Beam"],"picked":"Hologram","floor":5.0},{"not_picked":["Gash","Redo"],"picked":"Cold Snap","floor":7.0},{"not_picked":["Darkness","Melter"],"picked":"Ball Lightning","floor":8.0},{"not_picked":["Sweeping Beam","Stack"],"picked":"Echo Form","floor":10.0},{"not_picked":["Skim","Sweeping Beam"],"picked":"Go for the Eyes","floor":11.0},{"not_picked":["Gash","Rip and Tear"],"picked":"Streamline","floor":12.0},{"not_picked":["Amplify","Hyperbeam","Thunder Strike"],"picked":"Singing Bowl","floor":16.0},{"not_picked":["Consume","Redo"],"picked":"Melter+1","floor":18.0},{"not_picked":["Chill","Beam Cell"],"picked":"Glacier","floor":22.0},{"not_picked":["Sweeping Beam","Conserve Battery"],"picked":"Cold Snap+1","floor":24.0},{"not_picked":["Coolheaded","Conserve Battery"],"picked":"White Noise","floor":27.0},{"not_picked":["Beam Cell","Auto Shields","Streamline"],"picked":"Singing Bowl","floor":29.0},{"not_picked":["Consume","Scrape","Sweeping Beam"],"picked":"Singing Bowl","floor":30.0},{"not_picked":["Tempest+1","Auto Shields"],"picked":"Go for the Eyes+1","floor":31.0},{"not_picked":["Core Surge","Seek"],"picked":"Creative AI+1","floor":33.0},{"not_picked":["Redo+1","Skim","Steam"],"picked":"Singing Bowl","floor":35.0},{"not_picked":["Sweeping Beam+1","Ball Lightning"],"picked":"Loop+1","floor":37.0},{"not_picked":["Steam","Ball Lightning","Barrage"],"picked":"Singing Bowl","floor":39.0},{"not_picked":["Steam","Reprogram","Beam Cell"],"picked":"Singing Bowl","floor":41.0},{"not_picked":["Hologram","Reinforced Body","Fission"],"picked":"Singing Bowl","floor":44}],"player_experience":928227,"relics_obtained":[{"floor":8.0,"key":"Singing Bowl"},{"floor":9.0,"key":"Kunai"},{"floor":10.0,"key":"Frozen Egg 2"},{"floor":12.0,"key":"Sundial"},{"floor":26.0,"key":"Bottled Lightning"},{"floor":29.0,"key":"Emotion Chip"},{"floor":43.0,"key":"Cables"}],"event_choices":[{"damage_healed":0.0,"max_hp_gain":0.0,"max_hp_loss":0.0,"gold_gain":275.0,"event_name":"Golden Shrine","player_choice":"Desecrate","floor":2.0,"gold_loss":0.0,"damage_taken":0.0,"cards_obtained":["Regret"]},{"damage_healed":0.0,"max_hp_gain":0.0,"max_hp_loss":0.0,"gold_gain":50.0,"event_name":"Nest","player_choice":"Stole From Cult","floor":19.0,"gold_loss":0.0,"damage_taken":0.0},{"cards_removed":["Strike_B"],"damage_healed":0.0,"max_hp_gain":0.0,"max_hp_loss":0.0,"gold_gain":0.0,"event_name":"Beggar","player_choice":"Gave Gold","floor":20.0,"gold_loss":75.0,"damage_taken":0.0},{"damage_healed":0.0,"max_hp_gain":0.0,"max_hp_loss":0.0,"gold_gain":50.0,"event_name":"FaceTrader","player_choice":"Touch","floor":21.0,"gold_loss":0.0,"damage_taken":7.0},{"damage_healed":0.0,"max_hp_gain":0.0,"max_hp_loss":0.0,"gold_gain":999.0,"event_name":"MindBloom","player_choice":"Gold","floor":36.0,"gold_loss":0.0,"damage_taken":0.0,"cards_obtained":["Normality","Normality"]},{"damage_healed":0,"gold_gain":50,"player_choice":"Pray","damage_taken":0,"max_hp_gain":0,"max_hp_loss":0,"event_name":"Golden Shrine","floor":45,"gold_loss":0}],"is_beta":false,"boss_relics":[{"not_picked":["White Beast Statue","Velvet Choker"],"picked":"Philosopher\u0027s Stone"},{"not_picked":["Runic Dome","Orrery"],"picked":"FrozenCore"}],"items_purged_floors":[3,14,38],"is_endless":false,"potions_floor_spawned":[4,7,10,12,16,22,30,33,37,39,41],"killed_by":"Reptomancer","ascension_level":20}