{"gold_per_floor":[115,127,127,143,154,181,195,226,307,326,388,388,388,401,401,475,475,491,33,33,49,68,68,95,95,118,118,132,151,181,195,195,268,268,287,287,301,301,356,388,388,418,418,438,311,327,2,2,2,2,2],"floor_reached":52,"playtime":3396,"items_purged":["Strike_B","Strike_B","Strike_B"],"score":2228,"play_id":"8fdab995-099b-4be0-b826-aa8a94d9bc86","local_time":"20190210131258","is_ascension_mode":true,"campfire_choices":[{"floor":13.0,"key":"REST"},{"floor":15.0,"key":"REST"},{"data":"Glacier","floor":23.0,"key":"SMITH"},{"floor":25.0,"key":"REST"},{"data":"Sunder","floor":27.0,"key":"SMITH"},{"floor":32.0,"key":"REST"},{"data":"Go for the Eyes","floor":41.0,"key":"SMITH"},{"floor":49,"key":"REST"}],"neow_cost":"NONE","seed_source_timestamp":2689641131895615,"circlet_count":0,"master_deck":["AscendersBane","Defend_B","Defend_B","Defend_B","Defend_B","Zap+1","Dualcast","Compile Driver","Glacier+1","Cold Snap","Hologram","All For One","Ball Lightning","Go for the Eyes+1","Streamline","Gash","Echo Form","All For One","Aggregate+1","Echo Form","Sunder+1","All For One","Echo Form","Reinforced Body","Undo","All For One","Sunder","Decay"],"special_seed":0,"relics":["FrozenCore","Pen Nib","Pear","Mercury Hourglass","Kunai","Dead Branch","Snecko Eye","DollysMirror","Orichalcum","Bronze Scales","Smiling Mask","Happy Flower","Ice Cream","DataDisk","Shuriken","Dream Catcher","Ornamental Fan"],"potions_floor_usage":[50],"damage_taken":[{"damage":0.0,"enemies":"Jaw Worm","floor":1.0,"turns":4.0},{"damage":0.0,"enemies":"Cultist","floor":2.0,"turns":3.0},{"damage":4.0,"enemies":"Small Slimes","floor":4.0,"turns":3.0},{"damage":11.0,"enemies":"3 Louse","floor":5.0,"turns":4.0},{"damage":16.0,"enemies":"Gremlin Nob","floor":6.0,"turns":4.0},{"damage":11.0,"enemies":"Red Slaver","floor":7.0,"turns":4.0},{"damage":26.0,"enemies":"3 Sentries","floor":8.0,"turns":6.0},{"damage":0.0,"enemies":"2 Fungi Beasts","floor":10.0,"turns":2.0},{"damage":0.0,"enemies":"3 Sentries","floor":11.0,"turns":5.0},{"damage":0.0,"enemies":"Looter","floor":14.0,"turns":3.0},{"damage":0.0,"enemies":"Slime Boss","floor":16.0,"turns":7.0},{"damage":0.0,"enemies":"Spheric Guardian","floor":18.0,"turns":2.0},{"damage":0.0,"enemies":"Chosen","floor":21.0,"turns":2.0},{"damage":24.0,"enemies":"Snake Plant","floor":22.0,"turns":4.0},{"damage":14.0,"enemies":"Book of Stabbing","floor":24.0,"turns":4.0},{"damage":0.0,"enemies":"Snecko","floor":28.0,"turns":3.0},{"damage":4.0,"enemies":"3 Cultists","floor":29.0,"turns":4.0},{"damage":10.0,"enemies":"Gremlin Leader","floor":30.0,"turns":3.0},{"damage":0.0,"enemies":"Centurion and Healer","floor":31.0,"turns":1.0},{"damage":14.0,"enemies":"Champ","floor":33.0,"turns":5.0},{"damage":13.0,"enemies":"3 Darklings","floor":35.0,"turns":4.0},{"damage":8.0,"enemies":"Orb Walker","floor":37.0,"turns":2.0},{"damage":4.0,"enemies":"2 Orb Walkers","floor":39.0,"turns":4.0},{"damage":0.0,"enemies":"Reptomancer","floor":40.0,"turns":5.0},{"damage":0.0,"enemies":"Giant Head","floor":42.0,"turns":6.0},{"damage":0.0,"enemies":"Writhing Mass","floor":44.0,"turns":4.0},{"damage":8.0,"enemies":"Spire Growth","floor":46.0,"turns":4.0},{"damage":0,"enemies":"Donu and Deca","floor":50,"turns":3},{"damage":20,"enemies":"Time Eater","floor":51,"turns":8}],"seed_played":"4491426503809120513","potions_obtained":[{"floor":2.0,"key":"EssenceOfSteel"},{"floor":5.0,"key":"SkillPotion"},{"floor":8.0,"key":"SkillPotion"},{"floor":10.0,"key":"Explosive Potion"},{"floor":18.0,"key":"Fire Potion"},{"floor":29.0,"key":"SkillPotion"},{"floor":30.0,"key":"Block Potion"},{"floor":33.0,"key":"AttackPotion"},{"floor":37.0,"key":"FearPotion"},{"floor":40.0,"key":"GamblersBrew"}],"is_trial":false,"path_per_floor":["M","M","?","M","M","E","M","E","T","M","?","?","R","M","R","B",null,"M","$","?","M","M","R","E","R","T","R","M","M","E","M","R","B",null,"M","?","M","?","?","E","R","E","T","M","$","M","$","?","R","B","B",null],"character_chosen":"DEFECT","items_purchased":["DollysMirror","Orichalcum","Sunder","Ornamental Fan"],"campfire_rested":5,"item_purchase_floors":[19,19,45,47],"current_hp_per_floor":[64,64,64,60,49,43,32,6,6,6,6,6,30,30,54,54,74,74,74,74,74,50,50,36,60,60,60,60,56,46,46,70,56,75,62,62,54,54,50,50,50,50,50,50,50,42,42,42,65,65,45],"gold":2,"neow_bonus":"RANDOM_COMMON_RELIC","is_prod":false,"is_daily":false,"chose_seed":false,"campfire_upgraded":3,"win_rate":0,"timestamp":1549822378,"path_taken":["M","M","?","?","M","E","M","E","T","M","?","?","R","M","R","BOSS","M","$","?","M","M","R","E","R","T","R","?","M","E","M","R","BOSS","M","?","?","?","?","E","R","E","T","M","$","M","$","?","R","BOSS","BOSS"],"build_version":"2019-01-23","purchased_purges":3,"victory":true,"max_hp_per_floor":[71,71,71,71,71,81,81,81,81,81,81,81,81,81,81,81,81,81,81,81,81,81,81,81,81,81,81,81,81,81,81,81,81,81,81,81,81,77,77,77,77,77,77,77,77,77,77,77,77,77,77],"card_choices":[{"not_picked":["Hologram","Rebound"],"picked":"Compile Driver","floor":1.0},{"not_picked":["Hologram","Auto Shields"],"picked":"Glacier","floor":2.0},{"not_picked":["Steam","Auto Shields"],"picked":"Cold Snap","floor":4.0},{"not_picked":["Leap","Reprogram"],"picked":"Hologram","floor":5.0},{"not_picked":["Gash","Sweeping Beam"],"picked":"All For One","floor":6.0},{"not_picked":["Gash","Conserve Battery"],"picked":"Ball Lightning","floor":7.0},{"not_picked":["Redo","Skim"],"picked":"Go for the Eyes","floor":8.0},{"not_picked":["Hello World","Rebound"],"picked":"Streamline","floor":10.0},{"not_picked":["Rebound","Compile Driver"],"picked":"Gash","floor":11.0},{"not_picked":["Beam Cell","Stack"],"picked":"Echo Form","floor":14.0},{"not_picked":["Amplify","Machine Learning"],"picked":"All For One","floor":16.0},{"not_picked":["Ball Lightning","Hologram"],"picked":"Aggregate+1","floor":18.0},{"not_picked":["Static Discharge","Double Energy","Leap"],"picked":"SKIP","floor":21.0},{"not_picked":["Redo","Barrage+1","Sweeping Beam"],"picked":"SKIP","floor":22.0},{"not_picked":["Redo","Hologram"],"picked":"Sunder","floor":24.0},{"not_picked":["Double Energy+1","Conserve Battery","FTL"],"picked":"SKIP","floor":28.0},{"not_picked":["Sweeping Beam","Beam Cell","Turbo"],"picked":"SKIP","floor":29.0},{"not_picked":["Streamline","Go for the Eyes","Sweeping Beam+1"],"picked":"SKIP","floor":30.0},{"not_picked":["Recycle","Hyperbeam","Sweeping Beam"],"picked":"SKIP","floor":31.0},{"not_picked":["Rainbow","Buffer"],"picked":"All For One","floor":33.0},{"not_picked":["Hologram","Coolheaded+1","Steam"],"picked":"SKIP","floor":35.0},{"not_picked":["Recycle","Force Field"],"picked":"Reinforced Body","floor":37.0},{"not_picked":["Sweeping Beam+1","Streamline"],"picked":"Undo","floor":39.0},{"not_picked":["Rainbow","Steam"],"picked":"All For One","floor":40.0},{"not_picked":["Lockon","Redo","Gash"],"picked":"SKIP","floor":42.0},{"not_picked":["FTL","Steam","Coolheaded"],"picked":"SKIP","floor":44.0},{"not_picked":["Barrage","Cold Snap+1","Darkness+1"],"picked":"SKIP","floor":46.0}],"player_experience":915315,"relics_obtained":[{"floor":6.0,"key":"Pear"},{"floor":8.0,"key":"Mercury Hourglass"},{"floor":9.0,"key":"Kunai"},{"floor":11.0,"key":"Dead Branch"},{"floor":24.0,"key":"Bronze Scales"},{"floor":26.0,"key":"Smiling Mask"},{"floor":30.0,"key":"Happy Flower"},{"floor":39.0,"key":"Ice Cream"},{"floor":40.0,"key":"DataDisk"},{"floor":42.0,"key":"Shuriken"},{"floor":43.0,"key":"Dream Catcher"}],"event_choices":[{"damage_healed":0.0,"max_hp_gain":0.0,"max_hp_loss":0.0,"gold_gain":0.0,"event_name":"Upgrade Shrine","player_choice":"Upgraded","floor":3.0,"gold_loss":0.0,"damage_taken":0.0,"cards_upgraded":["Zap"]},{"damage_healed":0.0,"max_hp_gain":0.0,"max_hp_loss":0.0,"gold_gain":0.0,"event_name":"Dead Adventurer","player_choice":"Searched \u00271\u0027 times","floor":11.0,"gold_loss":0.0,"damage_taken":0.0},{"damage_healed":0.0,"max_hp_gain":0.0,"max_hp_loss":0.0,"gold_gain":0.0,"event_name":"Scrap Ooze","player_choice":"Fled","floor":12.0,"gold_loss":0.0,"damage_taken":0.0},{"cards_removed":["Strike_B"],"damage_healed":0.0,"max_hp_gain":0.0,"max_hp_loss":0.0,"gold_gain":0.0,"event_name":"Purifier","player_choice":"Purged","floor":20.0,"gold_loss":0.0,"damage_taken":0.0},{"damage_healed":0.0,"max_hp_gain":0.0,"max_hp_loss":0.0,"gold_gain":0.0,"event_name":"Duplicator","player_choice":"Copied","floor":36.0,"gold_loss":0.0,"damage_taken":0.0,"cards_obtained":["Echo Form"]},{"damage_healed":0.0,"max_hp_gain":0.0,"max_hp_loss":4.0,"gold_gain":0.0,"event_name":"Winding Halls","player_choice":"Max HP","floor":38.0,"gold_loss":0.0,"damage_taken":0.0},{"damage_healed":0.0,"max_hp_gain":0.0,"max_hp_loss":0.0,"gold_gain":0.0,"event_name":"Mysterious Sphere","player_choice":"Fight","floor":39.0,"gold_loss":0.0,"damage_taken":0.0},{"damage_healed":0,"gold_gain":0,"player_choice":"Cursed","damage_taken":0,"max_hp_gain":0,"max_hp_loss":0,"event_name":"Wheel of Change","floor":48,"gold_loss":0,"cards_obtained":["Decay"]}],"is_beta":false,"boss_relics":[{"not_picked":["Runic Dome","Busted Crown"],"picked":"Snecko Eye"},{"not_picked":["Inserter","Velvet Choker"],"picked":"FrozenCore"}],"items_purged_floors":[19,45,47],"is_endless":false,"potions_floor_spawned":[2,5,8,10,18,29,30,33,37,40,42,44],"ascension_level":20}