{"gold_per_floor":[110,80,3,3,3,3,34,34,82,95,95,122,133,158,158,232,232,243,256,256,274,293,293,306,306,306,333,31,31,45,56,56,127,127,142,159,159,159,159,159,259,259,285,296,296],"floor_reached":45,"playtime":1583,"items_purged":["Strike_R"],"score":1027,"play_id":"a0695be5-22b8-44eb-b0c2-98b1ab7a9c17","local_time":"20190203124216","is_ascension_mode":true,"campfire_choices":[{"floor":6.0,"key":"REST"},{"data":"Immolate","floor":8.0,"key":"SMITH"},{"data":"Armaments","floor":11.0,"key":"SMITH"},{"data":"Bash","floor":15.0,"key":"SMITH"},{"floor":23.0,"key":"REST"},{"floor":25.0,"key":"REST"},{"floor":29.0,"key":"REST"},{"floor":32.0,"key":"REST"},{"data":"Heavy Blade","floor":40.0,"key":"SMITH"},{"data":"Demon Form","floor":42,"key":"SMITH"}],"neow_cost":"PERCENT_DAMAGE","seed_source_timestamp":0,"circlet_count":0,"master_deck":["AscendersBane","Strike_R","Strike_R","Strike_R","Strike_R","Defend_R","Defend_R","Defend_R","Defend_R","Bash+1","Immolate+1","Armaments+1","Hemokinesis","Body Slam","Bloodletting","Headbutt","Corruption","Seeing Red","Demon Form+1","Flame Barrier+1","Thunderclap","Inflame","Bloodletting+1","Disarm","Purity","Heavy Blade+1","Armaments+1","Inflame+1","Writhe","Parasite","Sword Boomerang+1"],"special_seed":0,"relics":["Burning Blood","Dodecahedron","Blood Vial","Dream Catcher","Ancient Tea Set","Bottled Lightning","Matryoshka","Runic Pyramid","FaceOfCleric","Paper Frog","The Courier","Sundial","Strange Spoon","Cursed Key","StoneCalendar","PreservedInsect","Strawberry"],"potions_floor_usage":[45,45],"damage_taken":[{"damage":2.0,"enemies":"Jaw Worm","floor":1.0,"turns":3.0},{"damage":20.0,"enemies":"3 Sentries","floor":7.0,"turns":8.0},{"damage":1.0,"enemies":"Cultist","floor":10.0,"turns":3.0},{"damage":6.0,"enemies":"Gremlin Nob","floor":12.0,"turns":2.0},{"damage":0.0,"enemies":"Small Slimes","floor":13.0,"turns":1.0},{"damage":15.0,"enemies":"3 Sentries","floor":14.0,"turns":4.0},{"damage":33.0,"enemies":"Slime Boss","floor":16.0,"turns":6.0},{"damage":23.0,"enemies":"2 Thieves","floor":18.0,"turns":3.0},{"damage":16.0,"enemies":"3 Byrds","floor":19.0,"turns":4.0},{"damage":25.0,"enemies":"Snake Plant","floor":21.0,"turns":4.0},{"damage":21.0,"enemies":"Snecko","floor":22.0,"turns":4.0},{"damage":34.0,"enemies":"Shelled Parasite and Fungi","floor":24.0,"turns":4.0},{"damage":42.0,"enemies":"Book of Stabbing","floor":27.0,"turns":4.0},{"damage":0.0,"enemies":"Snake Plant","floor":30.0,"turns":5.0},{"damage":20.0,"enemies":"Snecko","floor":31.0,"turns":6.0},{"damage":38.0,"enemies":"Champ","floor":33.0,"turns":9.0},{"damage":16.0,"enemies":"Orb Walker","floor":35.0,"turns":3.0},{"damage":24.0,"enemies":"3 Shapes","floor":36.0,"turns":7.0},{"damage":10,"enemies":"Mind Bloom Boss Battle","floor":41,"turns":9},{"damage":59,"enemies":"Writhing Mass","floor":44,"turns":6},{"damage":49,"enemies":"Giant Head","floor":45,"turns":4}],"seed_played":"-5257533357500304105","potions_obtained":[{"floor":2.0,"key":"Dexterity Potion"},{"floor":2.0,"key":"Ancient Potion"},{"floor":10.0,"key":"Energy Potion"},{"floor":12.0,"key":"Regen Potion"},{"floor":18.0,"key":"Fruit Juice"},{"floor":21.0,"key":"Fire Potion"},{"floor":30.0,"key":"Energy Potion"},{"floor":31.0,"key":"SkillPotion"},{"floor":36.0,"key":"Dexterity Potion"}],"is_trial":false,"path_per_floor":["M","?","$","T","?","R","E","R","T","M","R","E","M","E","R","B",null,"M","M","?","M","M","R","M","R","T","E","$","R","M","M","R","B",null,"M","M","?","?","?","R","?","R","T","M","E"],"character_chosen":"IRONCLAD","items_purchased":["Hemokinesis","Purity","Strange Spoon"],"campfire_rested":5,"item_purchase_floors":[3,28,28],"current_hp_per_floor":[54,54,54,54,36,58,46,46,46,53,53,55,63,56,56,31,64,49,53,53,37,25,48,23,52,52,19,19,44,53,42,67,38,75,68,53,53,53,53,53,52,52,59,9,0],"gold":296,"neow_bonus":"THREE_RARE_CARDS","is_prod":false,"is_daily":false,"chose_seed":false,"campfire_upgraded":5,"win_rate":0,"timestamp":1549215736,"path_taken":["M","?","$","?","?","R","E","R","T","M","R","E","?","E","R","BOSS","M","M","?","?","M","R","M","R","T","E","$","R","M","M","R","BOSS","M","M","?","?","?","R","?","R","T","M","E"],"build_version":"2019-01-23","purchased_purges":1,"victory":false,"max_hp_per_floor":[75,75,75,75,75,75,75,75,75,75,75,75,75,75,75,75,75,75,75,75,76,77,77,78,83,83,84,84,84,85,86,86,87,87,88,89,89,89,89,89,90,90,97,98,98],"card_choices":[{"not_picked":["Barricade","Demon Form"],"picked":"Immolate","floor":0.0},{"not_picked":["Warcry","Shrug It Off"],"picked":"Armaments","floor":1.0},{"not_picked":["Searing Blow","Wild Strike"],"picked":"Body Slam","floor":7.0},{"not_picked":["Wild Strike","Heavy Blade"],"picked":"Bloodletting","floor":10.0},{"not_picked":["Perfected Strike","Dark Embrace"],"picked":"Headbutt","floor":12.0},{"not_picked":["Pummel","Headbutt"],"picked":"Corruption","floor":13.0},{"not_picked":["Clash","True Grit"],"picked":"Seeing Red","floor":14.0},{"not_picked":["Impervious","Feed"],"picked":"Demon Form","floor":16.0},{"not_picked":["Corruption+1","Rampage+1"],"picked":"Flame Barrier+1","floor":18.0},{"not_picked":["Carnage","Fire Breathing","Clash"],"picked":"SKIP","floor":19.0},{"not_picked":["Anger","Fire Breathing"],"picked":"Thunderclap","floor":21.0},{"not_picked":["Reckless Charge","Clash","Headbutt"],"picked":"SKIP","floor":22.0},{"not_picked":["Sword Boomerang","Ghostly Armor"],"picked":"Inflame","floor":23.0},{"not_picked":["Twin Strike","Metallicize","Perfected Strike"],"picked":"SKIP","floor":24.0},{"not_picked":["Corruption+1","Spot Weakness"],"picked":"Bloodletting+1","floor":25.0},{"not_picked":["Armaments","Cleave"],"picked":"Disarm","floor":27.0},{"not_picked":["Wild Strike","Headbutt"],"picked":"Berserk","floor":29.0},{"not_picked":["Blood for Blood","Pommel Strike"],"picked":"Heavy Blade","floor":30.0},{"not_picked":["Blood for Blood","Havoc"],"picked":"Armaments+1","floor":31.0},{"not_picked":["Rage","Twin Strike"],"picked":"Inflame+1","floor":32.0},{"not_picked":["Combust","Pommel Strike","Perfected Strike"],"picked":"SKIP","floor":35.0},{"not_picked":["Flex","Twin Strike+1","Cleave"],"picked":"SKIP","floor":36.0},{"not_picked":["Perfected Strike","Flex+1"],"picked":"Sword Boomerang+1","floor":44}],"player_experience":868740,"relics_obtained":[{"floor":4.0,"key":"Dodecahedron"},{"floor":7.0,"key":"Dream Catcher"},{"floor":9.0,"key":"Ancient Tea Set"},{"floor":12.0,"key":"Bottled Lightning"},{"floor":14.0,"key":"Matryoshka"},{"floor":26.0,"key":"Paper Frog"},{"floor":26.0,"key":"The Courier"},{"floor":27.0,"key":"Sundial"},{"floor":41,"key":"StoneCalendar"},{"floor":43,"key":"PreservedInsect"},{"floor":43,"key":"Strawberry"}],"event_choices":[{"damage_healed":0.0,"max_hp_gain":0.0,"max_hp_loss":0.0,"gold_gain":0.0,"event_name":"The Woman in Blue","player_choice":"Bought 2 Potions","floor":2.0,"gold_loss":0.0,"damage_taken":0.0},{"damage_healed":0.0,"max_hp_gain":0.0,"max_hp_loss":0.0,"gold_gain":0.0,"event_name":"Scrap Ooze","player_choice":"Success","floor":5.0,"gold_loss":0.0,"damage_taken":18.0,"relics_obtained":["Blood Vial"]},{"damage_healed":0.0,"max_hp_gain":0.0,"max_hp_loss":0.0,"gold_gain":0.0,"event_name":"FaceTrader","player_choice":"Trade","floor":20.0,"gold_loss":0.0,"damage_taken":0.0,"relics_obtained":["FaceOfCleric"]},{"damage_healed":0.0,"max_hp_gain":0.0,"max_hp_loss":0.0,"gold_gain":0.0,"event_name":"Mysterious Sphere","player_choice":"Ignored","floor":37.0,"gold_loss":0.0,"damage_taken":0.0},{"cards_removed":["Berserk"],"damage_healed":0.0,"max_hp_gain":0.0,"max_hp_loss":0.0,"gold_gain":0.0,"event_name":"Falling","player_choice":"Removed Power","floor":38.0,"gold_loss":0.0,"damage_taken":0.0},{"damage_healed":0.0,"max_hp_gain":0.0,"max_hp_loss":0.0,"gold_gain":0.0,"event_name":"Tomb of Lord Red Mask","player_choice":"Ignored","floor":39.0,"gold_loss":0.0,"damage_taken":0.0},{"damage_healed":0,"gold_gain":0,"player_choice":"Fight","damage_taken":0,"max_hp_gain":0,"max_hp_loss":0,"event_name":"MindBloom","floor":41,"gold_loss":0}],"is_beta":false,"boss_relics":[{"not_picked":["Busted Crown","Runic Cube"],"picked":"Runic Pyramid"},{"not_picked":["Astrolabe","Eternal Feather"],"picked":"Cursed Key"}],"items_purged_floors":[28],"is_endless":false,"potions_floor_spawned":[10,12,18,21,30,31,36,44],"killed_by":"Giant Head","ascension_level":20}