{"gold_per_floor":[110,127,127,127,150,150,185,200,225,225,225],"floor_reached":11,"playtime":372,"items_purged":[],"score":146,"play_id":"2efa5373-afee-4e38-9000-fea17164e857","local_time":"20190127231504","is_ascension_mode":true,"campfire_choices":[{"data":"Neutralize","floor":6,"key":"SMITH"},{"data":"Deadly Poison","floor":10,"key":"SMITH"}],"neow_cost":"NONE","seed_source_timestamp":1519481467429979,"circlet_count":0,"master_deck":["AscendersBane","Defend_G","Defend_G","Defend_G","Defend_G","Defend_G","Strike_G","Strike_G","Strike_G","Strike_G","Strike_G","Survivor","Neutralize+1","Acrobatics","Calculated Gamble","Deadly Poison+1","Flying Knee","Dagger Throw"],"relics":["Sozu","Golden Idol","Blood Vial","Oddly Smooth Stone"],"potions_floor_usage":[],"damage_taken":[{"damage":0,"enemies":"Cultist","floor":1,"turns":6},{"damage":2,"enemies":"Jaw Worm","floor":2,"turns":7},{"damage":2,"enemies":"Small Slimes","floor":5,"turns":5},{"damage":30,"enemies":"Lagavulin","floor":7,"turns":9},{"damage":2,"enemies":"Looter","floor":8,"turns":4},{"damage":33,"enemies":"Gremlin Nob","floor":11,"turns":3}],"seed_played":"5051293515276648116","potions_obtained":[],"is_trial":false,"path_per_floor":["M","M","?","?","M","R","E","M","T","R","E"],"character_chosen":"THE_SILENT","items_purchased":[],"campfire_rested":0,"item_purchase_floors":[],"current_hp_per_floor":[59,57,62,62,60,60,30,30,30,30,0],"gold":225,"neow_bonus":"BOSS_RELIC","is_prod":false,"is_daily":false,"chose_seed":false,"campfire_upgraded":2,"win_rate":0,"timestamp":1548648904,"path_taken":["M","?","?","?","M","R","E","M","T","R","E"],"build_version":"2019-01-23","purchased_purges":0,"victory":false,"max_hp_per_floor":[66,66,71,64,64,64,64,64,64,64,64],"card_choices":[{"not_picked":["Slice","Bane"],"picked":"Acrobatics","floor":1},{"not_picked":["Deflect","Prepared"],"picked":"Calculated Gamble","floor":2},{"not_picked":["Phantasmal Killer","PiercingWail"],"picked":"Deadly Poison","floor":5},{"not_picked":["Flechettes","Slice"],"picked":"Flying Knee","floor":7},{"not_picked":["Slice","Bane"],"picked":"Dagger Throw","floor":8}],"player_experience":826317,"relics_obtained":[{"floor":7,"key":"Blood Vial"},{"floor":9,"key":"Oddly Smooth Stone"}],"event_choices":[{"damage_healed":0,"gold_gain":0,"player_choice":"Donut","damage_taken":0,"max_hp_gain":5,"max_hp_loss":0,"event_name":"Big Fish","floor":3,"gold_loss":0},{"damage_healed":0,"gold_gain":0,"player_choice":"Lose Max HP","damage_taken":0,"relics_obtained":["Golden Idol"],"max_hp_gain":0,"max_hp_loss":7,"event_name":"Golden Idol","floor":4,"gold_loss":0}],"is_beta":false,"boss_relics":[],"items_purged_floors":[],"is_endless":false,"potions_floor_spawned":[2,7],"killed_by":"Gremlin Nob","ascension_level":20}