{"gold_per_floor":[111,123,48,323,334,334,349,349,417,433,433],"floor_reached":11,"playtime":279,"items_purged":["Strike_B"],"score":130,"play_id":"8ee7607b-4365-4380-8153-5fb91778afb5","local_time":"20190223020044","is_ascension_mode":true,"campfire_choices":[{"data":"Consume","floor":6,"key":"SMITH"},{"floor":8,"key":"REST"}],"neow_cost":"TEN_PERCENT_HP_LOSS","seed_source_timestamp":42588755443400,"circlet_count":0,"master_deck":["AscendersBane","Strike_B","Strike_B","Strike_B","Defend_B","Defend_B","Defend_B","Defend_B","Zap","Dualcast","Seek","Cold Snap","Echo Form","Regret","Consume+1","Capacitor","Defragment"],"relics":["Cracked Core","Meat on the Bone"],"potions_floor_usage":[],"damage_taken":[{"damage":9,"enemies":"Jaw Worm","floor":1,"turns":4},{"damage":0,"enemies":"Cultist","floor":2,"turns":3},{"damage":12,"enemies":"Small Slimes","floor":5,"turns":4},{"damage":31,"enemies":"Exordium Wildlife","floor":7,"turns":5},{"damage":28,"enemies":"Lots of Slimes","floor":10,"turns":5},{"damage":18,"enemies":"2 Fungi Beasts","floor":11,"turns":4}],"seed_played":"-6994956823422398466","potions_obtained":[{"floor":7,"key":"FearPotion"}],"is_trial":false,"path_per_floor":["M","M","$","?","M","R","M","R","T","M","M"],"character_chosen":"DEFECT","items_purchased":[],"campfire_rested":1,"item_purchase_floors":[],"current_hp_per_floor":[55,55,55,55,43,43,12,31,31,15,0],"gold":433,"neow_bonus":"THREE_RARE_CARDS","is_prod":false,"is_daily":false,"chose_seed":false,"campfire_upgraded":1,"win_rate":0,"timestamp":1550880044,"path_taken":["M","M","$","?","M","R","M","R","T","?","M"],"build_version":"2019-01-23","purchased_purges":1,"victory":false,"max_hp_per_floor":[64,64,64,64,64,64,64,64,64,64,64],"card_choices":[{"not_picked":["Reboot","Meteor Strike"],"picked":"Seek","floor":0},{"not_picked":["Steam Power","Sweeping Beam"],"picked":"Cold Snap","floor":1},{"not_picked":["Steam","Doom and Gloom"],"picked":"Echo Form","floor":2},{"not_picked":["Hologram","Cold Snap"],"picked":"Consume","floor":5},{"not_picked":["Sweeping Beam","Stack"],"picked":"Capacitor","floor":7},{"not_picked":["Sweeping Beam","Barrage"],"picked":"Defragment","floor":10}],"player_experience":898263,"relics_obtained":[{"floor":9,"key":"Meat on the Bone"}],"event_choices":[{"damage_healed":0,"gold_gain":275,"player_choice":"Desecrate","damage_taken":0,"max_hp_gain":0,"max_hp_loss":0,"event_name":"Golden Shrine","floor":4,"gold_loss":0,"cards_obtained":["Regret"]}],"is_beta":false,"boss_relics":[],"items_purged_floors":[3],"is_endless":false,"potions_floor_spawned":[7],"killed_by":"2 Fungi Beasts","ascension_level":20}