{"gold_per_floor":[217,217,236,18,35,65,65,91,91,91,121,133,149,167,167,262,262,278,290,215,15,35,35,35,35,35,53,53,65,65],"floor_reached":30,"playtime":1448,"items_purged":["Defend_G"],"score":290,"play_id":"7338c46f-c3a8-49e0-b185-bc29c63210b5","local_time":"20190209014149","is_ascension_mode":true,"campfire_choices":[{"data":"Phantasmal Killer","floor":10,"key":"SMITH"},{"floor":15,"key":"REST"},{"data":"Deadly Poison","floor":23,"key":"SMITH"}],"neow_cost":"NONE","seed_source_timestamp":20813863604870,"circlet_count":0,"master_deck":["Defend_G","Defend_G","Defend_G","Strike_G","Strike_G","Strike_G","Strike_G","Survivor","Neutralize","All Out Attack","Phantasmal Killer+1","Predator","Poisoned Stab","Bane","Deadly Poison+1","Backstab","Burst","Prepared","Terror","Adrenaline","Blade Dance","Eviscerate","Deadly Poison","Deadly Poison","Bouncing Flask"],"relics":["Ring of the Snake","Lantern","Pantograph","Question Card","Shuriken","Kunai","Busted Crown","Strange Spoon","Vajra"],"potions_floor_usage":[6,8,11,16,16,25],"damage_taken":[{"damage":4,"enemies":"Jaw Worm","floor":1,"turns":6},{"damage":0,"enemies":"Cultist","floor":3,"turns":3},{"damage":0,"enemies":"Small Slimes","floor":5,"turns":2},{"damage":4,"enemies":"Gremlin Nob","floor":6,"turns":3},{"damage":40,"enemies":"Lagavulin","floor":8,"turns":4},{"damage":2,"enemies":"Gremlin Nob","floor":11,"turns":3},{"damage":0,"enemies":"Blue Slaver","floor":12,"turns":2},{"damage":16,"enemies":"Lots of Slimes","floor":13,"turns":3},{"damage":0,"enemies":"2 Fungi Beasts","floor":14,"turns":2},{"damage":38,"enemies":"Hexaghost","floor":16,"turns":5},{"damage":10,"enemies":"Shell Parasite","floor":18,"turns":2},{"damage":0,"enemies":"Spheric Guardian","floor":19,"turns":2},{"damage":33,"enemies":"Shelled Parasite and Fungi","floor":22,"turns":4},{"damage":20,"enemies":"Colosseum Slavers","floor":25,"turns":3},{"damage":17,"enemies":"Centurion and Healer","floor":27,"turns":3},{"damage":6,"enemies":"3 Cultists","floor":29,"turns":4},{"damage":9,"enemies":"Book of Stabbing","floor":30,"turns":1}],"seed_played":"8575820759159311847","potions_obtained":[{"floor":1,"key":"SkillPotion"},{"floor":3,"key":"SpeedPotion"},{"floor":6,"key":"LiquidBronze"},{"floor":7,"key":"Poison Potion"},{"floor":7,"key":"FearPotion"},{"floor":13,"key":"AttackPotion"},{"floor":14,"key":"Fire Potion"}],"is_trial":false,"path_per_floor":["M","?","M","$","M","E","?","E","T","R","E","M","M","M","R","B",null,"M","M","?","$","M","R","?","?","T","M","$","M","E"],"character_chosen":"THE_SILENT","items_purchased":["Lantern","Strange Spoon"],"campfire_rested":1,"item_purchase_floors":[4,21],"current_hp_per_floor":[66,66,66,66,66,62,62,22,22,22,20,20,4,4,25,12,70,60,60,60,60,27,27,50,30,30,13,13,7,0],"gold":65,"neow_bonus":"HUNDRED_GOLD","is_prod":false,"is_daily":false,"chose_seed":false,"campfire_upgraded":2,"win_rate":0,"timestamp":1549705309,"path_taken":["M","?","M","$","M","E","?","E","T","R","E","M","M","?","R","BOSS","M","?","?","$","M","R","?","?","T","M","?","?","E"],"build_version":"2019-01-23","purchased_purges":1,"victory":false,"max_hp_per_floor":[70,70,70,70,70,70,70,70,70,70,70,70,70,70,70,70,70,70,70,70,70,70,70,70,70,70,70,70,70,70],"card_choices":[{"not_picked":["PiercingWail","Acrobatics"],"picked":"All Out Attack","floor":1},{"not_picked":["Accuracy","Finisher"],"picked":"Predator","floor":3},{"not_picked":["Sucker Punch","Setup"],"picked":"Poisoned Stab","floor":5},{"not_picked":["PiercingWail","Dagger Throw"],"picked":"Bane","floor":6},{"not_picked":["Flying Knee","Eviscerate"],"picked":"Deadly Poison","floor":8},{"not_picked":["Noxious Fumes","Dagger Spray","Setup"],"picked":"Backstab","floor":11},{"not_picked":["Poisoned Stab","Catalyst","Deadly Poison"],"picked":"Burst","floor":12},{"not_picked":["Acrobatics","Setup","Predator"],"picked":"Prepared","floor":13},{"not_picked":["Prepared","Expertise","Concentrate"],"picked":"Terror","floor":14},{"not_picked":["Phantasmal Killer","Storm of Steel","Burst"],"picked":"Adrenaline","floor":16},{"not_picked":["Dagger Spray"],"picked":"Blade Dance","floor":18},{"not_picked":["Dagger Spray"],"picked":"Eviscerate","floor":19},{"not_picked":["Acrobatics+1"],"picked":"Deadly Poison","floor":22},{"not_picked":["Footwork"],"picked":"Deadly Poison","floor":27},{"not_picked":["Flechettes"],"picked":"Bouncing Flask","floor":29}],"player_experience":142197,"relics_obtained":[{"floor":6,"key":"Pantograph"},{"floor":8,"key":"Question Card"},{"floor":9,"key":"Shuriken"},{"floor":11,"key":"Kunai"},{"floor":26,"key":"Vajra"}],"event_choices":[{"damage_healed":0,"gold_gain":0,"cards_transformed":["Defend_G"],"player_choice":"Change","damage_taken":0,"max_hp_gain":0,"max_hp_loss":0,"event_name":"Living Wall","floor":2,"gold_loss":0,"cards_obtained":["Phantasmal Killer"]},{"damage_healed":0,"gold_gain":0,"player_choice":"Got Potions","damage_taken":0,"max_hp_gain":0,"max_hp_loss":0,"event_name":"Lab","floor":7,"gold_loss":0},{"cards_removed":["Strike_G"],"damage_healed":0,"gold_gain":0,"player_choice":"Gave Gold","damage_taken":0,"max_hp_gain":0,"max_hp_loss":0,"event_name":"Beggar","floor":20,"gold_loss":75},{"damage_healed":23,"gold_gain":0,"player_choice":"Heal","damage_taken":0,"max_hp_gain":0,"max_hp_loss":0,"event_name":"The Library","floor":24,"gold_loss":0},{"damage_healed":0,"gold_gain":0,"player_choice":"Fight","damage_taken":0,"max_hp_gain":0,"max_hp_loss":0,"event_name":"Colosseum","floor":25,"gold_loss":0},{"damage_healed":0,"gold_gain":0,"player_choice":"Fled From Nobs","damage_taken":0,"max_hp_gain":0,"max_hp_loss":0,"event_name":"Colosseum","floor":25,"gold_loss":0}],"is_beta":false,"boss_relics":[{"not_picked":["Ectoplasm","Cursed Key"],"picked":"Busted Crown"}],"items_purged_floors":[4],"is_endless":false,"potions_floor_spawned":[1,3,6,13,14,25],"killed_by":"Book of Stabbing","ascension_level":3}