{"gold_per_floor":[111,286,298,373,388,416,316,335,335,351,351,369,369,393,393,393],"floor_reached":16,"playtime":2388,"items_purged":[],"score":104,"play_id":"5057bf81-7d88-46c0-973d-e3491bb8f304","local_time":"20190216115818","is_ascension_mode":false,"campfire_choices":[{"floor":13,"key":"REST"},{"floor":15,"key":"REST"}],"neow_cost":"NONE","seed_source_timestamp":467491248882817,"circlet_count":0,"master_deck":["Strike_R","Strike_R","Strike_R","Strike_R","Strike_R","Defend_R","Defend_R","Defend_R","Bash","Thunderclap","Shrug It Off","Doubt","Dropkick","Clothesline","Dual Wield","Cleave","Disarm","Seeing Red","Armaments","Thunderclap","Reaper"],"relics":["Burning Blood","WingedGreaves","Shuriken","Golden Idol"],"potions_floor_usage":[6,12],"damage_taken":[{"damage":10,"enemies":"Small Slimes","floor":1,"turns":3},{"damage":3,"enemies":"Jaw Worm","floor":3,"turns":5},{"damage":0,"enemies":"2 Louse","floor":5,"turns":3},{"damage":40,"enemies":"Lagavulin","floor":6,"turns":7},{"damage":18,"enemies":"Blue Slaver","floor":8,"turns":6},{"damage":25,"enemies":"Gremlin Gang","floor":10,"turns":4},{"damage":8,"enemies":"Exordium Wildlife","floor":12,"turns":4},{"damage":13,"enemies":"2 Fungi Beasts","floor":14,"turns":4},{"damage":53,"enemies":"Hexaghost","floor":16,"turns":11}],"seed_played":"7051304145712560494","potions_obtained":[{"floor":5,"key":"PowerPotion"},{"floor":10,"key":"PowerPotion"},{"floor":14,"key":"FearPotion"}],"is_trial":false,"path_per_floor":["M","?","M","?","M","E","$","M","T","M","?","M","R","M","R","B"],"character_chosen":"IRONCLAD","items_purchased":["Cleave","Disarm"],"campfire_rested":2,"item_purchase_floors":[7,7],"current_hp_per_floor":[76,76,79,68,74,40,40,28,28,9,9,7,29,22,44,0],"gold":393,"neow_bonus":"TRANSFORM_CARD","is_prod":false,"is_daily":false,"chose_seed":false,"campfire_upgraded":0,"win_rate":0.0,"timestamp":1550336298,"path_taken":["M","?","M","?","M","E","$","?","T","M","?","M","R","M","R","BOSS"],"build_version":"2019-01-23","purchased_purges":0,"victory":false,"max_hp_per_floor":[80,80,80,80,80,80,80,80,80,80,74,74,74,74,74,74],"card_choices":[{"not_picked":["Power Through","Flex"],"picked":"Shrug It Off","floor":1},{"not_picked":["Perfected Strike","Sword Boomerang"],"picked":"Dropkick","floor":3},{"not_picked":["Warcry","Burning Pact"],"picked":"Clothesline","floor":5},{"not_picked":["Spot Weakness","Anger"],"picked":"Dual Wield","floor":6},{"not_picked":["Perfected Strike","Flex"],"picked":"Seeing Red","floor":8},{"not_picked":["Dark Embrace","Clash"],"picked":"Armaments","floor":10},{"not_picked":["Cleave","Pommel Strike"],"picked":"Thunderclap","floor":12},{"not_picked":["Iron Wave","Flex"],"picked":"Reaper","floor":14}],"player_experience":22993,"relics_obtained":[{"floor":6,"key":"WingedGreaves"},{"floor":9,"key":"Shuriken"}],"event_choices":[{"damage_healed":0,"gold_gain":175,"player_choice":"AGREE","damage_taken":0,"max_hp_gain":0,"max_hp_loss":0,"event_name":"Liars Game","floor":2,"gold_loss":0,"cards_obtained":["Doubt"]},{"damage_healed":0,"gold_gain":75,"player_choice":"Gather Gold","damage_taken":11,"max_hp_gain":0,"max_hp_loss":0,"event_name":"World of Goop","floor":4,"gold_loss":0},{"damage_healed":0,"gold_gain":0,"player_choice":"Lose Max HP","damage_taken":0,"relics_obtained":["Golden Idol"],"max_hp_gain":0,"max_hp_loss":6,"event_name":"Golden Idol","floor":11,"gold_loss":0}],"is_beta":false,"boss_relics":[],"items_purged_floors":[],"is_endless":false,"potions_floor_spawned":[5,10,14],"killed_by":"Hexaghost","ascension_level":0}