{"gold_per_floor":[14,14,89,89,109,136,136,136,136,136,159,198,198,233,233,361,361,384,384,384,344,344,344,469,502,556,105,139,139,180,67,67,188,188,209,232,36,61,1060,1060,1091,1111,1111,1111,1145,1145,1184,1119,1119,1119,1119,1119,606,646,646],"floor_reached":56,"playtime":3149,"items_purged":[],"score":1685,"play_id":"62220712-72e6-4c74-b8ff-ff1b1c9b94b6","local_time":"20190122061034","is_ascension_mode":true,"campfire_choices":[{"data":"Perfected Strike","floor":7,"key":"SMITH"},{"data":"Double Tap","floor":10,"key":"SMITH"},{"data":"Armaments","floor":13,"key":"SMITH"},{"data":"Battle Trance","floor":15,"key":"SMITH"},{"data":"Immolate","floor":23,"key":"SMITH"},{"data":"Bash","floor":29,"key":"SMITH"},{"data":"Uppercut","floor":32,"key":"SMITH"},{"data":"Power Through","floor":40,"key":"SMITH"},{"floor":49,"key":"RECALL"},{"data":"Discovery","floor":52,"key":"SMITH"}],"neow_cost":"NO_GOLD","seed_source_timestamp":3175754785275236,"circlet_count":0,"master_deck":["Strike_R+1","Strike_R+1","Strike_R+1","Strike_R+1","Strike_R+1","Defend_R+1","Defend_R+1","Defend_R+1","Defend_R+1","Bash+1","Perfected Strike+1","Power Through+1","Double Tap+1","Thunderclap","Armaments+1","Battle Trance+1","Immolate+1","Shrug It Off","Headbutt","Shrug It Off+1","Blood for Blood","Wild Strike+1","Uppercut+1","Barricade","Twin Strike+1","Shockwave","Impervious","PanicButton","Discovery+1","Pommel Strike+1","Perfected Strike+1","Ghostly Armor","The Bomb","Metallicize","Heavy Blade+1"],"relics":["Burning Blood","War Paint","Oddly Smooth Stone","Golden Idol","Incense Burner","Ginger","Juzu Bracelet","Snecko Eye","MutagenicStrength","StoneCalendar","Singing Bowl","Turnip","Potion Belt","Membership Card","Bag of Marbles","Champion Belt","Shuriken","Omamori","Anchor","Runic Dome","Paper Frog","Lantern","Ancient Tea Set","Thread and Needle","Molten Egg 2","Boot","Vajra","Mango","Sling","Calipers"],"potions_floor_usage":[12,25,55,55,55,55,55,55,55,55,55,55,55,55,55,55],"damage_taken":[{"damage":13,"enemies":"Jaw Worm","floor":1,"turns":5},{"damage":0,"enemies":"2 Louse","floor":5,"turns":2},{"damage":29,"enemies":"3 Sentries","floor":6,"turns":12},{"damage":5,"enemies":"Small Slimes","floor":11,"turns":3},{"damage":0,"enemies":"Gremlin Nob","floor":12,"turns":3},{"damage":12,"enemies":"3 Sentries","floor":14,"turns":7},{"damage":41,"enemies":"The Guardian","floor":16,"turns":9},{"damage":0,"enemies":"2 Thieves","floor":18,"turns":1},{"damage":0,"enemies":"Colosseum Slavers","floor":24,"turns":1},{"damage":1,"enemies":"Colosseum Nobs","floor":24,"turns":5},{"damage":6,"enemies":"Book of Stabbing","floor":25,"turns":4},{"damage":0,"enemies":"Gremlin Leader","floor":28,"turns":4},{"damage":0,"enemies":"Book of Stabbing","floor":30,"turns":3},{"damage":15,"enemies":"Champ","floor":33,"turns":7},{"damage":0,"enemies":"3 Darklings","floor":35,"turns":1},{"damage":0,"enemies":"Orb Walker","floor":36,"turns":1},{"damage":0,"enemies":"Writhing Mass","floor":38,"turns":2},{"damage":12,"enemies":"Nemesis","floor":41,"turns":5},{"damage":0,"enemies":"4 Shapes","floor":42,"turns":7},{"damage":0,"enemies":"Giant Head","floor":45,"turns":7},{"damage":0,"enemies":"Nemesis","floor":47,"turns":3},{"damage":22,"enemies":"Donu and Deca","floor":50,"turns":9},{"damage":0,"enemies":"Shield and Spear","floor":54,"turns":3},{"damage":0,"enemies":"The Heart","floor":55,"turns":8}],"seed_played":"7143880816045195038","potions_obtained":[{"floor":1,"key":"Block Potion"},{"floor":11,"key":"SteroidPotion"},{"floor":16,"key":"Poison Potion"},{"floor":21,"key":"EntropicBrew"},{"floor":21,"key":"Regen Potion"},{"floor":25,"key":"Ancient Potion"},{"floor":28,"key":"Regen Potion"},{"floor":30,"key":"Dexterity Potion"},{"floor":38,"key":"SpeedPotion"},{"floor":42,"key":"EntropicBrew"},{"floor":45,"key":"SpeedPotion"}],"is_trial":false,"path_per_floor":["?","?","?","?","?","?","?","?","?","$","?","?","?","?"],"character_chosen":"IRONCLAD","items_purchased":["Membership Card","Bag of Marbles","Champion Belt","Blood for Blood","Uppercut","Anchor","Paper Frog","Lantern","Vajra","Mango","Sling","Ghostly Armor","The Bomb","Metallicize","Heavy Blade+1"],"campfire_rested":0,"item_purchase_floors":[27,27,27,27,31,31,37,37,53,53,53,53,53,53,53],"current_hp_per_floor":[89,94,83,80,86,63,63,63,63,63,64,70,70,64,64,29,93,93,93,93,93,93,93,93,93,93,93,93,93,95,95,95,86,95,97,99,99,99,99,99,93,99,99,91,97,96,96,96,96,80,96,96,110,112,112],"gold":646,"neow_bonus":"TWENTY_PERCENT_HP_BONUS","is_prod":false,"is_daily":false,"chose_seed":false,"campfire_upgraded":9,"win_rate":0,"timestamp":1548155434,"path_taken":["M","?","?","?","M","E","R","?","T","R","M","E","R","E","R","BOSS","M","?","?","?","?","R","?","E","T","$","E","R","E","?","R","BOSS","M","M","$","M","?","R","E","M","T","?","E","?","E","?","R","BOSS","R","$","E","BOSS"],"build_version":"2019-01-20","purchased_purges":0,"victory":true,"max_hp_per_floor":[96,101,101,101,101,101,101,93,93,93,93,93,93,93,93,93,93,93,93,93,93,93,93,93,93,93,93,93,93,95,95,95,95,95,97,99,99,99,99,99,99,99,99,101,101,96,96,96,96,96,96,96,110,112,112],"card_choices":[{"not_picked":["Corruption","Headbutt"],"picked":"Perfected Strike","floor":1},{"not_picked":["Clothesline","Havoc"],"picked":"Power Through","floor":5},{"not_picked":["Warcry","Armaments"],"picked":"Double Tap","floor":6},{"not_picked":["Body Slam","Disarm"],"picked":"Thunderclap","floor":11},{"not_picked":["Power Through","Heavy Blade"],"picked":"Armaments","floor":12},{"not_picked":["Fiend Fire","Havoc"],"picked":"Battle Trance","floor":14},{"not_picked":["Dark Embrace","Barricade"],"picked":"Immolate","floor":16},{"not_picked":["Thunderclap+1","Cleave"],"picked":"Shrug It Off","floor":18},{"not_picked":["Heavy Blade","Thunderclap"],"picked":"Headbutt","floor":24},{"not_picked":["Hemokinesis","Flex"],"picked":"Shrug It Off+1","floor":25},{"not_picked":["Offering","Warcry"],"picked":"Wild Strike+1","floor":28},{"not_picked":["Thunderclap","Infernal Blade+1","Rampage"],"picked":"Singing Bowl","floor":30},{"not_picked":["Brutality","Bludgeon"],"picked":"Barricade","floor":33},{"not_picked":["Flex+1","Armaments","Havoc"],"picked":"Singing Bowl","floor":35},{"not_picked":["Warcry","Sword Boomerang","Infernal Blade"],"picked":"Singing Bowl","floor":36},{"not_picked":["Intimidate","Clothesline+1"],"picked":"Twin Strike+1","floor":38},{"not_picked":["Whirlwind+1","Clothesline+1"],"picked":"Shockwave","floor":41},{"not_picked":["True Grit+1","Havoc"],"picked":"Impervious","floor":42},{"not_picked":["Secret Weapon","Enlightenment"],"picked":"PanicButton","floor":44},{"not_picked":["Impatience","Dark Shackles"],"picked":"Discovery","floor":44},{"not_picked":["Flash of Steel","Madness","Panacea"],"picked":"Singing Bowl","floor":44},{"not_picked":["Thunderclap","True Grit+1"],"picked":"Pommel Strike+1","floor":45},{"not_picked":["Clothesline","Pommel Strike+1"],"picked":"Perfected Strike","floor":47},{"not_picked":["Sentinel","Iron Wave+1","Cleave+1"],"picked":"Singing Bowl","floor":54}],"player_experience":4147666,"relics_obtained":[{"floor":6,"key":"Oddly Smooth Stone"},{"floor":9,"key":"Incense Burner"},{"floor":12,"key":"Ginger"},{"floor":14,"key":"Juzu Bracelet"},{"floor":24,"key":"StoneCalendar"},{"floor":24,"key":"Singing Bowl"},{"floor":25,"key":"Turnip"},{"floor":26,"key":"Potion Belt"},{"floor":28,"key":"Shuriken"},{"floor":30,"key":"Omamori"},{"floor":41,"key":"Ancient Tea Set"},{"floor":45,"key":"Thread and Needle"},{"floor":47,"key":"Molten Egg 2"},{"floor":54,"key":"Calipers"}],"event_choices":[{"damage_healed":0,"gold_gain":0,"player_choice":"Donut","damage_taken":0,"max_hp_gain":5,"max_hp_loss":0,"event_name":"Big Fish","floor":2,"gold_loss":0},{"damage_healed":0,"gold_gain":75,"player_choice":"Gather Gold","damage_taken":11,"max_hp_gain":0,"max_hp_loss":0,"event_name":"World of Goop","floor":3,"gold_loss":0},{"damage_healed":0,"gold_gain":0,"player_choice":"Success","damage_taken":3,"relics_obtained":["War Paint"],"max_hp_gain":0,"max_hp_loss":0,"event_name":"Scrap Ooze","floor":4,"gold_loss":0},{"damage_healed":0,"gold_gain":0,"player_choice":"Lose Max HP","damage_taken":0,"relics_obtained":["Golden Idol"],"max_hp_gain":0,"max_hp_loss":8,"event_name":"Golden Idol","floor":8,"gold_loss":0},{"damage_healed":0,"gold_gain":0,"player_choice":"Inject Mutagens","damage_taken":0,"relics_obtained":["MutagenicStrength"],"max_hp_gain":0,"max_hp_loss":0,"event_name":"Drug Dealer","floor":19,"gold_loss":0},{"damage_healed":0,"gold_gain":0,"player_choice":"Ignored","damage_taken":0,"max_hp_gain":0,"max_hp_loss":0,"event_name":"Ghosts","floor":20,"gold_loss":0},{"damage_healed":0,"gold_gain":0,"player_choice":"Bought 3 Potions","damage_taken":0,"max_hp_gain":0,"max_hp_loss":0,"event_name":"The Woman in Blue","floor":21,"gold_loss":0},{"damage_healed":0,"gold_gain":0,"player_choice":"Simplicity","damage_taken":0,"max_hp_gain":0,"max_hp_loss":0,"event_name":"Back to Basics","floor":22,"gold_loss":0,"cards_upgraded":["Strike_R","Strike_R","Strike_R","Strike_R","Strike_R","Defend_R","Defend_R"]},{"damage_healed":0,"gold_gain":0,"player_choice":"Fight","damage_taken":0,"max_hp_gain":0,"max_hp_loss":0,"event_name":"Colosseum","floor":24,"gold_loss":0},{"damage_healed":0,"gold_gain":0,"player_choice":"Fought Nobs","damage_taken":0,"max_hp_gain":0,"max_hp_loss":0,"event_name":"Colosseum","floor":24,"gold_loss":0},{"damage_healed":0,"gold_gain":999,"player_choice":"Gold","damage_taken":0,"max_hp_gain":0,"max_hp_loss":0,"event_name":"MindBloom","floor":39,"gold_loss":0,"cards_obtained":["Normality","Normality"]},{"damage_healed":0,"gold_gain":0,"player_choice":"Memory 3","damage_taken":10,"max_hp_gain":0,"max_hp_loss":0,"event_name":"SensoryStone","floor":44,"gold_loss":0},{"damage_healed":0,"gold_gain":0,"player_choice":"Max HP","damage_taken":0,"max_hp_gain":0,"max_hp_loss":5,"event_name":"Winding Halls","floor":46,"gold_loss":0},{"damage_healed":0,"gold_gain":0,"player_choice":"Paid Gold","damage_taken":0,"relics_obtained":["Boot"],"max_hp_gain":0,"max_hp_loss":0,"event_name":"WeMeetAgain","floor":48,"gold_loss":65}],"is_beta":true,"boss_relics":[{"not_picked":["Runic Pyramid","Empty Cage"],"picked":"Snecko Eye"},{"not_picked":["Calling Bell","Philosopher\u0027s Stone"],"picked":"Runic Dome"}],"items_purged_floors":[],"is_endless":false,"potions_floor_spawned":[1,11,16,25,28,30,33,38,41,42,45,47],"ascension_level":1}