{"gold_per_floor":[115,135,146,146,96,131,131,162,186,11,11,41,41,56,56,151,151,171,171,202,47,47,47,76,76,130,156,172,172,206,218,218,313,313,328,428,445,460,474,474,494,521,521,371,386,41,55,67,67,67],"floor_reached":51,"playtime":4750,"items_purged":["Second Wind+1","Defend_R","Power Through"],"score":1001,"play_id":"c77a9c95-2fae-495f-811c-27e4372ce17d","local_time":"20190222011451","is_ascension_mode":true,"campfire_choices":[{"data":"Bash","floor":7,"key":"SMITH"},{"floor":11,"key":"REST"},{"floor":13,"key":"REST"},{"data":"Apotheosis","floor":15,"key":"SMITH"},{"data":"Metallicize","floor":23,"key":"SMITH"},{"data":"Whirlwind","floor":25,"key":"SMITH"},{"data":"Inflame","floor":29,"key":"SMITH"},{"floor":32,"key":"REST"},{"floor":40,"key":"REST"},{"floor":49,"key":"REST"}],"neow_cost":"NONE","seed_source_timestamp":586253758892475,"circlet_count":0,"master_deck":["Strike_R","Defend_R","Bash+1","Seeing Red","Disarm","Apotheosis+1","Flex","Entrench","Feed+1","Flame Barrier+1","Shockwave+1","Metallicize+1","Whirlwind+1","Battle Trance+1","Inflame+1","Headbutt+1","Reaper+1","Rampage+1","True Grit+1","Body Slam"],"relics":["Burning Blood","Orichalcum","Centennial Puzzle","Bag of Preparation","Gambling Chip","Astrolabe","Red Mask","Ancient Tea Set","Happy Flower","Omamori","Regal Pillow","White Beast Statue","Pocketwatch","Anchor","Question Card","Whetstone"],"potions_floor_usage":[6,8,16,16,20,36,36,39,39,41,42,50,50],"damage_taken":[{"damage":5,"enemies":"2 Louse","floor":1,"turns":3},{"damage":8,"enemies":"Jaw Worm","floor":2,"turns":4},{"damage":8,"enemies":"Small Slimes","floor":3,"turns":5},{"damage":34,"enemies":"Gremlin Nob","floor":6,"turns":4},{"damage":39,"enemies":"3 Sentries","floor":8,"turns":11},{"damage":1,"enemies":"Gremlin Nob","floor":12,"turns":4},{"damage":0,"enemies":"2 Fungi Beasts","floor":14,"turns":3},{"damage":18,"enemies":"The Guardian","floor":16,"turns":11},{"damage":5,"enemies":"Shell Parasite","floor":18,"turns":9},{"damage":23,"enemies":"Masked Bandits","floor":20,"turns":12},{"damage":5,"enemies":"Gremlin Leader","floor":24,"turns":6},{"damage":21,"enemies":"Slavers","floor":27,"turns":9},{"damage":0,"enemies":"3 Byrds","floor":28,"turns":2},{"damage":0,"enemies":"Gremlin Leader","floor":30,"turns":3},{"damage":10,"enemies":"Shelled Parasite and Fungi","floor":31,"turns":5},{"damage":10,"enemies":"Automaton","floor":33,"turns":8},{"damage":24,"enemies":"3 Shapes","floor":35,"turns":2},{"damage":0,"enemies":"Mind Bloom Boss Battle","floor":36,"turns":4},{"damage":2,"enemies":"Orb Walker","floor":37,"turns":2},{"damage":28,"enemies":"Maw","floor":38,"turns":10},{"damage":24,"enemies":"Spire Growth","floor":39,"turns":6},{"damage":30,"enemies":"Transient","floor":41,"turns":5},{"damage":28,"enemies":"Nemesis","floor":42,"turns":7},{"damage":22,"enemies":"Sphere and 2 Shapes","floor":45,"turns":7},{"damage":15,"enemies":"Maw","floor":47,"turns":7},{"damage":0,"enemies":"Jaw Worm Horde","floor":48,"turns":2},{"damage":50,"enemies":"Time Eater","floor":50,"turns":11}],"seed_played":"-8594912692597831825","potions_obtained":[{"floor":2,"key":"FearPotion"},{"floor":3,"key":"GamblersBrew"},{"floor":12,"key":"EssenceOfSteel"},{"floor":14,"key":"Energy Potion"},{"floor":18,"key":"Regen Potion"},{"floor":27,"key":"Fire Potion"},{"floor":35,"key":"AttackPotion"},{"floor":36,"key":"SkillPotion"},{"floor":37,"key":"Energy Potion"},{"floor":38,"key":"EssenceOfSteel"},{"floor":39,"key":"FairyPotion"},{"floor":41,"key":"Weak Potion"},{"floor":42,"key":"Energy Potion"},{"floor":45,"key":"SteroidPotion"}],"is_trial":false,"path_per_floor":["M","M","M","?","?","E","R","E","T","$","R","E","R","M","R","B",null,"M","?","?","$","$","R","E","R","T","E","M","R","E","M","R","B",null,"M","?","M","M","M","R","M","E","T","$","M","$","M","M","R","B",null],"character_chosen":"IRONCLAD","items_purchased":["Apotheosis","Whirlwind","Body Slam","Whetstone","LiquidBronze"],"campfire_rested":5,"item_purchase_floors":[10,21,44,46,46],"current_hp_per_floor":[80,78,76,69,69,41,41,8,8,8,32,37,61,67,67,55,80,84,84,86,86,86,86,87,87,87,72,78,78,84,80,88,84,88,79,89,93,74,68,96,72,50,50,50,34,34,25,31,74,30],"gold":67,"neow_bonus":"REMOVE_CARD","is_prod":false,"is_daily":false,"chose_seed":false,"campfire_upgraded":5,"win_rate":0,"timestamp":1550794491,"path_taken":["M","M","M","?","?","E","R","E","T","?","R","E","R","M","R","BOSS","M","?","?","?","$","R","E","R","T","E","M","R","E","M","R","BOSS","M","?","M","M","M","R","M","E","T","$","M","$","M","M","R","BOSS"],"build_version":"2019-01-23","purchased_purges":3,"victory":true,"max_hp_per_floor":[80,80,80,80,80,80,80,80,80,80,80,80,80,80,80,80,80,84,84,88,88,88,88,88,88,88,88,88,88,88,88,88,88,88,92,96,96,96,96,96,96,96,96,96,96,96,96,96,96,96],"card_choices":[{"not_picked":["Iron Wave","Reckless Charge","Clash"],"picked":"SKIP","floor":1},{"not_picked":["Bloodletting","Dropkick","Second Wind"],"picked":"SKIP","floor":2},{"not_picked":["Sword Boomerang","Havoc"],"picked":"Seeing Red","floor":3},{"not_picked":["Body Slam","Exhume"],"picked":"Disarm","floor":6},{"not_picked":["Feel No Pain","Shockwave"],"picked":"Power Through","floor":8},{"not_picked":["Shrug It Off","Clothesline"],"picked":"Flex","floor":12},{"not_picked":["Warcry","Hemokinesis"],"picked":"Entrench","floor":14},{"not_picked":["Bludgeon","Fiend Fire"],"picked":"Feed","floor":16},{"not_picked":["Corruption+1","Heavy Blade","Seeing Red"],"picked":"SKIP","floor":18},{"not_picked":["Double Tap","Entrench+1"],"picked":"Battle Trance+1","floor":24},{"not_picked":["Clothesline","Anger"],"picked":"Inflame","floor":27},{"not_picked":["True Grit+1","Iron Wave","Perfected Strike"],"picked":"SKIP","floor":28},{"not_picked":["Uppercut","Carnage"],"picked":"Headbutt+1","floor":30},{"not_picked":["Iron Wave","Headbutt","Uppercut"],"picked":"SKIP","floor":31},{"not_picked":["Brutality","Berserk"],"picked":"Reaper","floor":33},{"not_picked":["Headbutt+1","Havoc+1","Iron Wave+1"],"picked":"SKIP","floor":35},{"not_picked":["Warcry+1","Heavy Blade+1","Iron Wave"],"picked":"SKIP","floor":37},{"not_picked":["Bloodletting+1","Iron Wave"],"picked":"Rampage+1","floor":38},{"not_picked":["Cleave","Pommel Strike","Headbutt+1"],"picked":"SKIP","floor":39},{"not_picked":["Blood for Blood","Ghostly Armor+1","Rampage+1"],"picked":"SKIP","floor":41},{"not_picked":["Body Slam","Reaper"],"picked":"True Grit+1","floor":42},{"not_picked":["Intimidate","Body Slam","Power Through","Armaments+1"],"picked":"SKIP","floor":45},{"not_picked":["Wild Strike","Intimidate+1","Heavy Blade+1","Entrench+1"],"picked":"SKIP","floor":47},{"not_picked":["Iron Wave+1","Rage","Pommel Strike","Headbutt+1"],"picked":"SKIP","floor":48}],"player_experience":332830,"relics_obtained":[{"floor":6,"key":"Orichalcum"},{"floor":8,"key":"Centennial Puzzle"},{"floor":9,"key":"Bag of Preparation"},{"floor":12,"key":"Gambling Chip"},{"floor":20,"key":"Red Mask"},{"floor":24,"key":"Ancient Tea Set"},{"floor":26,"key":"Happy Flower"},{"floor":27,"key":"Omamori"},{"floor":30,"key":"Regal Pillow"},{"floor":36,"key":"Pocketwatch"},{"floor":42,"key":"Anchor"},{"floor":43,"key":"Question Card"}],"event_choices":[{"cards_removed":["Strike_R"],"damage_healed":0,"gold_gain":0,"player_choice":"Card Removal","damage_taken":7,"max_hp_gain":0,"max_hp_loss":0,"event_name":"Golden Wing","floor":4,"gold_loss":0},{"cards_removed":["Defend_R"],"damage_healed":0,"gold_gain":0,"player_choice":"Card Removal","damage_taken":0,"max_hp_gain":0,"max_hp_loss":0,"event_name":"The Cleric","floor":5,"gold_loss":50},{"damage_healed":0,"gold_gain":0,"player_choice":"Read","damage_taken":0,"max_hp_gain":0,"max_hp_loss":0,"event_name":"The Library","floor":19,"gold_loss":0,"cards_obtained":["Metallicize"]},{"damage_healed":0,"gold_gain":0,"player_choice":"Fought Bandits","damage_taken":0,"max_hp_gain":0,"max_hp_loss":0,"event_name":"Masked Bandits","floor":20,"gold_loss":0},{"damage_healed":0,"gold_gain":0,"player_choice":"Fight","damage_taken":0,"max_hp_gain":0,"max_hp_loss":0,"event_name":"MindBloom","floor":36,"gold_loss":0}],"is_beta":false,"boss_relics":[{"not_picked":["Orrery","Runic Pyramid"],"picked":"Astrolabe"},{"not_picked":["Snecko Eye","Eternal Feather"],"picked":"White Beast Statue"}],"items_purged_floors":[21,44,46],"is_endless":false,"potions_floor_spawned":[2,3,12,14,18,27,35,36,37,38,39,41,42,45,47,48],"ascension_level":4}