{"gold_per_floor":[211,223,243,78,78,78,105,105,131,157,157,157,157,182,182,302,332,356,356,356,370,370,370,384,384,384,229,248,248,248,248],"floor_reached":31,"playtime":1829,"items_purged":["Normality"],"score":315,"play_id":"dde3770b-a8a3-43b7-bdcc-0b621785f449","local_time":"20190218011602","is_ascension_mode":true,"campfire_choices":[{"data":"Dagger Spray","floor":6,"key":"SMITH"},{"data":"Neutralize","floor":8,"key":"SMITH"},{"data":"Bouncing Flask","floor":13,"key":"SMITH"},{"data":"A Thousand Cuts","floor":15,"key":"SMITH"},{"data":"Envenom","floor":23,"key":"SMITH"},{"data":"Well Laid Plans","floor":25,"key":"SMITH"},{"data":"Cloak And Dagger","floor":29,"key":"SMITH"}],"neow_cost":"NONE","seed_source_timestamp":227572597764400,"circlet_count":0,"master_deck":["Defend_G","Defend_G","Defend_G","Defend_G","Defend_G","Strike_G","Strike_G","Strike_G","Strike_G","Strike_G","Survivor","Neutralize+1","Bouncing Flask+1","PiercingWail","Slice","Well Laid Plans+1","Backstab","Dagger Spray+1","Footwork","Acrobatics","A Thousand Cuts+1","Envenom+1","Decay","Regret","Cloak And Dagger+1","Cloak And Dagger+1","Footwork","Dagger Spray","Dodge and Roll"],"relics":["Ring of the Snake","Pantograph","Odd Mushroom","Strawberry","Bloody Idol","Calling Bell","Mummified Hand","FossilizedHelix","Nloth\u0027s Gift","Boot","Matryoshka"],"potions_floor_usage":[18,31],"damage_taken":[{"damage":2,"enemies":"Cultist","floor":1,"turns":4},{"damage":2,"enemies":"Small Slimes","floor":2,"turns":4},{"damage":0,"enemies":"2 Louse","floor":3,"turns":3},{"damage":11,"enemies":"The Mushroom Lair","floor":7,"turns":3},{"damage":11,"enemies":"Gremlin Nob","floor":10,"turns":4},{"damage":12,"enemies":"Large Slime","floor":14,"turns":6},{"damage":13,"enemies":"The Guardian","floor":16,"turns":10},{"damage":2,"enemies":"2 Thieves","floor":18,"turns":4},{"damage":9,"enemies":"Chosen","floor":21,"turns":4},{"damage":22,"enemies":"3 Cultists","floor":24,"turns":4},{"damage":10,"enemies":"Snecko","floor":28,"turns":6},{"damage":9,"enemies":"Snake Plant","floor":30,"turns":4},{"damage":19,"enemies":"Book of Stabbing","floor":31,"turns":5}],"seed_played":"7474462811331411729","potions_obtained":[{"floor":1,"key":"Weak Potion"},{"floor":10,"key":"Fire Potion"},{"floor":14,"key":"PowerPotion"},{"floor":18,"key":"Explosive Potion"},{"floor":21,"key":"SkillPotion"}],"is_trial":false,"path_per_floor":["M","M","M","$","?","R","?","R","T","E","?","?","R","M","R","B",null,"M","?","?","M","?","R","M","R","T","$","M","R","M","E"],"character_chosen":"THE_SILENT","items_purchased":["Well Laid Plans","Backstab","Dagger Spray","Footwork"],"campfire_rested":0,"item_purchase_floors":[4,4,4,27],"current_hp_per_floor":[61,59,59,59,59,59,48,48,48,44,37,37,37,25,25,37,63,61,61,61,57,57,57,40,40,40,40,35,35,26,7],"gold":248,"neow_bonus":"HUNDRED_GOLD","is_prod":false,"is_daily":false,"chose_seed":false,"campfire_upgraded":7,"win_rate":0,"timestamp":1550448962,"path_taken":["M","?","M","$","?","R","?","R","T","E","?","?","R","M","R","BOSS","M","?","?","?","?","R","M","R","T","?","M","R","M","E"],"build_version":"2019-01-23","purchased_purges":1,"victory":false,"max_hp_per_floor":[70,70,70,70,70,70,70,70,70,77,77,71,71,71,71,71,71,71,71,71,71,71,71,71,71,71,71,71,71,71,71],"card_choices":[{"not_picked":["Flying Knee","Caltrops"],"picked":"Bouncing Flask","floor":1},{"not_picked":["Backflip","Slice"],"picked":"PiercingWail","floor":2},{"not_picked":["Underhanded Strike","Setup"],"picked":"Slice","floor":3},{"not_picked":["Eviscerate","Backflip"],"picked":"Footwork","floor":7},{"not_picked":["Slice","Flying Knee"],"picked":"Acrobatics","floor":10},{"not_picked":["Cloak And Dagger","Flying Knee"],"picked":"A Thousand Cuts","floor":14},{"not_picked":["Doppelganger","Wraith Form v2"],"picked":"Envenom","floor":16},{"not_picked":["Heel Hook+1","Expertise"],"picked":"Cloak And Dagger+1","floor":18},{"not_picked":["Underhanded Strike","Outmaneuver"],"picked":"Cloak And Dagger","floor":21},{"not_picked":["Flying Knee","Setup","Heel Hook"],"picked":"SKIP","floor":24},{"not_picked":["Acrobatics+1","Accuracy"],"picked":"Dagger Spray","floor":28},{"not_picked":["Quick Slash","Grand Finale"],"picked":"Dodge and Roll","floor":30}],"player_experience":215648,"relics_obtained":[{"floor":7,"key":"Odd Mushroom"},{"floor":10,"key":"Strawberry"},{"floor":17,"key":"Tiny Chest"},{"floor":17,"key":"Mummified Hand"},{"floor":17,"key":"FossilizedHelix"},{"floor":26,"key":"Matryoshka"}],"event_choices":[{"damage_healed":0,"gold_gain":0,"player_choice":"Box","damage_taken":0,"relics_obtained":["Pantograph"],"max_hp_gain":0,"max_hp_loss":0,"event_name":"Big Fish","floor":5,"gold_loss":0,"cards_obtained":["Regret"]},{"damage_healed":0,"gold_gain":0,"player_choice":"Fought Mushrooms","damage_taken":0,"max_hp_gain":0,"max_hp_loss":0,"event_name":"Mushrooms","floor":7,"gold_loss":0},{"cards_removed":["Regret"],"damage_healed":0,"gold_gain":0,"player_choice":"Card Removal","damage_taken":7,"max_hp_gain":0,"max_hp_loss":0,"event_name":"Golden Wing","floor":11,"gold_loss":0},{"damage_healed":0,"gold_gain":0,"player_choice":"Lose Max HP","damage_taken":0,"relics_obtained":["Golden Idol"],"max_hp_gain":0,"max_hp_loss":6,"event_name":"Golden Idol","floor":12,"gold_loss":0},{"damage_healed":0,"gold_gain":0,"player_choice":"Gave Idol","damage_taken":0,"relics_obtained":["Bloody Idol"],"max_hp_gain":0,"max_hp_loss":0,"event_name":"Forgotten Altar","floor":19,"relics_lost":["Golden Idol"],"gold_loss":0},{"damage_healed":0,"gold_gain":0,"player_choice":"Traded Relic","damage_taken":0,"relics_obtained":["Nloth\u0027s Gift"],"max_hp_gain":0,"max_hp_loss":0,"event_name":"N\u0027loth","floor":20,"relics_lost":["Tiny Chest"],"gold_loss":0},{"damage_healed":0,"gold_gain":0,"player_choice":"Opened","damage_taken":0,"relics_obtained":["Boot"],"max_hp_gain":0,"max_hp_loss":0,"event_name":"The Mausoleum","floor":22,"gold_loss":0}],"is_beta":false,"boss_relics":[{"not_picked":["Runic Pyramid","Astrolabe"],"picked":"Calling Bell"}],"items_purged_floors":[27],"is_endless":false,"potions_floor_spawned":[1,10,14,18,21,28],"killed_by":"Book of Stabbing","ascension_level":7}