{"gold_per_floor":[114,114,131,101,112,112,144,144,144,160,85,118,129,143,143,219,219,196,246,246,246,6,6,6],"floor_reached":24,"playtime":713,"items_purged":["Strike_B"],"score":433,"play_id":"f6a52007-982e-421c-b93d-052a571cdb05","local_time":"20190130003020","is_ascension_mode":true,"campfire_choices":[{"data":"Zap","floor":6.0,"key":"SMITH"},{"data":"Streamline","floor":8.0,"key":"SMITH"},{"floor":15.0,"key":"REST"},{"floor":23,"key":"REST"}],"neow_cost":"NONE","seed_source_timestamp":1696388406431674,"circlet_count":0,"master_deck":["AscendersBane","Strike_B","Strike_B","Defend_B","Defend_B","Defend_B","Defend_B","Zap+1","Dualcast","Sweeping Beam","Coolheaded","Streamline+1","Capacitor","Streamline","Conserve Battery","Ball Lightning","Compile Driver","Seek","Coolheaded","Genetic Algorithm","Go for the Eyes","Beam Cell","Coolheaded","Beam Cell"],"special_seed":0,"relics":["Cracked Core","Pear","Cables","The Courier","Orrery","Tiny Chest","Bag of Marbles"],"potions_floor_usage":[],"damage_taken":[{"damage":2.0,"enemies":"Jaw Worm","floor":1.0,"turns":4.0},{"damage":9.0,"enemies":"Small Slimes","floor":3.0,"turns":4.0},{"damage":0.0,"enemies":"Cultist","floor":5.0,"turns":4.0},{"damage":28.0,"enemies":"Gremlin Nob","floor":7.0,"turns":4.0},{"damage":4.0,"enemies":"Large Slime","floor":10.0,"turns":4.0},{"damage":15.0,"enemies":"Lagavulin","floor":12.0,"turns":4.0},{"damage":2.0,"enemies":"3 Louse","floor":13.0,"turns":2.0},{"damage":5.0,"enemies":"2 Fungi Beasts","floor":14.0,"turns":3.0},{"damage":29.0,"enemies":"The Guardian","floor":16.0,"turns":10.0},{"damage":22,"enemies":"2 Thieves","floor":18,"turns":4},{"damage":68,"enemies":"Slavers","floor":24,"turns":4}],"seed_played":"-438526344592178423","potions_obtained":[{"floor":4.0,"key":"EntropicBrew"},{"floor":4.0,"key":"SpeedPotion"},{"floor":7.0,"key":"Ancient Potion"},{"floor":10.0,"key":"AttackPotion"},{"floor":12.0,"key":"AttackPotion"},{"floor":13.0,"key":"Swift Potion"},{"floor":16.0,"key":"Weak Potion"},{"floor":18,"key":"EssenceOfSteel"}],"is_trial":false,"path_per_floor":["M","?","M","?","M","R","E","R","T","M","$","E","M","M","R","B",null,"M","?","?","?","$","R","E"],"character_chosen":"DEFECT","items_purchased":["Tiny Chest","Bag of Marbles"],"campfire_rested":2,"item_purchase_floors":[22,22],"current_hp_per_floor":[69,62,53,53,53,53,35,35,35,31,31,16,14,9,35,6,68,46,46,20,39,39,66,0],"gold":6,"neow_bonus":"TEN_PERCENT_HP_BONUS","is_prod":false,"is_daily":false,"chose_seed":false,"campfire_upgraded":2,"win_rate":0,"timestamp":1548826220,"path_taken":["M","?","M","?","M","R","E","R","T","?","$","E","M","M","R","BOSS","M","?","?","?","$","R","E"],"build_version":"2019-01-23","purchased_purges":1,"victory":false,"max_hp_per_floor":[78,78,78,78,78,78,88,88,88,88,88,88,88,88,88,88,88,88,88,93,93,93,93,93],"card_choices":[{"not_picked":["Stack","Coolheaded"],"picked":"Sweeping Beam","floor":1.0},{"not_picked":["Double Energy","Leap"],"picked":"Coolheaded","floor":3.0},{"not_picked":["Barrage","Steam"],"picked":"Streamline","floor":5.0},{"not_picked":["Machine Learning","Sweeping Beam"],"picked":"Capacitor","floor":7.0},{"not_picked":["Ball Lightning","Lockon"],"picked":"Streamline","floor":10.0},{"not_picked":["Creative AI","Sweeping Beam"],"picked":"Conserve Battery","floor":12.0},{"not_picked":["Go for the Eyes","Turbo"],"picked":"Ball Lightning","floor":13.0},{"not_picked":["Reprogram","Steam"],"picked":"Compile Driver","floor":14.0},{"not_picked":["Buffer","Amplify"],"picked":"Seek","floor":16.0},{"not_picked":["Turbo","Leap"],"picked":"Coolheaded","floor":17.0},{"not_picked":["Static Discharge","Rebound"],"picked":"Genetic Algorithm","floor":17.0},{"not_picked":["Static Discharge","Barrage"],"picked":"Go for the Eyes","floor":17.0},{"not_picked":["Coolheaded","Go for the Eyes"],"picked":"Beam Cell","floor":17.0},{"not_picked":["Force Field","Gash"],"picked":"Coolheaded","floor":17.0},{"not_picked":["Stack","Rebound"],"picked":"Beam Cell","floor":18}],"player_experience":841175,"relics_obtained":[{"floor":7.0,"key":"Pear"},{"floor":9.0,"key":"Cables"},{"floor":12.0,"key":"The Courier"}],"event_choices":[{"cards_removed":["Strike_B"],"damage_healed":0.0,"max_hp_gain":0.0,"max_hp_loss":0.0,"gold_gain":0.0,"event_name":"Golden Wing","player_choice":"Card Removal","floor":2.0,"gold_loss":0.0,"damage_taken":7.0},{"damage_healed":0.0,"max_hp_gain":0.0,"max_hp_loss":0.0,"gold_gain":0.0,"event_name":"The Woman in Blue","player_choice":"Bought 2 Potions","floor":4.0,"gold_loss":0.0,"damage_taken":0.0},{"damage_healed":0,"gold_gain":50,"player_choice":"Stole From Cult","damage_taken":0,"max_hp_gain":0,"max_hp_loss":0,"event_name":"Nest","floor":19,"gold_loss":0},{"damage_healed":0,"gold_gain":0,"player_choice":"Shed Blood","damage_taken":31,"max_hp_gain":5,"max_hp_loss":0,"event_name":"Forgotten Altar","floor":20,"gold_loss":0},{"damage_healed":19,"gold_gain":0,"player_choice":"Heal","damage_taken":0,"max_hp_gain":0,"max_hp_loss":0,"event_name":"The Library","floor":21,"gold_loss":0}],"is_beta":false,"boss_relics":[{"not_picked":["Black Star","Runic Pyramid"],"picked":"Orrery"}],"items_purged_floors":[11],"is_endless":false,"potions_floor_spawned":[7,10,12,13,16,18],"killed_by":"Slavers","ascension_level":20}