{"gold_per_floor":[117,133,148,148,162,162,189,264,264,39,64,64,83,117,117,220,220,234,144,44,58,58,90,90,90,146,146,158,176,176,2,2,104,104,123,140,140,152,171,197,216,250,250,282,300,300,317,267,267,267,267,267,40,74,74],"floor_reached":55,"playtime":3286,"items_purged":["Strike_B","Strike_B"],"score":1025,"play_id":"37f36921-95f4-441b-9157-d839374d4be4","local_time":"20181222174253","is_ascension_mode":true,"campfire_choices":[{"data":"Consume","floor":6,"key":"SMITH"},{"data":"Zap","floor":12,"key":"SMITH"},{"data":"Sunder","floor":15,"key":"SMITH"},{"floor":27,"key":"REST"},{"data":"Rip and Tear","floor":30,"key":"SMITH"},{"data":"Reinforced Body","floor":32,"key":"SMITH"},{"data":"Loop","floor":46,"key":"SMITH"},{"floor":49,"key":"RECALL"},{"data":"Go for the Eyes","floor":52,"key":"SMITH"}],"neow_cost":"NONE","seed_source_timestamp":539156116844877,"circlet_count":0,"master_deck":["Strike_B+1","Defend_B","Defend_B","Defend_B+1","Defend_B+1","Zap+1","Dualcast+1","Cold Snap","Consume+1","BootSequence+1","Rip and Tear+1","Steam","Ball Lightning","Sunder+1","Machine Learning","Reinforced Body+1","Necronomicurse","Ball Lightning+1","Glacier+1","Mayhem","Echo Form","Conserve Battery+1","Force Field+1","Glacier","Doom and Gloom+1","Multi-Cast","Loop+1","Go for the Eyes+1","Meteor Strike","Undo+1"],"relics":["Cracked Core","Blood Vial","Singing Bowl","Bronze Scales","Letter Opener","Strawberry","Snecko Eye","Lantern","Necronomicon","Sundial","Tiny Chest","Nuclear Battery","War Paint","Bag of Preparation","Juzu Bracelet","Boot"],"potions_floor_usage":[11,16,47,55,55],"damage_taken":[{"damage":0,"enemies":"Small Slimes","floor":1,"turns":2},{"damage":0,"enemies":"2 Louse","floor":2,"turns":2},{"damage":0,"enemies":"Jaw Worm","floor":3,"turns":3},{"damage":0,"enemies":"Large Slime","floor":5,"turns":5},{"damage":8,"enemies":"Lagavulin","floor":7,"turns":7},{"damage":15,"enemies":"Gremlin Nob","floor":11,"turns":5},{"damage":0,"enemies":"Gremlin Gang","floor":13,"turns":3},{"damage":2,"enemies":"Lagavulin","floor":14,"turns":6},{"damage":33,"enemies":"The Guardian","floor":16,"turns":8},{"damage":0,"enemies":"Spheric Guardian","floor":18,"turns":2},{"damage":8,"enemies":"Shell Parasite","floor":21,"turns":3},{"damage":18,"enemies":"Slavers","floor":23,"turns":4},{"damage":0,"enemies":"Chosen and Byrds","floor":28,"turns":4},{"damage":0,"enemies":"Snake Plant","floor":29,"turns":3},{"damage":0,"enemies":"Collector","floor":33,"turns":5},{"damage":0,"enemies":"3 Darklings","floor":35,"turns":4},{"damage":0,"enemies":"Orb Walker","floor":36,"turns":2},{"damage":0,"enemies":"Spire Growth","floor":38,"turns":4},{"damage":0,"enemies":"Transient","floor":39,"turns":5},{"damage":0,"enemies":"Reptomancer","floor":40,"turns":4},{"damage":22,"enemies":"Maw","floor":41,"turns":5},{"damage":0,"enemies":"Nemesis","floor":42,"turns":9},{"damage":0,"enemies":"Reptomancer","floor":44,"turns":5},{"damage":0,"enemies":"Sphere and 2 Shapes","floor":45,"turns":3},{"damage":2,"enemies":"Writhing Mass","floor":47,"turns":8},{"damage":0,"enemies":"Donu and Deca","floor":50,"turns":7},{"damage":25,"enemies":"Shield and Spear","floor":54,"turns":6},{"damage":71,"enemies":"The Heart","floor":55,"turns":5}],"seed_played":"3837271584045843848","potions_obtained":[{"floor":1,"key":"FairyPotion"},{"floor":3,"key":"Ancient Potion"},{"floor":5,"key":"Block Potion"},{"floor":11,"key":"Block Potion"},{"floor":21,"key":"SteroidPotion"},{"floor":33,"key":"FocusPotion"},{"floor":40,"key":"Strength Potion"},{"floor":42,"key":"Regen Potion"}],"is_trial":false,"path_per_floor":["M","M","M","?","M","R","E","?","T","$","E","R","M","E","R","B",null,"M","?","$","M","$","E","?","T","T","R","M","M","R","$","R","B",null,"M","M","?","M","M","E","M","E","T","E","M","R","M","$","R","B",null,"R","$","E","B"],"character_chosen":"DEFECT","items_purchased":["Bronze Scales","Mayhem","Dexterity Potion","Meteor Strike","LiquidBronze"],"campfire_rested":1,"item_purchase_floors":[10,31,48,53,53],"current_hp_per_floor":[75,75,75,60,60,60,52,41,41,41,30,30,32,39,39,8,84,86,86,86,78,78,64,48,48,48,74,76,78,78,78,78,80,88,90,90,90,90,92,92,70,72,72,76,78,78,93,93,93,94,94,94,94,69,0],"gold":74,"neow_bonus":"THREE_CARDS","is_prod":false,"is_daily":false,"chose_seed":false,"campfire_upgraded":7,"win_rate":0,"timestamp":1545518573,"path_taken":["M","M","M","?","M","R","E","?","T","?","E","R","M","E","R","BOSS","M","?","$","?","?","E","?","?","T","R","M","M","R","$","R","BOSS","M","M","?","?","M","E","M","E","T","E","M","R","M","$","R","BOSS","R","$","E","BOSS"],"build_version":"2018-12-20","purchased_purges":2,"victory":false,"max_hp_per_floor":[75,75,75,75,75,75,75,75,75,75,77,77,77,84,84,84,84,86,86,86,86,86,88,88,88,88,88,88,88,88,88,88,88,88,90,90,90,90,92,92,92,92,92,94,94,94,94,94,94,94,94,94,94,94,94],"card_choices":[{"not_picked":["Heatsinks","BootSequence"],"picked":"Cold Snap","floor":0},{"not_picked":["Loop","Hologram"],"picked":"Consume","floor":1},{"not_picked":["Consume","Hologram"],"picked":"BootSequence","floor":2},{"not_picked":["Gash","Rebound"],"picked":"Rip and Tear","floor":3},{"not_picked":["Scrape","Redo","Streamline"],"picked":"SKIP","floor":5},{"not_picked":["Turbo","Darkness"],"picked":"Steam","floor":7},{"not_picked":["Redo","Stack","Scrape"],"picked":"Singing Bowl","floor":11},{"not_picked":["Force Field","Go for the Eyes"],"picked":"Ball Lightning","floor":13},{"not_picked":["Undo","All For One"],"picked":"Sunder","floor":14},{"not_picked":["Fission","All For One"],"picked":"Machine Learning","floor":16},{"not_picked":["Streamline","Compile Driver","Rebound"],"picked":"Singing Bowl","floor":18},{"not_picked":["Beam Cell","Genetic Algorithm"],"picked":"Reinforced Body","floor":21},{"not_picked":["Coolheaded","Stack","Fusion"],"picked":"Singing Bowl","floor":23},{"not_picked":["Compile Driver","Loop"],"picked":"Ball Lightning+1","floor":28},{"not_picked":["Redo","Skim"],"picked":"Glacier","floor":29},{"not_picked":["Thunder Strike","Fission"],"picked":"Echo Form","floor":33},{"not_picked":["Redo","Heatsinks","White Noise+1"],"picked":"Singing Bowl","floor":35},{"not_picked":["Ball Lightning","Compile Driver"],"picked":"Conserve Battery+1","floor":36},{"not_picked":["Consume+1","Fission"],"picked":"Force Field+1","floor":38},{"not_picked":["Leap+1","Go for the Eyes","Barrage+1"],"picked":"Singing Bowl","floor":39},{"not_picked":["Leap+1","Hello World"],"picked":"Glacier","floor":40},{"not_picked":["Streamline+1","Coolheaded+1"],"picked":"Doom and Gloom+1","floor":41},{"not_picked":["Stack+1","Compile Driver"],"picked":"Multi-Cast","floor":42},{"not_picked":["Beam Cell","Fusion","Gash+1"],"picked":"Singing Bowl","floor":44},{"not_picked":["Go for the Eyes+1","Compile Driver+1"],"picked":"Loop","floor":45},{"not_picked":["Leap+1","Cold Snap"],"picked":"Go for the Eyes","floor":47},{"not_picked":["Rebound+1","Static Discharge"],"picked":"Undo+1","floor":54}],"player_experience":3873764,"relics_obtained":[{"floor":7,"key":"Blood Vial"},{"floor":9,"key":"Singing Bowl"},{"floor":11,"key":"Letter Opener"},{"floor":14,"key":"Strawberry"},{"floor":23,"key":"Lantern"},{"floor":24,"key":"Necronomicon"},{"floor":25,"key":"Sundial"},{"floor":26,"key":"Tiny Chest"},{"floor":40,"key":"War Paint"},{"floor":42,"key":"Bag of Preparation"},{"floor":44,"key":"Juzu Bracelet"},{"floor":54,"key":"Boot"}],"event_choices":[{"damage_healed":0,"gold_gain":0,"player_choice":"Entered Light","damage_taken":15,"max_hp_gain":0,"max_hp_loss":0,"event_name":"Shining Light","floor":4,"gold_loss":0,"cards_upgraded":["BootSequence","Strike_B"]},{"damage_healed":0,"gold_gain":75,"player_choice":"Gather Gold","damage_taken":11,"max_hp_gain":0,"max_hp_loss":0,"event_name":"World of Goop","floor":8,"gold_loss":0},{"cards_removed":["Strike_B"],"damage_healed":0,"gold_gain":0,"player_choice":"Upgrade and Remove","damage_taken":0,"max_hp_gain":0,"max_hp_loss":0,"event_name":"Designer","floor":19,"gold_loss":90,"cards_upgraded":["Defend_B"]},{"damage_healed":0,"gold_gain":0,"player_choice":"Obtained Book","damage_taken":16,"max_hp_gain":0,"max_hp_loss":0,"event_name":"Cursed Tome","floor":24,"gold_loss":0},{"damage_healed":0,"gold_gain":0,"player_choice":"Upgraded","damage_taken":0,"max_hp_gain":0,"max_hp_loss":0,"event_name":"Upgrade Shrine","floor":37,"gold_loss":0,"cards_upgraded":["Glacier"]}],"is_beta":true,"boss_relics":[{"not_picked":["Empty Cage","Orrery"],"picked":"Snecko Eye"},{"not_picked":["FrozenCore","Philosopher\u0027s Stone"],"picked":"Nuclear Battery"}],"items_purged_floors":[10,20],"is_endless":false,"potions_floor_spawned":[1,3,5,11,13,21,33,38,40,41,42,54],"killed_by":"The Heart","ascension_level":1}