{"gold_per_floor":[117,133,133,153,113,138,149,149,224,257,257,273,0,14,14,112,112,131,56,73,173,173,173,183,201,226,141,0,99,116,391,391,494,494,506,522,522,179,179,212,232,232,300,300,24,24,24,38,38,38,38,38,38,69,69],"floor_reached":55,"playtime":3972,"items_purged":["Strike_B","Defend_B","Strike_B"],"score":738,"play_id":"40b7a244-b969-4390-95cb-2fdb675a9983","local_time":"20190121075905","is_ascension_mode":true,"campfire_choices":[{"data":"Hello World","floor":8,"key":"SMITH"},{"data":"Zap","floor":11,"key":"SMITH"},{"floor":15,"key":"REST"},{"floor":23,"key":"REST"},{"floor":32,"key":"REST"},{"floor":42,"key":"REST"},{"floor":44,"key":"RECALL"},{"data":"Consume","floor":49,"key":"SMITH"},{"data":"Capacitor","floor":52,"key":"SMITH"}],"neow_cost":"NONE","seed_source_timestamp":3095069423182318,"circlet_count":0,"master_deck":["Strike_B","Strike_B","Defend_B","Defend_B","Defend_B","Zap+1","Cold Snap","Ball Lightning","Steam","Hello World+1","Reboot","Coolheaded","Conserve Battery","Leap","Capacitor+1","Sunder","Rainbow","Coolheaded","Consume+1","Ball Lightning","Biased Cognition","Steam","Doom and Gloom+1","Electrodynamics","Cold Snap+1","Leap+1","Capacitor","Conserve Battery","Chaos+1","Conserve Battery+1","Redo+1"],"relics":["Cracked Core","Peace Pipe","Omamori","Potion Belt","Happy Flower","Philosopher\u0027s Stone","Emotion Chip","Bottled Tornado","Smiling Mask","Nunchaku","Runic Pyramid","DollysMirror","Art of War","Blue Candle","Anchor","StoneCalendar"],"potions_floor_usage":[6,6,14,18,20,21,24,25,25,33,40,40,54,54,55,55],"damage_taken":[{"damage":0,"enemies":"Cultist","floor":1,"turns":3},{"damage":8,"enemies":"Small Slimes","floor":2,"turns":4},{"damage":6,"enemies":"Jaw Worm","floor":4,"turns":3},{"damage":10,"enemies":"Lagavulin","floor":6,"turns":8},{"damage":5,"enemies":"Blue Slaver","floor":7,"turns":3},{"damage":6,"enemies":"3 Sentries","floor":10,"turns":7},{"damage":3,"enemies":"2 Fungi Beasts","floor":12,"turns":3},{"damage":10,"enemies":"Exordium Thugs","floor":14,"turns":4},{"damage":12,"enemies":"Slime Boss","floor":16,"turns":10},{"damage":8,"enemies":"3 Byrds","floor":18,"turns":6},{"damage":2,"enemies":"Chosen","floor":20,"turns":5},{"damage":9,"enemies":"Colosseum Slavers","floor":21,"turns":6},{"damage":36,"enemies":"Colosseum Nobs","floor":21,"turns":5},{"damage":15,"enemies":"Snake Plant","floor":24,"turns":4},{"damage":8,"enemies":"Shelled Parasite and Fungi","floor":25,"turns":4},{"damage":1,"enemies":"Cultist and Chosen","floor":30,"turns":5},{"damage":26,"enemies":"Automaton","floor":33,"turns":9},{"damage":2,"enemies":"Orb Walker","floor":35,"turns":5},{"damage":0,"enemies":"3 Shapes","floor":36,"turns":5},{"damage":34,"enemies":"Nemesis","floor":40,"turns":7},{"damage":4,"enemies":"Maw","floor":41,"turns":9},{"damage":0,"enemies":"Jaw Worm Horde","floor":48,"turns":3},{"damage":32,"enemies":"Awakened One","floor":50,"turns":15},{"damage":2,"enemies":"Shield and Spear","floor":54,"turns":8},{"damage":73,"enemies":"The Heart","floor":55,"turns":9}],"seed_played":"2055364918497892495","potions_obtained":[{"floor":2,"key":"SteroidPotion"},{"floor":5,"key":"Energy Potion"},{"floor":5,"key":"FairyPotion"},{"floor":5,"key":"Swift Potion"},{"floor":7,"key":"Ancient Potion"},{"floor":14,"key":"SneckoOil"},{"floor":16,"key":"Dexterity Potion"},{"floor":22,"key":"Weak Potion"},{"floor":22,"key":"SneckoOil"},{"floor":22,"key":"Strength Potion"},{"floor":24,"key":"Dexterity Potion"},{"floor":30,"key":"Explosive Potion"},{"floor":33,"key":"SpeedPotion"},{"floor":36,"key":"Block Potion"}],"is_trial":false,"path_per_floor":["M","?","?","?","?","M","?","?","?","?","?","?","?","?","M"],"character_chosen":"DEFECT","items_purchased":["Happy Flower","Capacitor","SkillPotion","DollysMirror","PowerPotion","Conserve Battery","Anchor","Ancient Potion"],"campfire_rested":4,"item_purchase_floors":[13,13,13,38,38,38,45,45],"current_hp_per_floor":[75,67,55,49,49,39,34,34,34,28,28,25,25,15,37,25,75,67,67,65,20,20,42,27,19,19,19,19,19,18,18,40,14,75,73,73,73,73,73,39,35,57,57,57,57,57,75,75,75,43,75,75,75,73,0],"gold":69,"neow_bonus":"THREE_CARDS","is_prod":false,"is_daily":false,"chose_seed":false,"campfire_upgraded":4,"win_rate":0,"timestamp":1548075545,"path_taken":["M","?","?","M","?","E","M","R","T","E","R","M","$","M","R","BOSS","M","$","M","?","?","R","M","?","T","?","?","?","M","?","R","BOSS","M","M","?","$","?","E","M","R","T","R","$","?","?","?","R","BOSS","R","$","E","BOSS"],"build_version":"2019-01-20","purchased_purges":3,"victory":false,"max_hp_per_floor":[75,75,75,75,75,75,75,75,75,75,75,75,75,75,75,75,75,75,75,75,75,75,75,75,75,75,75,75,75,75,75,75,75,75,75,75,75,75,75,75,75,75,75,75,75,75,75,75,75,75,75,75,75,75,75],"card_choices":[{"not_picked":["Undo","Stack"],"picked":"Cold Snap","floor":0},{"not_picked":["Coolheaded","Static Discharge"],"picked":"Ball Lightning","floor":1},{"not_picked":["Barrage","Darkness"],"picked":"Steam","floor":2},{"not_picked":["Streamline","Hologram"],"picked":"Hello World","floor":4},{"not_picked":["Streamline","Turbo"],"picked":"Reboot","floor":6},{"not_picked":["Beam Cell","Go for the Eyes"],"picked":"Coolheaded","floor":7},{"not_picked":["Sweeping Beam","Turbo"],"picked":"Conserve Battery","floor":10},{"not_picked":["Rebound","Static Discharge"],"picked":"Leap","floor":12},{"not_picked":["Recycle","Turbo"],"picked":"Sunder","floor":14},{"not_picked":["Machine Learning","All For One"],"picked":"Rainbow","floor":16},{"not_picked":["Aggregate","Streamline+1"],"picked":"Coolheaded","floor":18},{"not_picked":["Coolheaded+1","Redo+1"],"picked":"Consume","floor":20},{"not_picked":["Redo","Beam Cell"],"picked":"Ball Lightning","floor":21},{"not_picked":["Stack","Melter"],"picked":"Biased Cognition","floor":24},{"not_picked":["Darkness+1","Chaos"],"picked":"Steam","floor":25},{"not_picked":["Conserve Battery","Consume"],"picked":"Doom and Gloom+1","floor":30},{"not_picked":["Thunder Strike","Biased Cognition"],"picked":"Electrodynamics","floor":33},{"not_picked":["Conserve Battery","Genetic Algorithm+1"],"picked":"Cold Snap+1","floor":35},{"not_picked":["Skim+1","Force Field"],"picked":"Leap+1","floor":36},{"not_picked":["Barrage","Lockon"],"picked":"Chaos+1","floor":40},{"not_picked":["Reinforced Body","Leap+1"],"picked":"Conserve Battery+1","floor":41},{"not_picked":["Heatsinks","FTL"],"picked":"Redo+1","floor":48},{"not_picked":["Heatsinks+1","Barrage","Skim"],"picked":"SKIP","floor":54}],"player_experience":4129255,"relics_obtained":[{"floor":6,"key":"Omamori"},{"floor":10,"key":"Potion Belt"},{"floor":21,"key":"Emotion Chip"},{"floor":21,"key":"Bottled Tornado"},{"floor":26,"key":"Smiling Mask"},{"floor":40,"key":"Art of War"},{"floor":43,"key":"Blue Candle"},{"floor":54,"key":"StoneCalendar"}],"event_choices":[{"damage_healed":0,"gold_gain":0,"player_choice":"Success","damage_taken":12,"relics_obtained":["Peace Pipe"],"max_hp_gain":0,"max_hp_loss":0,"event_name":"Scrap Ooze","floor":3,"gold_loss":0},{"damage_healed":0,"gold_gain":0,"player_choice":"Bought 3 Potions","damage_taken":0,"max_hp_gain":0,"max_hp_loss":0,"event_name":"The Woman in Blue","floor":5,"gold_loss":0},{"damage_healed":0,"gold_gain":0,"player_choice":"Fight","damage_taken":0,"max_hp_gain":0,"max_hp_loss":0,"event_name":"Colosseum","floor":21,"gold_loss":0},{"damage_healed":0,"gold_gain":0,"player_choice":"Fought Nobs","damage_taken":0,"max_hp_gain":0,"max_hp_loss":0,"event_name":"Colosseum","floor":21,"gold_loss":0},{"damage_healed":0,"gold_gain":0,"player_choice":"Got Potions","damage_taken":0,"max_hp_gain":0,"max_hp_loss":0,"event_name":"Lab","floor":22,"gold_loss":0},{"damage_healed":0,"gold_gain":0,"player_choice":"Obtained Relic","damage_taken":0,"relics_obtained":["Nunchaku"],"max_hp_gain":0,"max_hp_loss":0,"event_name":"Addict","floor":27,"gold_loss":85},{"damage_healed":0,"gold_gain":0,"player_choice":"Paid Fearfully","damage_taken":0,"max_hp_gain":0,"max_hp_loss":0,"event_name":"Masked Bandits","floor":28,"gold_loss":141},{"damage_healed":0,"gold_gain":99,"player_choice":"Stole From Cult","damage_taken":0,"max_hp_gain":0,"max_hp_loss":0,"event_name":"Nest","floor":29,"gold_loss":0},{"damage_healed":0,"gold_gain":275,"player_choice":"Desecrate","damage_taken":0,"max_hp_gain":0,"max_hp_loss":0,"event_name":"Golden Shrine","floor":31,"gold_loss":0,"cards_obtained":["Regret"]},{"damage_healed":0,"gold_gain":0,"player_choice":"Ignored","damage_taken":0,"max_hp_gain":0,"max_hp_loss":0,"event_name":"Tomb of Lord Red Mask","floor":37,"gold_loss":0},{"cards_removed":["Dualcast"],"damage_healed":0,"gold_gain":0,"player_choice":"Removed Skill","damage_taken":0,"max_hp_gain":0,"max_hp_loss":0,"event_name":"Falling","floor":39,"gold_loss":0},{"damage_healed":0,"gold_gain":0,"player_choice":"Ignored","damage_taken":0,"max_hp_gain":0,"max_hp_loss":0,"event_name":"Mysterious Sphere","floor":46,"gold_loss":0},{"damage_healed":19,"gold_gain":0,"player_choice":"Writhe","damage_taken":0,"max_hp_gain":0,"max_hp_loss":0,"event_name":"Winding Halls","floor":47,"gold_loss":0,"cards_obtained":["Writhe"]}],"is_beta":true,"boss_relics":[{"not_picked":["White Beast Statue","Lizard Tail"],"picked":"Philosopher\u0027s Stone"},{"not_picked":["Pandora\u0027s Box","Astrolabe"],"picked":"Runic Pyramid"}],"items_purged_floors":[19,38,45],"is_endless":false,"potions_floor_spawned":[2,7,14,16,21,24,30,33,36],"killed_by":"The Heart","ascension_level":1}