{"gold_per_floor":[365,26,101,101,101,101,168,168,192,0,0,26,58,107,107,206,206,221,28,53,53,16,47,47,47,119,145,145,175,175,209,209,307,307,342,312,348,383,4,37,37,72,72,72,372,388,413,428,428,448],"floor_reached":51,"playtime":3899,"items_purged":["Strike_G","Strike_G","Strike_G"],"score":1254,"play_id":"f7f30789-f7f6-406c-9eb5-89c2ffedf5fd","local_time":"20190222161305","is_ascension_mode":true,"campfire_choices":[{"data":"Footwork","floor":6,"key":"SMITH"},{"floor":8,"key":"REST"},{"data":"Noxious Fumes","floor":11,"key":"SMITH"},{"floor":15,"key":"REST"},{"data":"Caltrops","floor":24,"key":"SMITH"},{"floor":32,"key":"REST"},{"floor":41,"key":"DIG"},{"floor":45,"key":"DIG"},{"floor":49,"key":"REST"}],"neow_cost":"TEN_PERCENT_HP_LOSS","seed_source_timestamp":589692893276851,"circlet_count":0,"master_deck":["Defend_G","Defend_G","Defend_G","Defend_G","Defend_G","Strike_G+1","Survivor","Neutralize","Quick Slash","Footwork+1","HandOfGreed","Quick Slash","Noxious Fumes+1","Backflip","After Image","Doppelganger","Bane+1","Dodge and Roll","Caltrops+1","Malaise","PiercingWail","Footwork","Noxious Fumes"],"relics":["Ring of the Snake","Membership Card","Gambling Chip","Whetstone","PreservedInsect","Omamori","Anchor","Orichalcum","Runic Pyramid","Pantograph","Snake Skull","Nilry\u0027s Codex","Singing Bowl","Happy Flower","The Specimen","Cursed Key","TwistedFunnel","Pear","Shovel","Ancient Tea Set","Lantern","Regal Pillow","Kunai","Old Coin","StoneCalendar"],"potions_floor_usage":[21,27,27,31,31,33,46,50,50],"damage_taken":[{"damage":0,"enemies":"2 Louse","floor":1,"turns":4},{"damage":16,"enemies":"3 Sentries","floor":7,"turns":13},{"damage":4,"enemies":"Lagavulin","floor":12,"turns":6},{"damage":0,"enemies":"Small Slimes","floor":13,"turns":3},{"damage":0,"enemies":"3 Sentries","floor":14,"turns":6},{"damage":6,"enemies":"The Guardian","floor":16,"turns":14},{"damage":0,"enemies":"Shell Parasite","floor":18,"turns":9},{"damage":0,"enemies":"2 Thieves","floor":20,"turns":4},{"damage":7,"enemies":"Book of Stabbing","floor":23,"turns":6},{"damage":33,"enemies":"Gremlin Leader","floor":27,"turns":6},{"damage":15,"enemies":"Shelled Parasite and Fungi","floor":29,"turns":6},{"damage":21,"enemies":"Slavers","floor":31,"turns":5},{"damage":14,"enemies":"Champ","floor":33,"turns":13},{"damage":0,"enemies":"3 Shapes","floor":35,"turns":4},{"damage":0,"enemies":"Orb Walker","floor":37,"turns":6},{"damage":0,"enemies":"4 Shapes","floor":38,"turns":5},{"damage":9,"enemies":"Giant Head","floor":40,"turns":8},{"damage":0,"enemies":"Nemesis","floor":42,"turns":9},{"damage":8,"enemies":"Writhing Mass","floor":46,"turns":7},{"damage":0,"enemies":"Giant Head","floor":47,"turns":10},{"damage":4,"enemies":"Spire Growth","floor":48,"turns":7},{"damage":25,"enemies":"Awakened One","floor":50,"turns":12}],"seed_played":"8444516679065644604","potions_obtained":[{"floor":12,"key":"GhostInAJar"},{"floor":14,"key":"Ancient Potion"},{"floor":18,"key":"SkillPotion"},{"floor":21,"key":"Fruit Juice"},{"floor":21,"key":"LiquidBronze"},{"floor":27,"key":"SpeedPotion"},{"floor":31,"key":"SkillPotion"},{"floor":33,"key":"Fire Potion"},{"floor":36,"key":"SkillPotion"},{"floor":36,"key":"SpeedPotion"},{"floor":37,"key":"Block Potion"},{"floor":47,"key":"Explosive Potion"}],"is_trial":false,"path_per_floor":["M","$","?","?","?","R","E","R","T","$","R","E","M","E","R","B",null,"M","$","M","?","$","E","R","?","T","E","?","M","?","E","R","B",null,"M","?","M","M","$","E","R","E","T","?","R","M","E","M","R","B",null],"character_chosen":"THE_SILENT","items_purchased":["Membership Card","Footwork","HandOfGreed","Noxious Fumes","Backflip","Omamori","Pantograph","Caltrops","TwistedFunnel","Pear","Shovel"],"campfire_rested":4,"item_purchase_floors":[2,2,2,10,10,10,19,22,39,39,39],"current_hp_per_floor":[63,63,52,27,48,48,32,50,50,50,50,46,46,46,63,57,62,62,62,62,67,67,60,60,44,44,13,36,23,23,4,26,37,65,67,67,67,67,77,70,70,72,72,72,72,66,66,64,94,69],"gold":448,"neow_bonus":"TWO_FIFTY_GOLD","is_prod":false,"is_daily":false,"chose_seed":false,"campfire_upgraded":3,"win_rate":0,"timestamp":1550830385,"path_taken":["M","$","?","?","?","R","E","R","T","$","R","E","M","E","R","BOSS","M","$","M","?","?","E","R","?","T","E","?","?","?","E","R","BOSS","M","?","M","?","$","E","R","E","T","?","R","M","E","?","R","BOSS"],"build_version":"2019-01-23","purchased_purges":3,"victory":true,"max_hp_per_floor":[63,63,63,63,63,63,63,63,63,63,63,63,63,63,63,63,63,63,63,63,68,68,68,68,68,68,70,70,72,72,74,74,74,74,76,76,76,76,86,88,88,90,90,90,90,92,92,94,94,94],"card_choices":[{"not_picked":["Accuracy","Backstab"],"picked":"Quick Slash","floor":1},{"not_picked":["Bane","Deflect"],"picked":"Quick Slash","floor":7},{"not_picked":["Slice","PiercingWail"],"picked":"After Image","floor":12},{"not_picked":["Backflip","Bane","Deadly Poison"],"picked":"SKIP","floor":13},{"not_picked":["Poisoned Stab","Dagger Spray","Die Die Die"],"picked":"SKIP","floor":14},{"not_picked":["Phantasmal Killer","Burst"],"picked":"Doppelganger","floor":16},{"not_picked":["Blade Dance","Cloak And Dagger"],"picked":"Bane+1","floor":18},{"not_picked":["Backflip+1","Slice"],"picked":"Dodge and Roll","floor":20},{"not_picked":["Backflip","Sucker Punch","Glass Knife"],"picked":"SKIP","floor":23},{"not_picked":["Deflect","Accuracy+1","Well Laid Plans"],"picked":"Singing Bowl","floor":27},{"not_picked":["Poisoned Stab","Noxious Fumes+1","Accuracy+1"],"picked":"Singing Bowl","floor":29},{"not_picked":["Dagger Spray+1","Outmaneuver+1","Footwork"],"picked":"Singing Bowl","floor":31},{"not_picked":["Unload","Grand Finale"],"picked":"Malaise","floor":33},{"not_picked":["Reflex+1","Dodge and Roll","Slice"],"picked":"Singing Bowl","floor":35},{"not_picked":["Escape Plan+1","Expertise+1"],"picked":"PiercingWail","floor":37},{"not_picked":["Bouncing Flask+1","Underhanded Strike"],"picked":"Footwork","floor":38},{"not_picked":["Dagger Throw","Predator+1","Heel Hook"],"picked":"Singing Bowl","floor":40},{"not_picked":["Escape Plan+1","Venomology","Underhanded Strike+1"],"picked":"Singing Bowl","floor":42},{"not_picked":["Dagger Throw+1","Deadly Poison","Heel Hook+1"],"picked":"Singing Bowl","floor":46},{"not_picked":["Calculated Gamble+1","All Out Attack"],"picked":"Noxious Fumes","floor":47},{"not_picked":["Dodge and Roll","Backflip","Quick Slash"],"picked":"Singing Bowl","floor":48}],"player_experience":864629,"relics_obtained":[{"floor":7,"key":"Whetstone"},{"floor":9,"key":"PreservedInsect"},{"floor":12,"key":"Anchor"},{"floor":14,"key":"Orichalcum"},{"floor":23,"key":"Snake Skull"},{"floor":25,"key":"Nilry\u0027s Codex"},{"floor":26,"key":"Singing Bowl"},{"floor":27,"key":"Happy Flower"},{"floor":31,"key":"The Specimen"},{"floor":40,"key":"Ancient Tea Set"},{"floor":41,"key":"Lantern"},{"floor":42,"key":"Regal Pillow"},{"floor":43,"key":"Kunai"},{"floor":45,"key":"Old Coin"},{"floor":47,"key":"StoneCalendar"}],"event_choices":[{"damage_healed":0,"gold_gain":75,"player_choice":"Gather Gold","damage_taken":11,"max_hp_gain":0,"max_hp_loss":0,"event_name":"World of Goop","floor":3,"gold_loss":0},{"damage_healed":0,"gold_gain":0,"player_choice":"Success","damage_taken":25,"relics_obtained":["Gambling Chip"],"max_hp_gain":0,"max_hp_loss":0,"event_name":"Scrap Ooze","floor":4,"gold_loss":0},{"damage_healed":21,"gold_gain":0,"player_choice":"Banana","damage_taken":0,"max_hp_gain":0,"max_hp_loss":0,"event_name":"Big Fish","floor":5,"gold_loss":0},{"damage_healed":0,"gold_gain":0,"player_choice":"Got Potions","damage_taken":0,"max_hp_gain":0,"max_hp_loss":0,"event_name":"Lab","floor":21,"gold_loss":0},{"damage_healed":0,"gold_gain":0,"player_choice":"Obtained Book","damage_taken":16,"max_hp_gain":0,"max_hp_loss":0,"event_name":"Cursed Tome","floor":25,"gold_loss":0},{"damage_healed":23,"gold_gain":0,"player_choice":"Heal","damage_taken":0,"max_hp_gain":0,"max_hp_loss":0,"event_name":"The Library","floor":28,"gold_loss":0},{"damage_healed":0,"gold_gain":0,"player_choice":"Ignored","damage_taken":0,"max_hp_gain":0,"max_hp_loss":0,"event_name":"Ghosts","floor":30,"gold_loss":0},{"damage_healed":0,"gold_gain":0,"player_choice":"Bought 2 Potions","damage_taken":0,"max_hp_gain":0,"max_hp_loss":0,"event_name":"The Woman in Blue","floor":36,"gold_loss":0},{"cards_removed":["Strike_G"],"damage_healed":0,"gold_gain":0,"player_choice":"Purged","damage_taken":0,"max_hp_gain":0,"max_hp_loss":0,"event_name":"Purifier","floor":44,"gold_loss":0}],"is_beta":false,"boss_relics":[{"not_picked":["WristBlade","Velvet Choker"],"picked":"Runic Pyramid"},{"not_picked":["Tiny House","Orrery"],"picked":"Cursed Key"}],"items_purged_floors":[2,10,19],"is_endless":false,"potions_floor_spawned":[12,14,18,27,31,33,37,38,47],"ascension_level":7}