{"gold_per_floor":[119,119,142,157,182,222,236,236,285,310,341,365,365,378,378,504,504,522,296,221,236,361,397,397,428,478,511,511,511,426,66,66,187,187,205,538,538,538,181,210,210,235,260,272,316,343,355,397,409,421,433,445,33,62,62],"floor_reached":56,"playtime":2770,"items_purged":["Defend_R","Ghostly Armor"],"score":1585,"play_id":"698f2bf5-494a-4750-8f5a-1b6195764433","local_time":"20190211011326","is_ascension_mode":true,"campfire_choices":[{"data":"Perfected Strike","floor":8.0,"key":"SMITH"},{"data":"Perfected Strike","floor":13.0,"key":"SMITH"},{"data":"Flame Barrier","floor":15.0,"key":"SMITH"},{"data":"Inflame","floor":24,"key":"SMITH"},{"data":"Dual Wield","floor":28,"key":"SMITH"},{"data":"Bash","floor":32,"key":"SMITH"},{"floor":41,"key":"RECALL"},{"data":"Demon Form","floor":44,"key":"SMITH"},{"floor":47,"key":"REST"},{"floor":49,"key":"REST"},{"data":"Double Tap","floor":52,"key":"SMITH"}],"neow_cost":"NONE","seed_source_timestamp":0,"circlet_count":0,"master_deck":["Strike_R","Strike_R","Strike_R","Strike_R","Strike_R","Bash+1","Perfected Strike+1","Thunderclap","Flame Barrier+1","Wild Strike","Perfected Strike+1","Double Tap+1","Reaper","Inflame+1","Wild Strike","Dual Wield+1","Dual Wield+1","Spot Weakness","Demon Form+1","Madness","Madness","Whirlwind+1","Twin Strike+1","Pommel Strike","Perfected Strike","Headbutt+1","Metallicize"],"special_seed":0,"relics":["Black Blood","Champion Belt","PreservedInsect","Lantern","Mummified Hand","Strawberry","Calipers","Self Forming Clay","Regal Pillow","Pen Nib","Blood Vial","Dream Catcher","Pantograph","Busted Crown","Ginger","Bronze Scales","Lee\u0027s Waffle","Question Card","Du-Vu Doll","MawBank","Pear","Bottled Tornado","Orichalcum","Toolbox","Paper Frog"],"potions_floor_usage":[33,45,46,50,50,50,54,55],"damage_taken":[{"damage":14.0,"enemies":"Jaw Worm","floor":1.0,"turns":3.0},{"damage":0.0,"enemies":"Small Slimes","floor":3.0,"turns":3.0},{"damage":14.0,"enemies":"2 Louse","floor":4.0,"turns":2.0},{"damage":12.0,"enemies":"2 Fungi Beasts","floor":5.0,"turns":4.0},{"damage":21.0,"enemies":"Gremlin Nob","floor":6.0,"turns":4.0},{"damage":7.0,"enemies":"Blue Slaver","floor":7.0,"turns":4.0},{"damage":0.0,"enemies":"Lagavulin","floor":11.0,"turns":2.0},{"damage":7.0,"enemies":"3 Louse","floor":12.0,"turns":3.0},{"damage":0.0,"enemies":"Large Slime","floor":14.0,"turns":4.0},{"damage":31.0,"enemies":"Slime Boss","floor":16.0,"turns":8.0},{"damage":7.0,"enemies":"Chosen","floor":18.0,"turns":2.0},{"damage":6,"enemies":"Spheric Guardian","floor":21,"turns":3},{"damage":30,"enemies":"Colosseum Slavers","floor":22,"turns":3},{"damage":9,"enemies":"Colosseum Nobs","floor":22,"turns":3},{"damage":24,"enemies":"Book of Stabbing","floor":23,"turns":3},{"damage":18,"enemies":"Gremlin Leader","floor":25,"turns":2},{"damage":34,"enemies":"Slavers","floor":27,"turns":5},{"damage":53,"enemies":"Collector","floor":33,"turns":5},{"damage":8,"enemies":"Orb Walker","floor":35,"turns":2},{"damage":33,"enemies":"Nemesis","floor":40,"turns":3},{"damage":36,"enemies":"Giant Head","floor":42,"turns":6},{"damage":25,"enemies":"Reptomancer","floor":45,"turns":3},{"damage":36,"enemies":"3 Shapes","floor":46,"turns":2},{"damage":27,"enemies":"Nemesis","floor":48,"turns":3},{"damage":96,"enemies":"Awakened One","floor":50,"turns":7},{"damage":61,"enemies":"Shield and Spear","floor":54,"turns":3},{"damage":98,"enemies":"The Heart","floor":55,"turns":7}],"seed_played":"-105641508021874445","potions_obtained":[{"floor":3.0,"key":"SneckoOil"},{"floor":5.0,"key":"Swift Potion"},{"floor":12.0,"key":"Ancient Potion"},{"floor":14.0,"key":"PowerPotion"},{"floor":16.0,"key":"GamblersBrew"},{"floor":42,"key":"Energy Potion"},{"floor":45,"key":"SpeedPotion"},{"floor":48,"key":"Ancient Potion"},{"floor":54,"key":"PowerPotion"}],"is_trial":false,"path_per_floor":["M","?","M","M","M","E","M","R","T","T","E","M","R","M","R","B",null,"M","$","?","M","?","E","R","E","T","E","R","?","?","$","R","B",null,"M","?","?","T","$","E","R","E","T","R","E","M","R","E","R","B",null,"R","$","E","B",null],"character_chosen":"IRONCLAD","items_purchased":["Strawberry","Pantograph","Bronze Scales","Lee\u0027s Waffle","Orichalcum","Toolbox","Regen Potion"],"campfire_rested":2,"item_purchase_floors":[19,31,39,39,53,53,53],"current_hp_per_floor":[72,52,58,50,44,29,28,28,28,28,34,33,33,39,39,14,80,80,87,87,87,68,58,58,79,79,68,68,68,68,68,68,44,87,87,87,76,76,94,71,71,47,47,47,59,47,93,79,104,18,104,104,104,58,13],"gold":62,"neow_bonus":"REMOVE_CARD","is_prod":false,"is_daily":false,"chose_seed":false,"campfire_upgraded":8,"win_rate":0,"timestamp":1549876406,"path_taken":["M","?","M","M","M","E","M","R","T","?","E","M","R","M","R","BOSS","M","$","?","M","?","E","R","E","T","E","R","?","?","$","R","BOSS","M","?","?","?","$","E","R","E","T","R","E","M","R","E","R","BOSS","R","$","E","BOSS"],"build_version":"2019-01-23","purchased_purges":2,"victory":true,"max_hp_per_floor":[80,80,80,80,80,80,80,80,80,80,80,80,80,80,80,80,80,80,87,87,87,87,87,87,87,87,87,87,87,87,87,87,87,87,87,87,87,87,94,94,94,94,94,94,104,104,104,104,104,104,104,104,104,104,104],"card_choices":[{"not_picked":["Body Slam","Clash"],"picked":"Perfected Strike","floor":1.0},{"not_picked":["Body Slam","Sword Boomerang"],"picked":"Thunderclap","floor":3.0},{"not_picked":["Armaments","Sword Boomerang"],"picked":"Flame Barrier","floor":4.0},{"not_picked":["Rage","Iron Wave"],"picked":"Wild Strike","floor":5.0},{"not_picked":["Thunderclap","Sword Boomerang"],"picked":"Perfected Strike","floor":6.0},{"not_picked":["Thunderclap","Flame Barrier"],"picked":"Double Tap","floor":7.0},{"not_picked":["Clash","Rampage"],"picked":"Armaments","floor":11.0},{"not_picked":["Infernal Blade","Carnage","Iron Wave"],"picked":"SKIP","floor":12.0},{"not_picked":["Iron Wave","Shrug It Off","Clash"],"picked":"SKIP","floor":14.0},{"not_picked":["Double Tap","Bludgeon"],"picked":"Reaper","floor":16.0},{"not_picked":["Feel No Pain+1","Sentinel","Cleave"],"picked":"SKIP","floor":18.0},{"not_picked":["Armaments+1","Intimidate+1"],"picked":"Inflame","floor":21},{"not_picked":["True Grit","Clash"],"picked":"Wild Strike","floor":22},{"not_picked":["Clash+1","Sword Boomerang"],"picked":"Dual Wield+1","floor":23},{"not_picked":["Disarm","Barricade"],"picked":"Dual Wield","floor":25},{"not_picked":["Thunderclap","Sword Boomerang+1","Ghostly Armor"],"picked":"SKIP","floor":27},{"not_picked":["Barricade","Exhume"],"picked":"Demon Form","floor":33},{"not_picked":["True Grit+1"],"picked":"SKIP","floor":35},{"not_picked":[],"picked":"Whirlwind+1","floor":40},{"not_picked":["Body Slam"],"picked":"Twin Strike+1","floor":42},{"not_picked":["Sword Boomerang"],"picked":"Pommel Strike","floor":45},{"not_picked":["Intimidate+1","Battle Trance+1"],"picked":"SKIP","floor":46},{"not_picked":["Cleave+1"],"picked":"Perfected Strike","floor":47},{"not_picked":["Twin Strike","Dark Embrace"],"picked":"SKIP","floor":48},{"not_picked":["Rage"],"picked":"Headbutt+1","floor":49},{"not_picked":["Thunderclap+1"],"picked":"Metallicize","floor":54}],"player_experience":148065,"relics_obtained":[{"floor":6.0,"key":"Champion Belt"},{"floor":9.0,"key":"PreservedInsect"},{"floor":10.0,"key":"Lantern"},{"floor":11.0,"key":"Mummified Hand"},{"floor":22,"key":"Calipers"},{"floor":22,"key":"Self Forming Clay"},{"floor":23,"key":"Regal Pillow"},{"floor":25,"key":"Pen Nib"},{"floor":27,"key":"Blood Vial"},{"floor":38,"key":"Ginger"},{"floor":40,"key":"Question Card"},{"floor":42,"key":"Du-Vu Doll"},{"floor":43,"key":"MawBank"},{"floor":45,"key":"Pear"},{"floor":48,"key":"Bottled Tornado"},{"floor":54,"key":"Paper Frog"}],"event_choices":[{"damage_healed":0.0,"max_hp_gain":0.0,"max_hp_loss":0.0,"gold_gain":0.0,"event_name":"Golden Idol","player_choice":"Take Damage","floor":2.0,"gold_loss":0.0,"damage_taken":20.0,"relics_obtained":["Golden Idol"]},{"cards_removed":["Defend_R"],"damage_healed":0,"gold_gain":0,"player_choice":"Gave Gold","damage_taken":0,"max_hp_gain":0,"max_hp_loss":0,"event_name":"Beggar","floor":20,"gold_loss":75},{"damage_healed":0,"gold_gain":0,"player_choice":"Fight","damage_taken":0,"max_hp_gain":0,"max_hp_loss":0,"event_name":"Colosseum","floor":22,"gold_loss":0},{"damage_healed":0,"gold_gain":0,"player_choice":"Fought Nobs","damage_taken":0,"max_hp_gain":0,"max_hp_loss":0,"event_name":"Colosseum","floor":22,"gold_loss":0},{"damage_healed":0,"gold_gain":0,"cards_transformed":["Armaments","Defend_R"],"player_choice":"Became Test Subject","damage_taken":0,"max_hp_gain":0,"max_hp_loss":0,"event_name":"Drug Dealer","floor":29,"gold_loss":0,"cards_obtained":["Spot Weakness","Ghostly Armor"]},{"damage_healed":0,"gold_gain":0,"player_choice":"Obtained Relic","damage_taken":0,"relics_obtained":["Dream Catcher"],"max_hp_gain":0,"max_hp_loss":0,"event_name":"Addict","floor":30,"gold_loss":85},{"damage_healed":0,"gold_gain":333,"player_choice":"Gave Idol","damage_taken":0,"max_hp_gain":0,"max_hp_loss":0,"event_name":"The Moai Head","floor":36,"relics_lost":["Golden Idol"],"gold_loss":0},{"damage_healed":0,"gold_gain":0,"player_choice":"Embrace Madness","damage_taken":11,"max_hp_gain":0,"max_hp_loss":0,"event_name":"Winding Halls","floor":37,"gold_loss":0,"cards_obtained":["Madness","Madness"]}],"is_beta":false,"boss_relics":[{"not_picked":["Tiny House","Eternal Feather"],"picked":"Black Blood"},{"not_picked":["Sozu","Empty Cage"],"picked":"Busted Crown"}],"items_purged_floors":[19,31],"is_endless":false,"potions_floor_spawned":[3,5,12,14,16,23,25,42,45,48,54],"ascension_level":3}