{"gold_per_floor":[119,137,152,152,167,192,192,218,241,241,272,272,272,299,299,394,394,408,683,696,713,713,739,763,775,811,823,835,858,870,916,928,1037,1049,1077,1164,489,500,500,530,530,561,561,561,161,186,186,186,186,186,186,186,137,166,166],"floor_reached":56,"playtime":2612,"items_purged":["Defend_R"],"score":1762,"play_id":"bae965e9-ba31-4a2b-a317-cf1d3b0e0bf2","local_time":"20190128004813","is_ascension_mode":true,"campfire_choices":[{"floor":7,"key":"REST"},{"data":"Perfected Strike","floor":12,"key":"SMITH"},{"data":"Perfected Strike","floor":15,"key":"SMITH"},{"data":"Perfected Strike","floor":25,"key":"SMITH"},{"data":"Shockwave","floor":28,"key":"SMITH"},{"data":"Uppercut","floor":30,"key":"SMITH"},{"data":"Offering","floor":32,"key":"SMITH"},{"data":"Double Tap","floor":41,"key":"SMITH"},{"floor":47,"key":"RECALL"},{"data":"Double Tap","floor":49,"key":"SMITH"},{"data":"Offering","floor":52,"key":"SMITH"}],"neow_cost":"NONE","seed_source_timestamp":3675270613965348,"circlet_count":0,"master_deck":["Strike_R","Strike_R","Strike_R","Strike_R","Strike_R+1","Defend_R+1","Defend_R+1","Defend_R+1","Bash","Uppercut+1","Shockwave+1","Perfected Strike+1","Offering+1","Perfected Strike+1","Perfected Strike+1","Offering+1","Ghostly Armor","Twin Strike","Armaments+1","Double Tap+1","Pommel Strike+1","Dark Shackles","Transmutation","PanicButton","Corruption","Perfected Strike+1","Double Tap+1","Disarm+1","Perfected Strike+1"],"relics":["Burning Blood","Art of War","Singing Bowl","Boot","Omamori","Bronze Scales","Meat on the Bone","War Paint","Oddly Smooth Stone","Snecko Eye","MutagenicStrength","MawBank","Bag of Preparation","Mango","Paper Frog","Runic Dome","Pen Nib","Sling","Mummified Hand","Mercury Hourglass","Anchor","DollysMirror","Champion Belt","Vajra"],"potions_floor_usage":[6,8,11,23,33,55,55,55],"damage_taken":[{"damage":4,"enemies":"2 Louse","floor":1,"turns":3},{"damage":0,"enemies":"Small Slimes","floor":2,"turns":3},{"damage":10,"enemies":"Jaw Worm","floor":3,"turns":4},{"damage":10,"enemies":"Red Slaver","floor":5,"turns":3},{"damage":12,"enemies":"Gremlin Nob","floor":6,"turns":4},{"damage":21,"enemies":"3 Sentries","floor":8,"turns":7},{"damage":22,"enemies":"Lagavulin","floor":11,"turns":6},{"damage":16,"enemies":"Gremlin Nob","floor":14,"turns":3},{"damage":28,"enemies":"Hexaghost","floor":16,"turns":7},{"damage":12,"enemies":"Spheric Guardian","floor":18,"turns":1},{"damage":0,"enemies":"Chosen","floor":20,"turns":1},{"damage":6,"enemies":"Centurion and Healer","floor":21,"turns":3},{"damage":11,"enemies":"Slavers","floor":23,"turns":2},{"damage":0,"enemies":"Snake Plant","floor":24,"turns":2},{"damage":6,"enemies":"Chosen and Byrds","floor":29,"turns":2},{"damage":12,"enemies":"Gremlin Leader","floor":31,"turns":4},{"damage":6,"enemies":"Automaton","floor":33,"turns":4},{"damage":6,"enemies":"3 Shapes","floor":35,"turns":2},{"damage":6,"enemies":"3 Darklings","floor":38,"turns":3},{"damage":0,"enemies":"Nemesis","floor":40,"turns":1},{"damage":6,"enemies":"Giant Head","floor":42,"turns":2},{"damage":6,"enemies":"Nemesis","floor":46,"turns":3},{"damage":6,"enemies":"Time Eater","floor":50,"turns":4},{"damage":12,"enemies":"Shield and Spear","floor":54,"turns":3},{"damage":12,"enemies":"The Heart","floor":55,"turns":4}],"seed_played":"-3262616171876276837","potions_obtained":[{"floor":1,"key":"Dexterity Potion"},{"floor":5,"key":"Block Potion"},{"floor":8,"key":"SkillPotion"},{"floor":14,"key":"Regen Potion"},{"floor":16,"key":"Weak Potion"},{"floor":21,"key":"AttackPotion"},{"floor":23,"key":"GamblersBrew"},{"floor":29,"key":"Regen Potion"},{"floor":38,"key":"Regen Potion"},{"floor":46,"key":"PowerPotion"}],"is_trial":false,"path_per_floor":["M","M","M","?","M","E","R","E","T","?","E","R","?","E","R","B",null,"M","?","M","M","?","E","M","R","T","T","R","M","R","E","R","B",null,"M","?","$","M","?","E","R","E","T","?","$","E","R","?","R","B",null,"R","$","E","B",null],"character_chosen":"IRONCLAD","items_purchased":["Pen Nib","Sling","Mummified Hand","Corruption","DollysMirror","Double Tap","PowerPotion"],"campfire_rested":1,"item_purchase_floors":[37,37,37,45,45,45,53],"current_hp_per_floor":[80,80,76,58,56,50,74,59,59,59,57,57,40,42,42,32,84,80,80,86,88,88,83,88,88,88,102,102,104,104,100,100,100,106,108,98,98,98,98,106,106,108,108,98,98,98,98,98,98,98,112,112,112,108,114],"gold":166,"neow_bonus":"RANDOM_COMMON_RELIC","is_prod":false,"is_daily":false,"chose_seed":false,"campfire_upgraded":9,"win_rate":0,"timestamp":1548654493,"path_taken":["M","M","M","?","M","E","R","E","T","?","E","R","?","E","R","BOSS","M","?","M","?","?","E","M","R","T","?","R","M","R","E","R","BOSS","M","?","$","?","?","E","R","E","T","?","$","E","R","?","R","BOSS","R","$","E","BOSS"],"build_version":"2019-01-23","purchased_purges":1,"victory":true,"max_hp_per_floor":[80,80,80,80,82,82,82,82,82,82,84,84,84,84,84,84,84,86,86,86,88,88,88,88,88,88,102,102,104,104,106,106,106,106,108,108,108,108,108,110,110,112,112,112,112,112,112,112,112,112,112,112,112,114,114],"card_choices":[{"not_picked":["Hemokinesis","Pommel Strike"],"picked":"Uppercut","floor":1},{"not_picked":["True Grit","Iron Wave"],"picked":"Shockwave","floor":2},{"not_picked":["Heavy Blade","Infernal Blade"],"picked":"Perfected Strike","floor":3},{"not_picked":["Body Slam","True Grit","Clash"],"picked":"Singing Bowl","floor":5},{"not_picked":["Shrug It Off","Seeing Red"],"picked":"Offering","floor":6},{"not_picked":["Rage","Dropkick"],"picked":"Perfected Strike","floor":8},{"not_picked":["Havoc","Warcry","Cleave"],"picked":"Singing Bowl","floor":11},{"not_picked":["Immolate","Body Slam"],"picked":"Perfected Strike","floor":14},{"not_picked":["Barricade","Juggernaut"],"picked":"Offering","floor":16},{"not_picked":["Disarm+1","Clothesline","Flex"],"picked":"Singing Bowl","floor":18},{"not_picked":["Body Slam","Cleave"],"picked":"Ghostly Armor","floor":20},{"not_picked":["Seeing Red+1","Metallicize","Warcry+1"],"picked":"Singing Bowl","floor":21},{"not_picked":["Fire Breathing","Entrench"],"picked":"Twin Strike","floor":23},{"not_picked":["Dropkick","Cleave"],"picked":"Armaments+1","floor":24},{"not_picked":["Limit Break","Clash","Burning Pact+1"],"picked":"Singing Bowl","floor":29},{"not_picked":["Hemokinesis","Headbutt","Spot Weakness+1"],"picked":"Singing Bowl","floor":31},{"not_picked":["Feed","Reaper"],"picked":"Double Tap","floor":33},{"not_picked":["Clash","Clothesline+1","Shockwave"],"picked":"Singing Bowl","floor":35},{"not_picked":["Warcry","Reckless Charge+1"],"picked":"Pommel Strike+1","floor":38},{"not_picked":["Iron Wave","True Grit","Warcry"],"picked":"Singing Bowl","floor":40},{"not_picked":["Clash","Warcry","Armaments"],"picked":"Singing Bowl","floor":42},{"not_picked":["Bandage Up","Master of Strategy"],"picked":"Dark Shackles","floor":44},{"not_picked":["Good Instincts","Enlightenment"],"picked":"Transmutation","floor":44},{"not_picked":["Thinking Ahead","Good Instincts"],"picked":"PanicButton","floor":44},{"not_picked":["Body Slam","Combust"],"picked":"Disarm+1","floor":46},{"not_picked":["Flex+1","Clash","Cleave"],"picked":"Singing Bowl","floor":54}],"player_experience":4230608,"relics_obtained":[{"floor":6,"key":"Boot"},{"floor":8,"key":"Omamori"},{"floor":9,"key":"Bronze Scales"},{"floor":11,"key":"War Paint"},{"floor":14,"key":"Oddly Smooth Stone"},{"floor":23,"key":"MawBank"},{"floor":26,"key":"Bag of Preparation"},{"floor":27,"key":"Mango"},{"floor":31,"key":"Paper Frog"},{"floor":40,"key":"Mercury Hourglass"},{"floor":42,"key":"Anchor"},{"floor":46,"key":"Champion Belt"},{"floor":54,"key":"Vajra"}],"event_choices":[{"damage_healed":0,"gold_gain":0,"player_choice":"Success","damage_taken":18,"relics_obtained":["Singing Bowl"],"max_hp_gain":0,"max_hp_loss":0,"event_name":"Scrap Ooze","floor":4,"gold_loss":0},{"damage_healed":0,"gold_gain":0,"player_choice":"Box","damage_taken":0,"relics_obtained":["Meat on the Bone"],"max_hp_gain":0,"max_hp_loss":0,"event_name":"Big Fish","floor":10,"gold_loss":0,"cards_obtained":["Regret"]},{"damage_healed":0,"gold_gain":0,"player_choice":"Entered Light","damage_taken":17,"max_hp_gain":0,"max_hp_loss":0,"event_name":"Shining Light","floor":13,"gold_loss":0,"cards_upgraded":["Defend_R","Strike_R"]},{"damage_healed":0,"gold_gain":275,"player_choice":"Desecrate","damage_taken":0,"max_hp_gain":0,"max_hp_loss":0,"event_name":"Golden Shrine","floor":19,"gold_loss":0,"cards_obtained":["Regret"]},{"damage_healed":0,"gold_gain":0,"player_choice":"Inject Mutagens","damage_taken":0,"relics_obtained":["MutagenicStrength"],"max_hp_gain":0,"max_hp_loss":0,"event_name":"Drug Dealer","floor":22,"gold_loss":0},{"damage_healed":0,"gold_gain":75,"player_choice":"Touch","damage_taken":10,"max_hp_gain":0,"max_hp_loss":0,"event_name":"FaceTrader","floor":36,"gold_loss":0},{"damage_healed":0,"gold_gain":0,"player_choice":"Ignored","damage_taken":0,"max_hp_gain":0,"max_hp_loss":0,"event_name":"Tomb of Lord Red Mask","floor":39,"gold_loss":0},{"damage_healed":0,"gold_gain":0,"player_choice":"Memory 3","damage_taken":10,"max_hp_gain":0,"max_hp_loss":0,"event_name":"SensoryStone","floor":44,"gold_loss":0},{"damage_healed":0,"gold_gain":0,"player_choice":"Copied","damage_taken":0,"max_hp_gain":0,"max_hp_loss":0,"event_name":"Duplicator","floor":48,"gold_loss":0,"cards_obtained":["Perfected Strike"]}],"is_beta":true,"boss_relics":[{"not_picked":["Empty Cage","Eternal Feather"],"picked":"Snecko Eye"},{"not_picked":["Mark of Pain","Fusion Hammer"],"picked":"Runic Dome"}],"items_purged_floors":[37],"is_endless":false,"potions_floor_spawned":[1,5,8,14,16,21,23,29,38,42,46],"ascension_level":1}