{"gold_per_floor":[209,222,222,232,2,36,36,46,73,73,33,67,80,107,107,209,209,222,0,17,17,17,17,49,49,49,64,15,50,65,164,164,263,263,280,280,298,312,327,327,361,361,361,373,383,383,395,395,395,395,395,395,38,73,73],"floor_reached":56,"playtime":5994,"items_purged":["Strike_G"],"score":1292,"play_id":"992729b3-aa69-48e5-8972-d5a5ef6ed17e","local_time":"20181209042728","is_ascension_mode":true,"campfire_choices":[{"data":"Sucker Punch","floor":7.0,"key":"SMITH"},{"data":"Terror","floor":10.0,"key":"SMITH"},{"floor":15.0,"key":"REST"},{"data":"Apotheosis","floor":23.0,"key":"SMITH"},{"floor":25.0,"key":"REST"},{"floor":32.0,"key":"REST"},{"data":"Envenom","floor":40.0,"key":"SMITH"},{"data":"After Image","floor":46.0,"key":"SMITH"},{"floor":49.0,"key":"RECALL"},{"data":"After Image","floor":52,"key":"SMITH"}],"neow_cost":"NONE","seed_source_timestamp":0,"circlet_count":0,"master_deck":["Defend_G","Defend_G+1","Defend_G","Defend_G","Strike_G","Strike_G","Survivor","Neutralize+1","Sucker Punch+1","PiercingWail","Dagger Throw+1","Infinite Blades","Leg Sweep+1","Cloak And Dagger","Terror+1","Backflip","Envenom+1","Flying Knee","After Image+1","Bane","Apotheosis+1","Deflect","PiercingWail+1","Backstab","Escape Plan","Corpse Explosion","Masterful Stab+1","Noxious Fumes+1","Flying Knee+1","Infinite Blades","After Image+1","Prepared+1","Prepared+1","Backflip"],"special_seed":0,"relics":["Ring of the Snake","War Paint","Snake Skull","Whetstone","Tingsha","Empty Cage","Turnip","Ornamental Fan","Sundial","Coffee Dripper","Du-Vu Doll","Singing Bowl","Pantograph","Shuriken"],"potions_floor_usage":[55,55,55],"damage_taken":[{"damage":0.0,"enemies":"Small Slimes","floor":1.0,"turns":5.0},{"damage":0.0,"enemies":"Jaw Worm","floor":2.0,"turns":5.0},{"damage":0.0,"enemies":"Cultist","floor":4.0,"turns":4.0},{"damage":21.0,"enemies":"Lagavulin","floor":6.0,"turns":11.0},{"damage":0.0,"enemies":"Large Slime","floor":8.0,"turns":7.0},{"damage":9.0,"enemies":"Gremlin Nob","floor":12.0,"turns":4.0},{"damage":0.0,"enemies":"Exordium Wildlife","floor":13.0,"turns":4.0},{"damage":19.0,"enemies":"3 Sentries","floor":14.0,"turns":8.0},{"damage":5.0,"enemies":"Slime Boss","floor":16.0,"turns":8.0},{"damage":0.0,"enemies":"Shell Parasite","floor":18.0,"turns":7.0},{"damage":7.0,"enemies":"Spheric Guardian","floor":20.0,"turns":6.0},{"damage":47.0,"enemies":"Gremlin Leader","floor":24.0,"turns":12.0},{"damage":0.0,"enemies":"Centurion and Healer","floor":27.0,"turns":7.0},{"damage":0.0,"enemies":"Book of Stabbing","floor":29.0,"turns":5.0},{"damage":0.0,"enemies":"Cultist and Chosen","floor":30.0,"turns":7.0},{"damage":12.0,"enemies":"Automaton","floor":33.0,"turns":12.0},{"damage":0.0,"enemies":"3 Darklings","floor":35.0,"turns":4.0},{"damage":0.0,"enemies":"Orb Walker","floor":37.0,"turns":4.0},{"damage":0.0,"enemies":"Sphere and 2 Shapes","floor":38.0,"turns":4.0},{"damage":22.0,"enemies":"Spire Growth","floor":39.0,"turns":6.0},{"damage":13.0,"enemies":"Reptomancer","floor":41.0,"turns":6.0},{"damage":3.0,"enemies":"Jaw Worm Horde","floor":44.0,"turns":4.0},{"damage":0.0,"enemies":"3 Darklings","floor":45.0,"turns":4.0},{"damage":0.0,"enemies":"Maw","floor":47.0,"turns":7.0},{"damage":27.0,"enemies":"Awakened One","floor":50.0,"turns":16.0},{"damage":45,"enemies":"Shield and Spear","floor":54,"turns":8},{"damage":30,"enemies":"The Heart","floor":55,"turns":10}],"seed_played":"8246851035753868005","potions_obtained":[{"floor":4.0,"key":"Dexterity Potion"},{"floor":8.0,"key":"FearPotion"},{"floor":11.0,"key":"FairyPotion"},{"floor":13.0,"key":"EntropicBrew"},{"floor":16.0,"key":"Dexterity Potion"},{"floor":20.0,"key":"EssenceOfSteel"},{"floor":33.0,"key":"EssenceOfSteel"},{"floor":37.0,"key":"Swift Potion"},{"floor":39.0,"key":"PowerPotion"},{"floor":47.0,"key":"Explosive Potion"}],"is_trial":false,"path_per_floor":["M","M","?","M","$","E","R","M","T","R","?","E","M","E","R","B",null,"M","$","M","?","?","R","E","R","T","M","$","E","M","?","R","B",null,"M","?","M","M","M","R","E","?","T","M","M","R","M","?","R","B",null,"R","$","E","B",null],"character_chosen":"THE_SILENT","items_purchased":["Infinite Blades","Leg Sweep","Apotheosis","Deflect","Block Potion","Pantograph","Dexterity Potion","Backflip"],"campfire_rested":3,"item_purchase_floors":[5,5,19,19,28,53,53,53],"current_hp_per_floor":[70,70,63,63,63,42,42,42,42,42,42,33,33,14,35,30,70,70,70,63,63,63,63,16,37,37,37,37,37,37,37,58,46,70,70,70,70,70,48,48,35,35,35,32,34,34,34,34,34,7,72,72,72,29,24],"gold":73,"neow_bonus":"HUNDRED_GOLD","is_prod":false,"is_daily":false,"chose_seed":false,"campfire_upgraded":6,"win_rate":0,"timestamp":1544347648,"path_taken":["M","M","?","M","$","E","R","M","T","R","?","E","M","E","R","BOSS","M","?","M","?","?","R","E","R","T","?","$","E","M","?","R","BOSS","M","?","M","M","?","R","E","?","T","M","?","R","M","?","R","BOSS","R","$","E","BOSS"],"build_version":"2018-12-06","purchased_purges":1,"victory":true,"max_hp_per_floor":[70,70,70,70,70,70,70,70,70,70,70,70,70,70,70,70,70,70,70,70,70,70,70,70,70,70,70,70,70,70,70,70,70,70,70,70,70,70,70,70,70,70,70,70,72,72,72,72,72,72,72,72,72,74,74],"card_choices":[{"not_picked":["Slice","Reflex"],"picked":"Sucker Punch","floor":1.0},{"not_picked":["Acrobatics","Grand Finale"],"picked":"PiercingWail","floor":2.0},{"not_picked":["Blade Dance","Outmaneuver"],"picked":"Dagger Throw","floor":4.0},{"not_picked":["All Out Attack","Deadly Poison"],"picked":"Cloak And Dagger","floor":6.0},{"not_picked":["Acrobatics","Dodge and Roll"],"picked":"Terror","floor":8.0},{"not_picked":["Cloak And Dagger","Quick Slash"],"picked":"Backflip","floor":12.0},{"not_picked":["Deadly Poison","PiercingWail"],"picked":"Envenom","floor":13.0},{"not_picked":["Blade Dance","PiercingWail"],"picked":"Flying Knee","floor":14.0},{"not_picked":["Storm of Steel","Tools of the Trade"],"picked":"After Image","floor":16.0},{"not_picked":["Dodge and Roll+1","Slice"],"picked":"Bane","floor":18.0},{"not_picked":["Backflip","Noxious Fumes"],"picked":"PiercingWail+1","floor":20.0},{"not_picked":["Storm of Steel","Concentrate"],"picked":"Escape Plan","floor":24.0},{"not_picked":["Dagger Throw","Sucker Punch+1","Dodge and Roll"],"picked":"SKIP","floor":27.0},{"not_picked":["Choke+1","Underhanded Strike","Crippling Poison+1"],"picked":"SKIP","floor":29.0},{"not_picked":["Deadly Poison+1","Flechettes","Underhanded Strike"],"picked":"SKIP","floor":30.0},{"not_picked":["Envenom","Venomology"],"picked":"Corpse Explosion","floor":33.0},{"not_picked":["Flechettes+1","Underhanded Strike+1"],"picked":"Masterful Stab+1","floor":35.0},{"not_picked":["Dodge and Roll","Acrobatics"],"picked":"Noxious Fumes+1","floor":37.0},{"not_picked":["Deadly Poison+1","Backstab+1"],"picked":"Flying Knee+1","floor":38.0},{"not_picked":["Calculated Gamble","Expertise+1"],"picked":"Infinite Blades","floor":39.0},{"not_picked":["Tactician+1","Footwork+1"],"picked":"After Image","floor":41.0},{"not_picked":["Deflect","Flying Knee"],"picked":"Prepared+1","floor":44.0},{"not_picked":["Tactician","Flying Knee+1","Blade Dance"],"picked":"Singing Bowl","floor":45.0},{"not_picked":["Calculated Gamble+1","Sucker Punch"],"picked":"Prepared+1","floor":47.0},{"not_picked":["Bane+1","Reflex","Acrobatics+1"],"picked":"Singing Bowl","floor":54}],"player_experience":3726979,"relics_obtained":[{"floor":6.0,"key":"War Paint"},{"floor":9.0,"key":"Snake Skull"},{"floor":12.0,"key":"Whetstone"},{"floor":14.0,"key":"Tingsha"},{"floor":24.0,"key":"Turnip"},{"floor":26.0,"key":"Ornamental Fan"},{"floor":29.0,"key":"Sundial"},{"floor":41.0,"key":"Singing Bowl"},{"floor":54,"key":"Shuriken"}],"event_choices":[{"cards_removed":["Defend_G"],"damage_healed":0.0,"max_hp_gain":0.0,"max_hp_loss":0.0,"gold_gain":0.0,"event_name":"Golden Wing","player_choice":"Card Removal","floor":3.0,"gold_loss":0.0,"damage_taken":7.0},{"damage_healed":0.0,"max_hp_gain":0.0,"max_hp_loss":0.0,"gold_gain":0.0,"event_name":"The Woman in Blue","player_choice":"Bought 3 Potions","floor":11.0,"gold_loss":0.0,"damage_taken":0.0},{"damage_healed":0.0,"max_hp_gain":0.0,"max_hp_loss":0.0,"gold_gain":0.0,"event_name":"The Library","player_choice":"Read","floor":21.0,"gold_loss":0.0,"damage_taken":0.0,"cards_obtained":["Backstab"]},{"damage_healed":0.0,"max_hp_gain":0.0,"max_hp_loss":0.0,"gold_gain":0.0,"event_name":"Vampires","player_choice":"Ignored","floor":22.0,"gold_loss":0.0,"damage_taken":0.0},{"damage_healed":0.0,"max_hp_gain":0.0,"max_hp_loss":0.0,"gold_gain":99.0,"event_name":"Nest","player_choice":"Stole From Cult","floor":31.0,"gold_loss":0.0,"damage_taken":0.0},{"damage_healed":0.0,"max_hp_gain":0.0,"max_hp_loss":0.0,"gold_gain":0.0,"event_name":"WeMeetAgain","player_choice":"Gave Potion","floor":36.0,"gold_loss":0.0,"damage_taken":0.0,"relics_obtained":["Du-Vu Doll"]},{"damage_healed":0.0,"max_hp_gain":0.0,"max_hp_loss":0.0,"gold_gain":0.0,"event_name":"SecretPortal","player_choice":"Ignored","floor":42.0,"gold_loss":0.0,"damage_taken":0.0},{"damage_healed":0.0,"max_hp_gain":0.0,"max_hp_loss":0.0,"gold_gain":0.0,"event_name":"Mysterious Sphere","player_choice":"Ignored","floor":48.0,"gold_loss":0.0,"damage_taken":0.0}],"is_beta":true,"boss_relics":[{"not_picked":["Black Star","Snecko Eye"],"picked":"Empty Cage"},{"not_picked":["Philosopher\u0027s Stone","Ring of the Serpent"],"picked":"Coffee Dripper"}],"items_purged_floors":[5],"is_endless":false,"potions_floor_spawned":[4,8,13,16,20,33,35,37,39,47],"ascension_level":1}