{"gold_per_floor":[117,117,117,117,136,136,151,151,219,237,237,268,268,312,312,438,438,461,481,120,120,138,138,154,190,267,308,324,659,659,678,678,806,806,826,849,849,863,339,370,393,436,461,461,497,521,521,555,555,555,555,555,30,74,74],"floor_reached":56,"playtime":3608,"items_purged":["Strike_R","Strike_R","Strike_R"],"score":1760,"play_id":"9ae41ec1-f7ce-429c-a86a-d5707c34525b","local_time":"20181212065946","is_ascension_mode":true,"campfire_choices":[{"data":"Juggernaut","floor":6.0,"key":"SMITH"},{"data":"Armaments","floor":8.0,"key":"SMITH"},{"data":"Rampage","floor":13.0,"key":"SMITH"},{"data":"Shrug It Off","floor":15.0,"key":"SMITH"},{"data":"Flame Barrier","floor":23,"key":"SMITH"},{"data":"Clothesline","floor":32,"key":"SMITH"},{"floor":44,"key":"RECALL"},{"data":"Battle Trance","floor":47,"key":"SMITH"},{"data":"Shrug It Off","floor":49,"key":"SMITH"},{"data":"Shrug It Off","floor":52,"key":"SMITH"}],"neow_cost":"NONE","seed_source_timestamp":0,"circlet_count":0,"master_deck":["Defend_R","Defend_R","Defend_R","Defend_R","Bash+1","Shrug It Off+1","Juggernaut+1","Armaments+1","Shrug It Off+1","Rampage+1","Impervious","Flame Barrier+1","Headbutt+1","Iron Wave","Battle Trance+1","Ghostly","Ghostly","Ghostly","Ghostly","Ghostly","Clothesline+1","Demon Form+1","Shockwave+1","Body Slam+1","Metallicize+1","Sword Boomerang","Heavy Blade+1","Feel No Pain+1","Evolve+1","Shrug It Off+1","Berserk+1","Impervious","True Grit"],"special_seed":0,"relics":["Burning Blood","Dream Catcher","Shuriken","Golden Idol","Frozen Egg 2","Nunchaku","Anchor","Sozu","Pocketwatch","Enchiridion","Ancient Tea Set","Ornamental Fan","Old Coin","Cursed Key","Omamori","Blood Vial","The Courier","Pantograph","Potion Belt","Dead Branch","Pen Nib","Bottled Tornado","Oddly Smooth Stone"],"potions_floor_usage":[],"damage_taken":[{"damage":5.0,"enemies":"Cultist","floor":1.0,"turns":4.0},{"damage":1.0,"enemies":"2 Louse","floor":5.0,"turns":3.0},{"damage":3.0,"enemies":"Small Slimes","floor":7.0,"turns":4.0},{"damage":2.0,"enemies":"3 Louse","floor":10.0,"turns":4.0},{"damage":20.0,"enemies":"Gremlin Nob","floor":12.0,"turns":4.0},{"damage":13.0,"enemies":"Lagavulin","floor":14.0,"turns":7.0},{"damage":15.0,"enemies":"Slime Boss","floor":16.0,"turns":10.0},{"damage":0.0,"enemies":"Chosen","floor":18.0,"turns":4.0},{"damage":0,"enemies":"2 Thieves","floor":19,"turns":5},{"damage":0,"enemies":"Snecko","floor":22,"turns":5},{"damage":0,"enemies":"Centurion and Healer","floor":24,"turns":7},{"damage":0,"enemies":"Book of Stabbing","floor":25,"turns":6},{"damage":28,"enemies":"Slavers","floor":27,"turns":6},{"damage":2,"enemies":"Cultist and Chosen","floor":28,"turns":5},{"damage":0,"enemies":"Book of Stabbing","floor":29,"turns":6},{"damage":0,"enemies":"Snake Plant","floor":31,"turns":4},{"damage":0,"enemies":"Automaton","floor":33,"turns":12},{"damage":0,"enemies":"Orb Walker","floor":35,"turns":4},{"damage":0,"enemies":"3 Shapes","floor":36,"turns":6},{"damage":2,"enemies":"Sphere and 2 Shapes","floor":38,"turns":5},{"damage":0,"enemies":"Nemesis","floor":40,"turns":7},{"damage":0,"enemies":"Jaw Worm Horde","floor":41,"turns":5},{"damage":8,"enemies":"Reptomancer","floor":42,"turns":5},{"damage":0,"enemies":"Giant Head","floor":45,"turns":8},{"damage":0,"enemies":"Spire Growth","floor":46,"turns":5},{"damage":0,"enemies":"Reptomancer","floor":48,"turns":5},{"damage":0,"enemies":"Donu and Deca","floor":50,"turns":8},{"damage":0,"enemies":"Shield and Spear","floor":54,"turns":6},{"damage":0,"enemies":"The Heart","floor":55,"turns":8}],"seed_played":"227844595806814659","potions_obtained":[{"floor":1.0,"key":"EssenceOfSteel"},{"floor":10.0,"key":"PowerPotion"},{"floor":14.0,"key":"Weak Potion"},{"floor":16.0,"key":"FairyPotion"}],"is_trial":false,"path_per_floor":["M","T","?","?","M","R","M","R","T","M","?","E","R","E","R","B",null,"M","M","$","?","M","R","M","E","T","E","M","E","?","M","R","B",null,"M","M","?","M","$","E","M","E","T","R","E","M","R","E","R","B",null,"R","$","E","B",null],"character_chosen":"IRONCLAD","items_purchased":["Pocketwatch","Metallicize+1","Omamori","Blood Vial","Sword Boomerang","Berserk+1","Impervious","True Grit","Bottled Tornado"],"campfire_rested":0,"item_purchase_floors":[20,39,39,39,39,53,53,53,53],"current_hp_per_floor":[80,80,80,60,65,65,68,68,68,72,65,51,51,44,44,35,80,80,80,80,64,70,70,76,80,80,58,62,68,40,40,40,40,40,40,40,40,40,40,40,40,38,38,38,40,40,40,40,40,40,40,40,40,40,40],"gold":74,"neow_bonus":"RANDOM_COMMON_RELIC","is_prod":false,"is_daily":false,"chose_seed":false,"campfire_upgraded":9,"win_rate":0,"timestamp":1544615986,"path_taken":["M","?","?","?","M","R","M","R","T","M","?","E","R","E","R","BOSS","M","M","$","?","M","R","M","E","T","E","M","E","?","M","R","BOSS","M","M","?","?","$","E","M","E","T","R","E","M","R","E","R","BOSS","R","$","E","BOSS"],"build_version":"2018-12-11","purchased_purges":3,"victory":true,"max_hp_per_floor":[80,80,80,80,80,80,80,80,80,80,80,80,80,80,80,80,80,80,80,80,80,80,80,80,80,80,80,80,80,40,40,40,40,40,40,40,40,40,40,40,40,40,40,40,40,40,40,40,40,40,40,40,40,40,40],"card_choices":[{"not_picked":["Shockwave","Metallicize"],"picked":"Shrug It Off","floor":1.0},{"not_picked":["Havoc","Clash"],"picked":"Juggernaut","floor":5.0},{"not_picked":["Sword Boomerang","Hemokinesis"],"picked":"Armaments","floor":7.0},{"not_picked":["Headbutt","Rampage"],"picked":"Shrug It Off","floor":10.0},{"not_picked":["Reckless Charge","Wild Strike"],"picked":"Rampage","floor":12.0},{"not_picked":["Sever Soul","Armaments","Havoc"],"picked":"SKIP","floor":14.0},{"not_picked":["Limit Break","Exhume"],"picked":"Impervious","floor":16.0},{"not_picked":["Armaments","Inflame+1","Twin Strike+1"],"picked":"SKIP","floor":18.0},{"not_picked":["Fire Breathing+1","Inflame+1"],"picked":"Flame Barrier","floor":19},{"not_picked":["Fire Breathing+1","Anger"],"picked":"Headbutt+1","floor":22},{"not_picked":["Rupture+1","Cleave+1","Entrench"],"picked":"SKIP","floor":24},{"not_picked":["Dropkick","Dual Wield+1"],"picked":"Iron Wave","floor":25},{"not_picked":["Whirlwind+1","Entrench","Heavy Blade"],"picked":"SKIP","floor":27},{"not_picked":["Iron Wave","Dual Wield","Perfected Strike"],"picked":"SKIP","floor":28},{"not_picked":["Flex","Shockwave"],"picked":"Battle Trance","floor":29},{"not_picked":["Clash","Cleave+1"],"picked":"Clothesline","floor":31},{"not_picked":["Immolate","Fiend Fire"],"picked":"Demon Form+1","floor":33},{"not_picked":["Fire Breathing+1","Pommel Strike","Armaments+1"],"picked":"SKIP","floor":35},{"not_picked":["Spot Weakness+1","Havoc"],"picked":"Shockwave+1","floor":36},{"not_picked":["Seeing Red+1","Perfected Strike"],"picked":"Body Slam+1","floor":38},{"not_picked":["Clash","Seeing Red"],"picked":"Heavy Blade+1","floor":40},{"not_picked":["Inflame+1","Anger","Body Slam+1"],"picked":"SKIP","floor":41},{"not_picked":["Heavy Blade+1","Thunderclap"],"picked":"Feel No Pain+1","floor":42},{"not_picked":["Disarm","Burning Pact+1"],"picked":"Evolve+1","floor":45},{"not_picked":["Iron Wave","Dark Embrace+1","Twin Strike"],"picked":"SKIP","floor":46},{"not_picked":["Heavy Blade","Dual Wield"],"picked":"Shrug It Off","floor":48},{"not_picked":["Wild Strike+1","Bloodletting+1","Dropkick+1"],"picked":"SKIP","floor":54}],"player_experience":3773934,"relics_obtained":[{"floor":2.0,"key":"Shuriken"},{"floor":9.0,"key":"Frozen Egg 2"},{"floor":12.0,"key":"Nunchaku"},{"floor":14.0,"key":"Anchor"},{"floor":21,"key":"Enchiridion"},{"floor":25,"key":"Ancient Tea Set"},{"floor":27,"key":"Ornamental Fan"},{"floor":29,"key":"Old Coin"},{"floor":40,"key":"The Courier"},{"floor":42,"key":"Pantograph"},{"floor":43,"key":"Potion Belt"},{"floor":45,"key":"Dead Branch"},{"floor":48,"key":"Pen Nib"},{"floor":54,"key":"Oddly Smooth Stone"}],"event_choices":[{"damage_healed":0.0,"max_hp_gain":0.0,"max_hp_loss":0.0,"gold_gain":0.0,"event_name":"Living Wall","player_choice":"Grow","floor":3.0,"gold_loss":0.0,"damage_taken":0.0,"cards_upgraded":["Bash"]},{"damage_healed":0.0,"max_hp_gain":0.0,"max_hp_loss":0.0,"gold_gain":0.0,"event_name":"Golden Idol","player_choice":"Take Damage","floor":4.0,"gold_loss":0.0,"damage_taken":20.0,"relics_obtained":["Golden Idol"]},{"cards_removed":["Strike_R"],"damage_healed":0.0,"max_hp_gain":0.0,"max_hp_loss":0.0,"gold_gain":0.0,"event_name":"Golden Wing","player_choice":"Card Removal","floor":11.0,"gold_loss":0.0,"damage_taken":7.0},{"damage_healed":0,"gold_gain":0,"player_choice":"Obtained Book","damage_taken":16,"max_hp_gain":0,"max_hp_loss":0,"event_name":"Cursed Tome","floor":21,"gold_loss":0},{"damage_healed":0,"gold_gain":0,"player_choice":"Became a Ghost","damage_taken":0,"max_hp_gain":0,"max_hp_loss":40,"event_name":"Ghosts","floor":30,"gold_loss":0,"cards_obtained":["Ghostly","Ghostly","Ghostly","Ghostly","Ghostly"]},{"cards_removed":["Strike_R"],"damage_healed":0,"gold_gain":0,"player_choice":"Offered Basic","damage_taken":0,"max_hp_gain":0,"max_hp_loss":0,"event_name":"Bonfire Elementals","floor":37,"gold_loss":0}],"is_beta":true,"boss_relics":[{"not_picked":["Calling Bell","Empty Cage"],"picked":"Sozu"},{"not_picked":["Eternal Feather","Pandora\u0027s Box"],"picked":"Cursed Key"}],"items_purged_floors":[20,39,53],"is_endless":false,"potions_floor_spawned":[1,10,14,16,25,27,28,33,36,38,40,45,54],"ascension_level":1}