{"gold_per_floor":[119,130,148,164,184,184,184,184,211,56,67,67,128,139,139,244,244,256,256,270,48,60,60,60,94,148,148,168,178,178,193,193,291,291,308,308],"floor_reached":36,"playtime":3204,"items_purged":[],"score":427,"play_id":"be1d9f03-34f5-40b6-9d72-7aec69cdb1ba","local_time":"20190219143103","is_ascension_mode":true,"campfire_choices":[{"data":"Armaments","floor":6,"key":"SMITH"},{"data":"Rupture","floor":8,"key":"SMITH"},{"data":"Clothesline","floor":12,"key":"SMITH"},{"floor":15,"key":"REST"},{"floor":23,"key":"REST"},{"floor":27,"key":"REST"},{"data":"Evolve","floor":30,"key":"SMITH"},{"floor":32,"key":"REST"}],"neow_cost":"NONE","seed_source_timestamp":376380339128303,"circlet_count":0,"master_deck":["Strike_R","Strike_R","Strike_R","Strike_R","Strike_R","Defend_R","Defend_R","Defend_R","Defend_R","Bash","Brutality","Rupture+1","Clothesline+1","Power Through","Armaments+1","Dual Wield","Rage","Demon Form","Thunderclap+1","Bloodletting","Whirlwind","Evolve+1","Power Through","Headbutt","Blood for Blood","Fire Breathing+1","Limit Break"],"relics":["Burning Blood","PreservedInsect","Pen Nib","Tiny Chest","Sozu","Orichalcum","Boot","Ancient Tea Set","Mark of Pain"],"potions_floor_usage":[11,16,16],"damage_taken":[{"damage":7,"enemies":"Small Slimes","floor":1,"turns":5},{"damage":4,"enemies":"Cultist","floor":2,"turns":4},{"damage":3,"enemies":"2 Louse","floor":3,"turns":2},{"damage":7,"enemies":"2 Fungi Beasts","floor":4,"turns":4},{"damage":4,"enemies":"Blue Slaver","floor":5,"turns":4},{"damage":4,"enemies":"3 Louse","floor":11,"turns":6},{"damage":16,"enemies":"Lagavulin","floor":13,"turns":6},{"damage":12,"enemies":"Looter","floor":14,"turns":5},{"damage":41,"enemies":"Hexaghost","floor":16,"turns":11},{"damage":22,"enemies":"Chosen","floor":18,"turns":6},{"damage":21,"enemies":"3 Byrds","floor":20,"turns":6},{"damage":27,"enemies":"Snake Plant","floor":22,"turns":6},{"damage":21,"enemies":"Gremlin Leader","floor":25,"turns":7},{"damage":29,"enemies":"Sentry and Sphere","floor":28,"turns":5},{"damage":7,"enemies":"Snecko","floor":29,"turns":4},{"damage":29,"enemies":"Chosen and Byrds","floor":31,"turns":6},{"damage":33,"enemies":"Champ","floor":33,"turns":9},{"damage":25,"enemies":"Orb Walker","floor":35,"turns":5},{"damage":76,"enemies":"3 Darklings","floor":36,"turns":5}],"seed_played":"-1942898676682263592","potions_obtained":[{"floor":1,"key":"FairyPotion"},{"floor":2,"key":"Energy Potion"},{"floor":3,"key":"AttackPotion"},{"floor":7,"key":"SpeedPotion"},{"floor":7,"key":"Poison Potion"},{"floor":13,"key":"Dexterity Potion"},{"floor":14,"key":"Regen Potion"}],"is_trial":false,"path_per_floor":["M","M","M","M","M","R","?","R","T","$","M","R","E","M","R","B",null,"M","T","M","$","M","R","$","E","T","R","M","M","R","M","R","B",null,"M","M"],"character_chosen":"IRONCLAD","items_purchased":["Pen Nib","Bloodletting","Whirlwind","Evolve"],"campfire_rested":4,"item_purchase_floors":[10,21,21,21],"current_hp_per_floor":[79,80,80,79,80,80,80,80,80,80,80,80,70,64,80,54,80,64,64,49,49,28,52,52,37,37,61,38,37,37,14,38,11,80,61,0],"gold":308,"neow_bonus":"ONE_RANDOM_RARE_CARD","is_prod":false,"is_daily":false,"chose_seed":false,"campfire_upgraded":4,"win_rate":0,"timestamp":1550583063,"path_taken":["M","M","M","M","M","R","?","R","T","$","M","R","E","M","R","BOSS","M","?","M","$","M","R","$","E","T","R","M","M","R","M","R","BOSS","M","M"],"build_version":"2019-01-23","purchased_purges":0,"victory":false,"max_hp_per_floor":[80,80,80,80,80,80,80,80,80,80,80,80,80,80,80,80,80,80,80,80,80,80,80,80,80,80,80,80,80,80,80,80,80,80,80,80],"card_choices":[{"not_picked":["Combust","Dual Wield"],"picked":"Rupture","floor":1},{"not_picked":["Havoc","Rupture"],"picked":"Clothesline","floor":2},{"not_picked":["Pummel","Uppercut"],"picked":"Power Through","floor":3},{"not_picked":["Sword Boomerang","Cleave"],"picked":"Armaments","floor":4},{"not_picked":["Body Slam","Rampage","Rupture"],"picked":"SKIP","floor":5},{"not_picked":["Sever Soul","Perfected Strike","Iron Wave"],"picked":"SKIP","floor":11},{"not_picked":["Infernal Blade","Body Slam"],"picked":"Dual Wield","floor":13},{"not_picked":["Burning Pact","Warcry"],"picked":"Rage","floor":14},{"not_picked":["Exhume","Offering"],"picked":"Demon Form","floor":16},{"not_picked":["Havoc","Battle Trance"],"picked":"Thunderclap+1","floor":18},{"not_picked":["Second Wind+1","Clash","Clothesline"],"picked":"SKIP","floor":20},{"not_picked":["Ghostly Armor","Shrug It Off"],"picked":"Power Through","floor":22},{"not_picked":["Sword Boomerang","Dark Embrace","Iron Wave"],"picked":"SKIP","floor":25},{"not_picked":["Thunderclap","Bloodletting"],"picked":"Headbutt","floor":28},{"not_picked":["Cleave","Uppercut"],"picked":"Blood for Blood","floor":29},{"not_picked":["Headbutt","Perfected Strike"],"picked":"Fire Breathing+1","floor":31},{"not_picked":["Feed","Demon Form"],"picked":"Limit Break","floor":33},{"not_picked":["Whirlwind+1","Sword Boomerang","Flex+1"],"picked":"SKIP","floor":35}],"player_experience":149605,"relics_obtained":[{"floor":9,"key":"PreservedInsect"},{"floor":13,"key":"Tiny Chest"},{"floor":19,"key":"Orichalcum"},{"floor":25,"key":"Boot"},{"floor":26,"key":"Ancient Tea Set"}],"event_choices":[{"damage_healed":0,"gold_gain":0,"player_choice":"Got Potions","damage_taken":0,"max_hp_gain":0,"max_hp_loss":0,"event_name":"Lab","floor":7,"gold_loss":0}],"is_beta":false,"boss_relics":[{"not_picked":["Pandora\u0027s Box","Coffee Dripper"],"picked":"Sozu"},{"not_picked":["White Beast Statue","Tiny House"],"picked":"Mark of Pain"}],"items_purged_floors":[],"is_endless":false,"potions_floor_spawned":[1,2,3,13,14,18,22,29,31],"killed_by":"3 Darklings","ascension_level":2}