{"gold_per_floor":[16,16,32,49,68,97,97,131,158,219,219,219,236,263,263,362,362,382,398,398,398,398,427,427,453,453,466,481,581,581,595,595,691,691,702,702,716,728,744,778,778,811,811,811,771,771,397,422,422,422,422,422,15,49,49],"floor_reached":56,"playtime":3733,"items_purged":["Doubt","Injury"],"score":1484,"play_id":"3f98897b-567c-45fb-9596-4a6af95c2093","local_time":"20190115070757","is_ascension_mode":true,"campfire_choices":[{"data":"Zap","floor":7,"key":"SMITH"},{"data":"Self Repair","floor":12,"key":"SMITH"},{"data":"Defragment","floor":15,"key":"SMITH"},{"data":"Consume","floor":24,"key":"SMITH"},{"data":"Coolheaded","floor":32,"key":"SMITH"},{"data":"Machine Learning","floor":44,"key":"SMITH"},{"floor":46,"key":"RECALL"},{"data":"Electrodynamics","floor":49,"key":"SMITH"},{"data":"Defend_B","floor":52,"key":"SMITH"}],"neow_cost":"NO_GOLD","seed_source_timestamp":2573906468485860,"circlet_count":0,"master_deck":["Strike_B","Strike_B","Strike_B","Defend_B+1","Defend_B+1","Defend_B+1","Zap+1","Dualcast","Self Repair+1","Rebound","BootSequence","Auto Shields","Ball Lightning","Ball Lightning","Defragment+1","Coolheaded+1","Electrodynamics+1","Turbo+1","FTL","Defragment+1","Consume+1","Hologram","Skim+1","Steam","Chill+1","Ghostly","Ghostly","Ghostly","Ghostly","Ghostly","White Noise+1","Machine Learning+1","Coolheaded+1","Genetic Algorithm+1","Doom and Gloom+1","Reinforced Body+1","Ball Lightning+1","Doom and Gloom+1","Stack","Discovery","Conserve Battery","Machine Learning"],"relics":["Cracked Core","Orichalcum","Dream Catcher","War Paint","Tiny Chest","Strawberry","Inserter","Lantern","Gremlin Horn","Happy Flower","Juzu Bracelet","Molten Egg 2","Dead Branch","Shuriken","Cursed Key","Pear","StoneCalendar","Darkstone Periapt","Chemical X","Sundial","Runic Capacitor","Mummified Hand"],"potions_floor_usage":[6,6,10,23,25,25,55,55,55],"damage_taken":[{"damage":2,"enemies":"2 Louse","floor":1,"turns":2},{"damage":1,"enemies":"Cultist","floor":3,"turns":3},{"damage":5,"enemies":"Small Slimes","floor":4,"turns":3},{"damage":0,"enemies":"Exordium Wildlife","floor":5,"turns":3},{"damage":11,"enemies":"Gremlin Nob","floor":6,"turns":4},{"damage":5,"enemies":"Lagavulin","floor":8,"turns":6},{"damage":2,"enemies":"3 Sentries","floor":10,"turns":6},{"damage":0,"enemies":"3 Louse","floor":13,"turns":2},{"damage":9,"enemies":"Lagavulin","floor":14,"turns":5},{"damage":28,"enemies":"Hexaghost","floor":16,"turns":9},{"damage":0,"enemies":"Chosen","floor":18,"turns":4},{"damage":0,"enemies":"Spheric Guardian","floor":19,"turns":3},{"damage":27,"enemies":"Book of Stabbing","floor":23,"turns":5},{"damage":13,"enemies":"Slavers","floor":25,"turns":3},{"damage":3,"enemies":"Snake Plant","floor":27,"turns":3},{"damage":9,"enemies":"Snecko","floor":28,"turns":4},{"damage":13,"enemies":"Colosseum Slavers","floor":29,"turns":4},{"damage":9,"enemies":"Colosseum Nobs","floor":29,"turns":4},{"damage":0,"enemies":"3 Cultists","floor":31,"turns":3},{"damage":0,"enemies":"Champ","floor":33,"turns":9},{"damage":0,"enemies":"3 Darklings","floor":35,"turns":6},{"damage":0,"enemies":"Orb Walker","floor":37,"turns":4},{"damage":0,"enemies":"Spire Growth","floor":38,"turns":5},{"damage":0,"enemies":"3 Darklings","floor":39,"turns":4},{"damage":0,"enemies":"Reptomancer","floor":40,"turns":5},{"damage":0,"enemies":"Nemesis","floor":42,"turns":9},{"damage":0,"enemies":"Giant Head","floor":48,"turns":8},{"damage":18,"enemies":"Donu and Deca","floor":50,"turns":6},{"damage":0,"enemies":"Shield and Spear","floor":54,"turns":5},{"damage":40,"enemies":"The Heart","floor":55,"turns":7}],"seed_played":"7271288037903116439","potions_obtained":[{"floor":1,"key":"FearPotion"},{"floor":5,"key":"Weak Potion"},{"floor":8,"key":"Fire Potion"},{"floor":14,"key":"PowerPotion"},{"floor":19,"key":"AttackPotion"},{"floor":23,"key":"Ancient Potion"},{"floor":29,"key":"Fire Potion"},{"floor":38,"key":"Weak Potion"},{"floor":40,"key":"Dexterity Potion"},{"floor":45,"key":"Ancient Potion"},{"floor":45,"key":"PowerPotion"}],"is_trial":false,"path_per_floor":["M","?","M","M","M","E","R","E","T","E","?","R","M","E","R","B",null,"M","M","?","T","?","E","R","E","T","M","M","?","?","M","R","B",null,"M","?","M","M","M","E","T","E","T","R","?","R","$","E","R","B",null,"R","$","E","B",null],"character_chosen":"DEFECT","items_purchased":["Chemical X","Doom and Gloom+1","Stack","Runic Capacitor","Discovery","Conserve Battery"],"campfire_rested":0,"item_purchase_floors":[47,47,47,53,53,53],"current_hp_per_floor":[73,78,80,80,80,76,76,78,78,80,80,80,80,87,87,69,87,87,87,87,87,87,70,70,57,57,64,65,63,43,43,43,43,43,43,43,43,43,43,53,53,53,53,53,53,53,53,53,53,45,53,53,53,53,13],"gold":49,"neow_bonus":"REMOVE_TWO","is_prod":false,"is_daily":false,"chose_seed":false,"campfire_upgraded":8,"win_rate":0,"timestamp":1547554077,"path_taken":["M","?","M","M","M","E","R","E","T","E","?","R","?","E","R","BOSS","M","M","?","?","?","E","R","E","T","M","M","?","?","M","R","BOSS","M","?","M","M","M","E","?","E","T","R","?","R","$","E","R","BOSS","R","$","E","BOSS"],"build_version":"2019-01-14v2","purchased_purges":2,"victory":true,"max_hp_per_floor":[75,80,80,80,80,80,80,80,80,80,80,80,80,87,87,87,87,87,87,87,87,87,87,87,87,87,87,87,87,43,43,43,43,43,43,43,43,43,43,53,53,53,53,53,53,53,53,53,53,53,53,53,53,53,53],"card_choices":[{"not_picked":["Reinforced Body","Steam Power"],"picked":"Self Repair","floor":1},{"not_picked":["Stack","Barrage"],"picked":"Rebound","floor":3},{"not_picked":["Leap","Rebound"],"picked":"BootSequence","floor":4},{"not_picked":["Beam Cell","Rebound"],"picked":"Auto Shields","floor":5},{"not_picked":["Stack","Conserve Battery"],"picked":"Ball Lightning","floor":6},{"not_picked":["Leap","Barrage"],"picked":"Ball Lightning","floor":8},{"not_picked":["Reinforced Body","Sweeping Beam"],"picked":"Ball Lightning","floor":10},{"not_picked":["Coolheaded","Core Surge"],"picked":"Defragment","floor":13},{"not_picked":["Stack","Doom and Gloom"],"picked":"Coolheaded","floor":14},{"not_picked":["Echo Form","Thunder Strike"],"picked":"Electrodynamics","floor":16},{"not_picked":["Stack","Double Energy"],"picked":"Turbo+1","floor":18},{"not_picked":["Ball Lightning","Sunder"],"picked":"FTL","floor":19},{"not_picked":["Compile Driver","Rebound"],"picked":"Consume","floor":23},{"not_picked":["Rebound+1","Thunder Strike"],"picked":"Hologram","floor":25},{"not_picked":["Compile Driver+1","Barrage+1"],"picked":"Skim+1","floor":27},{"not_picked":["Hologram","Genetic Algorithm"],"picked":"Steam","floor":28},{"not_picked":["Streamline+1","Skim"],"picked":"Chill+1","floor":29},{"not_picked":["Turbo","Ball Lightning+1"],"picked":"White Noise+1","floor":31},{"not_picked":["Creative AI","Meteor Strike+1"],"picked":"Machine Learning","floor":33},{"not_picked":["Leap","Barrage+1"],"picked":"Coolheaded+1","floor":35},{"not_picked":["Static Discharge+1","Steam+1"],"picked":"Genetic Algorithm+1","floor":37},{"not_picked":["Rebound+1","Turbo"],"picked":"Doom and Gloom+1","floor":38},{"not_picked":["Darkness","Static Discharge","Streamline+1"],"picked":"SKIP","floor":39},{"not_picked":["Hello World","Leap+1"],"picked":"Reinforced Body+1","floor":40},{"not_picked":["Aggregate","Reinforced Body"],"picked":"Ball Lightning+1","floor":42},{"not_picked":["Stack","Electrodynamics","BootSequence"],"picked":"SKIP","floor":48},{"not_picked":["Aggregate+1","Leap"],"picked":"Machine Learning","floor":54}],"player_experience":4080616,"relics_obtained":[{"floor":6,"key":"Orichalcum"},{"floor":8,"key":"Dream Catcher"},{"floor":9,"key":"War Paint"},{"floor":10,"key":"Tiny Chest"},{"floor":14,"key":"Strawberry"},{"floor":21,"key":"Gremlin Horn"},{"floor":23,"key":"Happy Flower"},{"floor":25,"key":"Juzu Bracelet"},{"floor":26,"key":"Molten Egg 2"},{"floor":29,"key":"Dead Branch"},{"floor":29,"key":"Shuriken"},{"floor":40,"key":"Pear"},{"floor":42,"key":"StoneCalendar"},{"floor":43,"key":"Darkstone Periapt"},{"floor":48,"key":"Sundial"},{"floor":54,"key":"Mummified Hand"}],"event_choices":[{"damage_healed":0,"gold_gain":0,"player_choice":"Donut","damage_taken":0,"max_hp_gain":5,"max_hp_loss":0,"event_name":"Big Fish","floor":2,"gold_loss":0},{"damage_healed":0,"gold_gain":0,"player_choice":"Ignored","damage_taken":0,"max_hp_gain":0,"max_hp_loss":0,"event_name":"NoteForYourself","floor":11,"gold_loss":0},{"damage_healed":0,"gold_gain":0,"player_choice":"Opened","damage_taken":0,"relics_obtained":["Lantern"],"max_hp_gain":0,"max_hp_loss":0,"event_name":"The Mausoleum","floor":20,"gold_loss":0},{"damage_healed":0,"gold_gain":0,"player_choice":"Copied","damage_taken":0,"max_hp_gain":0,"max_hp_loss":0,"event_name":"Duplicator","floor":22,"gold_loss":0,"cards_obtained":["Defragment"]},{"damage_healed":0,"gold_gain":0,"player_choice":"Fight","damage_taken":0,"max_hp_gain":0,"max_hp_loss":0,"event_name":"Colosseum","floor":29,"gold_loss":0},{"damage_healed":0,"gold_gain":0,"player_choice":"Fought Nobs","damage_taken":0,"max_hp_gain":0,"max_hp_loss":0,"event_name":"Colosseum","floor":29,"gold_loss":0},{"damage_healed":0,"gold_gain":0,"player_choice":"Became a Ghost","damage_taken":0,"max_hp_gain":0,"max_hp_loss":44,"event_name":"Ghosts","floor":30,"gold_loss":0,"cards_obtained":["Ghostly","Ghostly","Ghostly","Ghostly","Ghostly"]},{"cards_removed":["Ball Lightning"],"damage_healed":0,"gold_gain":0,"player_choice":"Removed Attack","damage_taken":0,"max_hp_gain":0,"max_hp_loss":0,"event_name":"Falling","floor":36,"gold_loss":0},{"damage_healed":0,"gold_gain":0,"player_choice":"Bought 3 Potions","damage_taken":0,"max_hp_gain":0,"max_hp_loss":0,"event_name":"The Woman in Blue","floor":45,"gold_loss":0}],"is_beta":true,"boss_relics":[{"not_picked":["Calling Bell","Eternal Feather"],"picked":"Inserter"},{"not_picked":["Snecko Eye","Sozu"],"picked":"Cursed Key"}],"items_purged_floors":[47,53],"is_endless":false,"potions_floor_spawned":[1,5,8,14,19,23,29,29,38,40,48,54],"ascension_level":1}