{"gold_per_floor":[115,129,54,73,87,87,114,132,213,224,224,244,144,155,155,252,252,271,291,306,326,326],"floor_reached":22,"playtime":1969,"items_purged":["Strike_R","Strike_R"],"score":194,"play_id":"1e8f4b4a-4ec1-4f00-8851-ecea490f965d","local_time":"20190217195213","is_ascension_mode":false,"campfire_choices":[{"data":"Armaments","floor":6,"key":"SMITH"},{"data":"Juggernaut","floor":11,"key":"SMITH"},{"data":"Armaments","floor":15,"key":"SMITH"}],"neow_cost":"NONE","seed_source_timestamp":224086586028873,"circlet_count":0,"master_deck":["Strike_R","Defend_R","Defend_R","Defend_R","Defend_R","Bash","Juggernaut+1","Armaments+1","Body Slam","Headbutt","Inflame","Armaments+1","Seeing Red","Barricade","Bloodletting+1","Body Slam"],"relics":["Burning Blood","Blood Vial","Tiny Chest","Empty Cage"],"potions_floor_usage":[5,7,16],"damage_taken":[{"damage":0,"enemies":"Cultist","floor":1,"turns":4},{"damage":1,"enemies":"2 Louse","floor":2,"turns":3},{"damage":2,"enemies":"Jaw Worm","floor":4,"turns":5},{"damage":11,"enemies":"Lots of Slimes","floor":5,"turns":4},{"damage":29,"enemies":"3 Sentries","floor":7,"turns":8},{"damage":0,"enemies":"3 Louse","floor":8,"turns":3},{"damage":0,"enemies":"Large Slime","floor":10,"turns":6},{"damage":10,"enemies":"Exordium Wildlife","floor":12,"turns":7},{"damage":7,"enemies":"2 Fungi Beasts","floor":14,"turns":4},{"damage":22,"enemies":"Slime Boss","floor":16,"turns":9},{"damage":6,"enemies":"Shell Parasite","floor":18,"turns":8},{"damage":6,"enemies":"Spheric Guardian","floor":19,"turns":5},{"damage":32,"enemies":"3 Cultists","floor":20,"turns":7},{"damage":28,"enemies":"Snecko","floor":21,"turns":7},{"damage":37,"enemies":"Snake Plant","floor":22,"turns":3}],"seed_played":"-4484774454670938804","potions_obtained":[{"floor":2,"key":"Explosive Potion"},{"floor":4,"key":"Strength Potion"},{"floor":14,"key":"Weak Potion"}],"is_trial":false,"path_per_floor":["M","M","$","M","M","R","E","M","T","M","R","M","$","M","R","B",null,"M","M","M","M","M"],"character_chosen":"IRONCLAD","items_purchased":[],"campfire_rested":0,"item_purchase_floors":[],"current_hp_per_floor":[80,80,80,80,75,75,52,60,60,68,68,66,66,67,67,53,80,80,80,54,34,0],"gold":326,"neow_bonus":"ONE_RANDOM_RARE_CARD","is_prod":false,"is_daily":false,"chose_seed":false,"campfire_upgraded":3,"win_rate":0,"timestamp":1550429533,"path_taken":["M","M","$","M","M","R","E","M","T","M","R","M","$","M","R","BOSS","M","M","M","M","M"],"build_version":"2019-01-23","purchased_purges":2,"victory":false,"max_hp_per_floor":[80,80,80,80,80,80,80,80,80,80,80,80,80,80,80,80,80,80,80,80,80,80],"card_choices":[{"not_picked":["Flex","Cleave"],"picked":"Armaments","floor":1},{"not_picked":["Anger","Armaments"],"picked":"Body Slam","floor":2},{"not_picked":["Iron Wave","Twin Strike"],"picked":"Headbutt","floor":4},{"not_picked":["Pommel Strike","Shockwave","Perfected Strike"],"picked":"SKIP","floor":5},{"not_picked":["Rupture","Blood for Blood"],"picked":"Inflame","floor":7},{"not_picked":["Perfected Strike","Wild Strike","Disarm"],"picked":"SKIP","floor":8},{"not_picked":["Pummel","Wild Strike","Brutality"],"picked":"SKIP","floor":10},{"not_picked":["True Grit","Headbutt"],"picked":"Armaments","floor":12},{"not_picked":["Clothesline","Twin Strike"],"picked":"Seeing Red","floor":14},{"not_picked":["Feed","Immolate"],"picked":"Barricade","floor":16},{"not_picked":["Warcry","Iron Wave","Clothesline"],"picked":"SKIP","floor":18},{"not_picked":["Blood for Blood","Ghostly Armor"],"picked":"Bloodletting+1","floor":19},{"not_picked":["Perfected Strike","Anger","Headbutt"],"picked":"SKIP","floor":20},{"not_picked":["Ghostly Armor","Heavy Blade"],"picked":"Body Slam","floor":21}],"player_experience":59188,"relics_obtained":[{"floor":7,"key":"Blood Vial"},{"floor":9,"key":"Tiny Chest"}],"event_choices":[],"is_beta":false,"boss_relics":[{"not_picked":["Runic Cube","Lizard Tail"],"picked":"Empty Cage"}],"items_purged_floors":[3,13],"is_endless":false,"potions_floor_spawned":[2,4,14],"killed_by":"Snake Plant","ascension_level":0}