{"gold_per_floor":[109,34,34,53,68,68,85,118,174,194,209,209,209,219,219,219],"floor_reached":16,"playtime":420,"items_purged":["Defend_B"],"score":208,"play_id":"9d7c6130-5f7e-4c14-bad7-12f1b6db2fc4","local_time":"20190208153233","is_ascension_mode":true,"campfire_choices":[{"data":"Zap","floor":6.0,"key":"SMITH"},{"floor":12.0,"key":"REST"},{"data":"Beam Cell","floor":15.0,"key":"SMITH"}],"neow_cost":"PERCENT_DAMAGE","seed_source_timestamp":0,"circlet_count":0,"master_deck":["AscendersBane","Strike_B","Strike_B","Strike_B","Strike_B","Defend_B","Defend_B","Zap+1","Dualcast","Conserve Battery","Ball Lightning","BootSequence","Creative AI","Beam Cell+1","Sweeping Beam","Steam"],"special_seed":0,"relics":["Cracked Core","Gambling Chip","Happy Flower","Tiny Chest"],"potions_floor_usage":[16],"damage_taken":[{"damage":0.0,"enemies":"Cultist","floor":1.0,"turns":3.0},{"damage":5.0,"enemies":"Jaw Worm","floor":4.0,"turns":3.0},{"damage":0.0,"enemies":"2 Louse","floor":5.0,"turns":2.0},{"damage":1.0,"enemies":"Blue Slaver","floor":7.0,"turns":3.0},{"damage":23.0,"enemies":"3 Sentries","floor":8.0,"turns":4.0},{"damage":2.0,"enemies":"Lots of Slimes","floor":10.0,"turns":5.0},{"damage":3.0,"enemies":"Gremlin Gang","floor":11.0,"turns":3.0},{"damage":1.0,"enemies":"Large Slime","floor":14.0,"turns":4.0},{"damage":26,"enemies":"Slime Boss","floor":16,"turns":5}],"seed_played":"-8814566899991226727","potions_obtained":[{"floor":5.0,"key":"EssenceOfSteel"},{"floor":8.0,"key":"SkillPotion"},{"floor":11.0,"key":"Energy Potion"}],"is_trial":false,"path_per_floor":["M","$","?","M","M","R","M","E","T","M","M","R","T","M","R","B"],"character_chosen":"DEFECT","items_purchased":[],"campfire_rested":1,"item_purchase_floors":[],"current_hp_per_floor":[46,46,39,34,34,34,33,10,10,8,5,26,26,25,25,0],"gold":219,"neow_bonus":"ONE_RARE_RELIC","is_prod":false,"is_daily":false,"chose_seed":false,"campfire_upgraded":2,"win_rate":0,"timestamp":1549607553,"path_taken":["M","?","?","M","M","R","M","E","T","M","M","R","?","M","R","BOSS"],"build_version":"2019-01-23","purchased_purges":1,"victory":false,"max_hp_per_floor":[71,71,71,71,71,71,71,71,71,71,71,71,71,71,71,71],"card_choices":[{"not_picked":["Cold Snap","Fusion"],"picked":"Conserve Battery","floor":1.0},{"not_picked":["Leap","Genetic Algorithm"],"picked":"Ball Lightning","floor":4.0},{"not_picked":["Redo","Coolheaded"],"picked":"BootSequence","floor":5.0},{"not_picked":["Chaos","Recycle"],"picked":"Creative AI","floor":7.0},{"not_picked":["Fusion","Hello World","Leap"],"picked":"SKIP","floor":8.0},{"not_picked":["Aggregate","Leap"],"picked":"Beam Cell","floor":10.0},{"not_picked":["BootSequence","Redo"],"picked":"Sweeping Beam","floor":11.0},{"not_picked":["Rip and Tear","Reinforced Body"],"picked":"Steam","floor":14.0}],"player_experience":1106820,"relics_obtained":[{"floor":8.0,"key":"Happy Flower"},{"floor":9.0,"key":"Tiny Chest"}],"event_choices":[{"cards_removed":["Defend_B"],"damage_healed":0.0,"max_hp_gain":0.0,"max_hp_loss":0.0,"gold_gain":0.0,"event_name":"Golden Wing","player_choice":"Card Removal","floor":3.0,"gold_loss":0.0,"damage_taken":7.0}],"is_beta":false,"boss_relics":[],"items_purged_floors":[2],"is_endless":false,"potions_floor_spawned":[5,8,11],"killed_by":"Slime Boss","ascension_level":20}