{"gold_per_floor":[12,22,38,38,53,87,87,116,168,201,126,126,146,0,0,100,100,100,0,0,0,0,0,0,0,0,0,0,0,0,0,0,0,0,0,0,0,0,0,0,0,0,0,0,0,0,0,0,0,0,0,0,0,0,0],"floor_reached":56,"playtime":4518,"items_purged":["Strike_R","Strike_R"],"score":1624,"play_id":"428b11fa-f22f-4e6b-95b7-c16aeb4b7b2e","local_time":"20181218150523","is_ascension_mode":true,"campfire_choices":[{"data":"Bash","floor":15,"key":"SMITH"},{"data":"Demon Form","floor":24,"key":"SMITH"},{"data":"Uppercut","floor":27,"key":"SMITH"},{"floor":32,"key":"REST"},{"floor":44,"key":"RECALL"},{"data":"1","floor":49,"key":"LIFT"},{"data":"2","floor":52,"key":"LIFT"}],"neow_cost":"NO_GOLD","seed_source_timestamp":182910709081864,"circlet_count":0,"master_deck":["Strike_R+1","Strike_R","Strike_R","Defend_R","Defend_R","Defend_R","Defend_R","Bash+1","Whirlwind","Flame Barrier","Pommel Strike","Iron Wave+1","Shrug It Off","Rampage","Clothesline","Thunderclap","Demon Form+1","Battle Trance","Flame Barrier","Uppercut+1","Sword Boomerang","Double Tap","Rage","Metallicize","Decay","Headbutt+1","Feed","Iron Wave+1","Seeing Red","Dark Shackles","PanicButton","Panacea","Armaments+1","Bloodletting+1","Pummel+1","Flame Barrier+1","Disarm","Metallicize","Limit Break"],"relics":["Burning Blood","Nunchaku","WarpedTongs","Pear","Spirit Poop","Question Card","Whetstone","Oddly Smooth Stone","Matryoshka","Lantern","Ectoplasm","Thread and Needle","Mercury Hourglass","Red Skull","Pantograph","Regal Pillow","Champion Belt","Nilry\u0027s Codex","FossilizedHelix","Runic Pyramid","Gremlin Horn","Bag of Preparation","MawBank","Girya","Turnip","Vajra"],"potions_floor_usage":[5,6,8,20,20,20,23,29,55,55,55],"damage_taken":[{"damage":6,"enemies":"Jaw Worm","floor":1,"turns":4},{"damage":6,"enemies":"Cultist","floor":2,"turns":3},{"damage":5,"enemies":"2 Louse","floor":3,"turns":3},{"damage":1,"enemies":"Exordium Thugs","floor":5,"turns":2},{"damage":15,"enemies":"Gremlin Nob","floor":6,"turns":4},{"damage":16,"enemies":"Lagavulin","floor":8,"turns":9},{"damage":11,"enemies":"3 Sentries","floor":10,"turns":6},{"damage":0,"enemies":"3 Louse","floor":13,"turns":4},{"damage":22,"enemies":"The Guardian","floor":16,"turns":11},{"damage":0,"enemies":"3 Byrds","floor":18,"turns":3},{"damage":12,"enemies":"Colosseum Slavers","floor":20,"turns":3},{"damage":34,"enemies":"Colosseum Nobs","floor":20,"turns":4},{"damage":0,"enemies":"Chosen","floor":21,"turns":3},{"damage":0,"enemies":"Snake Plant","floor":22,"turns":2},{"damage":0,"enemies":"Gremlin Leader","floor":23,"turns":5},{"damage":4,"enemies":"Slavers","floor":25,"turns":5},{"damage":37,"enemies":"Gremlin Leader","floor":29,"turns":6},{"damage":0,"enemies":"Centurion and Healer","floor":31,"turns":4},{"damage":14,"enemies":"Champ","floor":33,"turns":11},{"damage":0,"enemies":"Orb Walker","floor":35,"turns":4},{"damage":0,"enemies":"3 Shapes","floor":37,"turns":4},{"damage":0,"enemies":"Reptomancer","floor":40,"turns":7},{"damage":0,"enemies":"Maw","floor":41,"turns":6},{"damage":0,"enemies":"Sphere and 2 Shapes","floor":42,"turns":5},{"damage":0,"enemies":"Giant Head","floor":45,"turns":6},{"damage":0,"enemies":"3 Darklings","floor":46,"turns":3},{"damage":0,"enemies":"4 Shapes","floor":47,"turns":6},{"damage":0,"enemies":"Mind Bloom Boss Battle","floor":48,"turns":3},{"damage":3,"enemies":"Donu and Deca","floor":50,"turns":8},{"damage":18,"enemies":"Shield and Spear","floor":54,"turns":6},{"damage":6,"enemies":"The Heart","floor":55,"turns":7}],"seed_played":"-2506547090644221780","potions_obtained":[{"floor":1,"key":"Weak Potion"},{"floor":3,"key":"Energy Potion"},{"floor":5,"key":"Strength Potion"},{"floor":6,"key":"EntropicBrew"},{"floor":10,"key":"Energy Potion"},{"floor":25,"key":"BloodPotion"},{"floor":29,"key":"PowerPotion"},{"floor":31,"key":"Energy Potion"}],"is_trial":false,"path_per_floor":["M","M","M","?","M","E","?","E","T","E","$","T","M","$","R","B",null,"M","$","?","M","M","E","R","E","T","R","?","E","?","M","R","B",null,"M","?","M","?","T","E","M","M","T","R","E","M","M","?","R","B",null,"R","$","E","B",null],"character_chosen":"IRONCLAD","items_purchased":["Lantern"],"campfire_rested":1,"item_purchase_floors":[14],"current_hp_per_floor":[80,80,80,80,80,81,81,71,71,66,66,66,72,72,72,56,90,90,90,56,62,68,74,74,76,76,76,60,38,38,44,86,82,90,93,93,96,86,86,96,104,108,108,108,111,111,115,115,115,119,119,119,119,107,119],"gold":0,"neow_bonus":"ONE_RARE_RELIC","is_prod":false,"is_daily":false,"chose_seed":false,"campfire_upgraded":3,"win_rate":0,"timestamp":1545163523,"path_taken":["M","M","M","?","?","E","?","E","T","E","$","?","M","$","R","BOSS","M","$","?","M","M","E","R","E","T","R","?","E","?","?","R","BOSS","M","?","M","?","?","E","M","?","T","R","E","M","M","?","R","BOSS","R","$","E","BOSS"],"build_version":"2018-12-17","purchased_purges":2,"victory":true,"max_hp_per_floor":[80,80,80,80,80,90,90,90,90,90,90,90,90,90,90,90,90,90,90,90,90,90,90,90,90,90,90,90,90,90,90,90,90,90,93,93,96,96,96,100,104,108,108,108,111,111,115,115,115,119,119,119,119,119,119],"card_choices":[{"not_picked":["Shockwave","Power Through"],"picked":"Whirlwind","floor":1},{"not_picked":["Warcry","Clash"],"picked":"Flame Barrier","floor":2},{"not_picked":["Warcry","Infernal Blade"],"picked":"Pommel Strike","floor":3},{"not_picked":["Thunderclap","Dual Wield"],"picked":"Iron Wave","floor":5},{"not_picked":["Heavy Blade","Flex"],"picked":"Shrug It Off","floor":6},{"not_picked":["Pommel Strike","Clash"],"picked":"Rampage","floor":8},{"not_picked":["Burning Pact","Pommel Strike","Twin Strike"],"picked":"Clothesline","floor":10},{"not_picked":["Cleave","Shrug It Off","Havoc"],"picked":"Thunderclap","floor":13},{"not_picked":["Double Tap","Impervious","Limit Break"],"picked":"Demon Form","floor":16},{"not_picked":["Pommel Strike","Sword Boomerang+1","Burning Pact"],"picked":"Battle Trance","floor":18},{"not_picked":["Body Slam","Anger","Inflame"],"picked":"Flame Barrier","floor":20},{"not_picked":["Clash","Warcry","Sword Boomerang"],"picked":"Uppercut","floor":21},{"not_picked":["Wild Strike","Blood for Blood+1","Burning Pact"],"picked":"Sword Boomerang","floor":22},{"not_picked":["Exhume","Pommel Strike","Armaments+1"],"picked":"Double Tap","floor":23},{"not_picked":["Evolve","Twin Strike","Clothesline+1"],"picked":"Rage","floor":25},{"not_picked":["Armaments","Heavy Blade","Cleave"],"picked":"Metallicize","floor":29},{"not_picked":["Flex","Searing Blow","Wild Strike"],"picked":"Headbutt+1","floor":31},{"not_picked":["Immolate","Demon Form","Limit Break"],"picked":"Feed","floor":33},{"not_picked":["Perfected Strike+1","Carnage+1","Headbutt"],"picked":"Iron Wave+1","floor":35},{"not_picked":["Thunderclap","Infernal Blade+1","Searing Blow+1"],"picked":"Seeing Red","floor":37},{"not_picked":["Blind","Metamorphosis","Forethought"],"picked":"Dark Shackles","floor":38},{"not_picked":["Dramatic Entrance","HandOfGreed","Forethought"],"picked":"PanicButton","floor":38},{"not_picked":["Magnetism","Enlightenment","Purity"],"picked":"Panacea","floor":38},{"not_picked":["Rampage","Anger","Burning Pact"],"picked":"Armaments+1","floor":40},{"not_picked":["Headbutt+1","Shockwave+1","Sword Boomerang+1"],"picked":"Bloodletting+1","floor":41},{"not_picked":["Perfected Strike","Uppercut+1","Combust+1"],"picked":"Pummel+1","floor":42},{"not_picked":["Clothesline+1","Shrug It Off","Clash+1"],"picked":"Flame Barrier+1","floor":45},{"not_picked":["Shrug It Off+1","True Grit+1","Seeing Red+1"],"picked":"Disarm","floor":46},{"not_picked":["Flex+1","Wild Strike","Perfected Strike+1","Sever Soul+1"],"picked":"SKIP","floor":47},{"not_picked":["Bludgeon","Warcry","Reckless Charge+1"],"picked":"Metallicize","floor":48},{"not_picked":["Searing Blow","Thunderclap+1","Shrug It Off+1"],"picked":"Limit Break","floor":54}],"player_experience":3835065,"relics_obtained":[{"floor":6,"key":"Pear"},{"floor":8,"key":"Question Card"},{"floor":9,"key":"Whetstone"},{"floor":10,"key":"Oddly Smooth Stone"},{"floor":12,"key":"Matryoshka"},{"floor":20,"key":"Thread and Needle"},{"floor":20,"key":"Mercury Hourglass"},{"floor":23,"key":"Red Skull"},{"floor":25,"key":"Pantograph"},{"floor":26,"key":"Regal Pillow"},{"floor":26,"key":"Champion Belt"},{"floor":28,"key":"Nilry\u0027s Codex"},{"floor":29,"key":"FossilizedHelix"},{"floor":39,"key":"Gremlin Horn"},{"floor":40,"key":"Bag of Preparation"},{"floor":43,"key":"MawBank"},{"floor":45,"key":"Girya"},{"floor":48,"key":"Turnip"},{"floor":54,"key":"Vajra"}],"event_choices":[{"damage_healed":0,"gold_gain":0,"player_choice":"Rummage","damage_taken":0,"relics_obtained":["WarpedTongs"],"max_hp_gain":0,"max_hp_loss":0,"event_name":"Accursed Blacksmith","floor":4,"gold_loss":0,"cards_obtained":["Pain"]},{"cards_removed":["Pain"],"damage_healed":0,"gold_gain":0,"player_choice":"Offered Curse","damage_taken":0,"relics_obtained":["Spirit Poop"],"max_hp_gain":0,"max_hp_loss":0,"event_name":"Bonfire Elementals","floor":7,"gold_loss":0},{"damage_healed":0,"gold_gain":0,"player_choice":"Fight","damage_taken":0,"max_hp_gain":0,"max_hp_loss":0,"event_name":"Colosseum","floor":20,"gold_loss":0},{"damage_healed":0,"gold_gain":0,"player_choice":"Fought Nobs","damage_taken":0,"max_hp_gain":0,"max_hp_loss":0,"event_name":"Colosseum","floor":20,"gold_loss":0},{"damage_healed":0,"gold_gain":0,"player_choice":"Obtained Book","damage_taken":16,"max_hp_gain":0,"max_hp_loss":0,"event_name":"Cursed Tome","floor":28,"gold_loss":0},{"damage_healed":0,"gold_gain":0,"player_choice":"Cursed","damage_taken":0,"max_hp_gain":0,"max_hp_loss":0,"event_name":"Wheel of Change","floor":30,"gold_loss":0,"cards_obtained":["Decay"]},{"damage_healed":0,"gold_gain":0,"player_choice":"Ignored","damage_taken":0,"max_hp_gain":0,"max_hp_loss":0,"event_name":"Mysterious Sphere","floor":36,"gold_loss":0},{"damage_healed":0,"gold_gain":0,"player_choice":"Memory 3","damage_taken":10,"max_hp_gain":0,"max_hp_loss":0,"event_name":"SensoryStone","floor":38,"gold_loss":0},{"damage_healed":0,"gold_gain":0,"player_choice":"Fight","damage_taken":0,"max_hp_gain":0,"max_hp_loss":0,"event_name":"MindBloom","floor":48,"gold_loss":0}],"is_beta":true,"boss_relics":[{"not_picked":["Black Star","Tiny House"],"picked":"Ectoplasm"},{"not_picked":["Lizard Tail","Philosopher\u0027s Stone"],"picked":"Runic Pyramid"}],"items_purged_floors":[11,19],"is_endless":false,"potions_floor_spawned":[1,3,5,6,10,20,25,29,31,33,37,41,46,47,48],"ascension_level":1}