{"gold_per_floor":[110,35,50,50,69,69,79,79,79,99,111,143,143,170,170,249,249,267,192,192,192,192],"floor_reached":22,"playtime":583,"items_purged":[],"score":388,"play_id":"1a54fc1b-4c82-4e6b-9da9-b1166d3620f9","local_time":"20190126002641","is_ascension_mode":true,"campfire_choices":[{"data":"Trip","floor":6.0,"key":"SMITH"},{"floor":8.0,"key":"REST"},{"data":"Steam","floor":13.0,"key":"SMITH"},{"data":"Loop","floor":15.0,"key":"SMITH"}],"neow_cost":"NONE","seed_source_timestamp":0,"circlet_count":0,"master_deck":["AscendersBane","Strike_B","Strike_B+1","Strike_B","Defend_B+1","Defend_B","Defend_B","Zap","Dualcast","Trip+1","Steam+1","Cold Snap","Reboot","Ball Lightning","White Noise","Doom and Gloom","Loop+1","Biased Cognition","Aggregate+1"],"special_seed":0,"relics":["Cracked Core","Singing Bowl","Matryoshka","Pantograph","Black Star"],"potions_floor_usage":[18,22],"damage_taken":[{"damage":7.0,"enemies":"Jaw Worm","floor":1.0,"turns":3.0},{"damage":0.0,"enemies":"Small Slimes","floor":3.0,"turns":3.0},{"damage":5.0,"enemies":"2 Louse","floor":5.0,"turns":2.0},{"damage":4.0,"enemies":"Looter","floor":7.0,"turns":2.0},{"damage":1.0,"enemies":"Exordium Wildlife","floor":10.0,"turns":3.0},{"damage":7.0,"enemies":"Exordium Thugs","floor":11.0,"turns":3.0},{"damage":25.0,"enemies":"Lagavulin","floor":12.0,"turns":7.0},{"damage":21.0,"enemies":"Gremlin Nob","floor":14.0,"turns":4.0},{"damage":16.0,"enemies":"Hexaghost","floor":16.0,"turns":8.0},{"damage":33,"enemies":"2 Thieves","floor":18,"turns":4},{"damage":34,"enemies":"Colosseum Slavers","floor":22,"turns":3}],"seed_played":"-3358998310818730400","potions_obtained":[{"floor":1.0,"key":"Fruit Juice"},{"floor":10.0,"key":"SneckoOil"},{"floor":11.0,"key":"SteroidPotion"},{"floor":16.0,"key":"GamblersBrew"}],"is_trial":false,"path_per_floor":["M","?","M","?","M","R","M","R","T","M","M","E","R","E","R","B",null,"M","?","?","?","?"],"character_chosen":"DEFECT","items_purchased":[],"campfire_rested":1,"item_purchase_floors":[],"current_hp_per_floor":[57,57,57,36,31,31,27,48,48,47,45,22,22,1,1,10,61,28,28,28,28,0],"gold":192,"neow_bonus":"RANDOM_COLORLESS","is_prod":false,"is_daily":false,"chose_seed":false,"campfire_upgraded":3,"win_rate":0,"timestamp":1548430001,"path_taken":["M","?","M","?","M","R","M","R","T","M","M","E","R","E","R","BOSS","M","?","?","?","?"],"build_version":"2019-01-23","purchased_purges":0,"victory":false,"max_hp_per_floor":[71,71,71,71,71,71,71,71,71,71,76,78,78,78,78,78,78,78,78,78,78,78],"card_choices":[{"not_picked":["Turbo","Go for the Eyes"],"picked":"Steam","floor":1.0},{"not_picked":["Leap","Undo"],"picked":"Cold Snap","floor":3.0},{"not_picked":["White Noise","Barrage"],"picked":"Reboot","floor":5.0},{"not_picked":["Consume","Scrape"],"picked":"Ball Lightning","floor":7.0},{"not_picked":["Steam","Reprogram"],"picked":"White Noise","floor":10.0},{"not_picked":["Stack","Chaos"],"picked":"Doom and Gloom","floor":11.0},{"not_picked":["Darkness","Cold Snap","Storm"],"picked":"Singing Bowl","floor":12.0},{"not_picked":["Streamline","Double Energy"],"picked":"Loop","floor":14.0},{"not_picked":["Creative AI","Reboot"],"picked":"Biased Cognition","floor":16.0},{"not_picked":["Coolheaded","Barrage"],"picked":"Aggregate+1","floor":18}],"player_experience":1075347,"relics_obtained":[{"floor":9.0,"key":"Singing Bowl"},{"floor":12.0,"key":"Matryoshka"},{"floor":14.0,"key":"Pantograph"}],"event_choices":[{"cards_removed":["Defend_B"],"damage_healed":0.0,"max_hp_gain":0.0,"max_hp_loss":0.0,"gold_gain":0.0,"event_name":"The Cleric","player_choice":"Card Removal","floor":2.0,"gold_loss":75.0,"damage_taken":0.0},{"damage_healed":0.0,"max_hp_gain":0.0,"max_hp_loss":0.0,"gold_gain":0.0,"event_name":"Shining Light","player_choice":"Entered Light","floor":4.0,"gold_loss":0.0,"damage_taken":21.0,"cards_upgraded":["Strike_B","Defend_B"]},{"cards_removed":["Strike_B"],"damage_healed":0,"gold_gain":0,"player_choice":"Gave Gold","damage_taken":0,"max_hp_gain":0,"max_hp_loss":0,"event_name":"Beggar","floor":19,"gold_loss":75},{"damage_healed":0,"gold_gain":0,"player_choice":"Ignored","damage_taken":0,"max_hp_gain":0,"max_hp_loss":0,"event_name":"Ghosts","floor":20,"gold_loss":0},{"damage_healed":0,"gold_gain":0,"player_choice":"Ignored","damage_taken":0,"max_hp_gain":0,"max_hp_loss":0,"event_name":"Vampires","floor":21,"gold_loss":0},{"damage_healed":0,"gold_gain":0,"player_choice":"Fight","damage_taken":0,"max_hp_gain":0,"max_hp_loss":0,"event_name":"Colosseum","floor":22,"gold_loss":0}],"is_beta":false,"boss_relics":[{"not_picked":["FrozenCore","Fusion Hammer"],"picked":"Black Star"}],"items_purged_floors":[],"is_endless":false,"potions_floor_spawned":[1,10,11,16],"killed_by":"Colosseum Slavers","ascension_level":20}