{"gold_per_floor":[219,31,31,42,42,42,76,76,76,76,105,105,116,128,128,231,231,250,250,263,283,283,283,208,208,208,208,14,47,47,81,81,176,176,191,191,101,112,126,153,153,166,219,254,301,301,301,327,327,327,327,327,12,44,44],"floor_reached":56,"playtime":3949,"items_purged":["Strike_B"],"score":1406,"play_id":"fc2911cf-1340-4159-b2b4-ac7d3d521a12","local_time":"20190214071953","is_ascension_mode":true,"campfire_choices":[{"data":"Static Discharge","floor":6,"key":"SMITH"},{"data":"Zap","floor":10,"key":"SMITH"},{"data":"Defend_B","floor":12,"key":"PURGE"},{"data":"Defend_B","floor":15,"key":"PURGE"},{"data":"Creative AI","floor":23,"key":"SMITH"},{"floor":25,"key":"REST"},{"data":"Shame","floor":32,"key":"PURGE"},{"floor":41,"key":"RECALL"},{"data":"Ball Lightning","floor":49,"key":"PURGE"},{"data":"Amplify","floor":52,"key":"SMITH"}],"neow_cost":"NONE","seed_source_timestamp":5165967839757654,"circlet_count":0,"master_deck":["Zap+1","Dualcast","Undo","Static Discharge+1","Cold Snap","Steam","BootSequence","Ball Lightning","Creative AI+1","Self Repair","Tempest+1","Conserve Battery+1","Self Repair","Amplify+1","Hello World+1","Conserve Battery","Storm","Core Surge","Coolheaded+1","Coolheaded+1","Conserve Battery","Go for the Eyes+1","Doom and Gloom+1","Conserve Battery"],"relics":["Cracked Core","Peace Pipe","StoneCalendar","Symbiotic Virus","Dream Catcher","Velvet Choker","Nilry\u0027s Codex","Bag of Preparation","DataDisk","Juzu Bracelet","Thread and Needle","Gambling Chip","Busted Crown","Strawberry","Bottled Tornado","Prayer Wheel","Frozen Egg 2","Runic Capacitor","Bird Faced Urn"],"potions_floor_usage":[18,33,44,55,55,55],"damage_taken":[{"damage":1,"enemies":"Jaw Worm","floor":1,"turns":3},{"damage":7,"enemies":"2 Louse","floor":4,"turns":2},{"damage":6,"enemies":"Lagavulin","floor":7,"turns":6},{"damage":9,"enemies":"3 Sentries","floor":11,"turns":7},{"damage":0,"enemies":"Cultist","floor":13,"turns":3},{"damage":0,"enemies":"Looter","floor":14,"turns":3},{"damage":0,"enemies":"Slime Boss","floor":16,"turns":7},{"damage":0,"enemies":"Shell Parasite","floor":18,"turns":5},{"damage":1,"enemies":"3 Byrds","floor":20,"turns":3},{"damage":1,"enemies":"Snecko","floor":21,"turns":4},{"damage":11,"enemies":"Book of Stabbing","floor":29,"turns":4},{"damage":17,"enemies":"Slavers","floor":31,"turns":6},{"damage":0,"enemies":"Champ","floor":33,"turns":7},{"damage":0,"enemies":"Orb Walker","floor":35,"turns":3},{"damage":1,"enemies":"3 Darklings","floor":38,"turns":3},{"damage":7,"enemies":"4 Shapes","floor":39,"turns":6},{"damage":0,"enemies":"Nemesis","floor":40,"turns":5},{"damage":0,"enemies":"Spire Growth","floor":42,"turns":4},{"damage":39,"enemies":"Reptomancer","floor":44,"turns":6},{"damage":10,"enemies":"2 Orb Walkers","floor":45,"turns":4},{"damage":7,"enemies":"Nemesis","floor":48,"turns":7},{"damage":39,"enemies":"Awakened One","floor":50,"turns":15},{"damage":40,"enemies":"Shield and Spear","floor":54,"turns":7},{"damage":79,"enemies":"The Heart","floor":55,"turns":8}],"seed_played":"-2692407334345560028","potions_obtained":[{"floor":1,"key":"Energy Potion"},{"floor":7,"key":"Block Potion"},{"floor":13,"key":"SkillPotion"},{"floor":31,"key":"FearPotion"},{"floor":33,"key":"SpeedPotion"},{"floor":39,"key":"Dexterity Potion"},{"floor":44,"key":"Weak Potion"},{"floor":48,"key":"Weak Potion"}],"is_trial":false,"path_per_floor":["M","$","?","M","?","R","E","?","T","R","E","R","M","M","R","B",null,"M","?","M","M","?","R","?","R","T","?","$","E","?","E","R","B",null,"M","?","?","M","M","E","R","M","T","E","?","?","?","E","R","B",null,"R","$","E","B",null],"character_chosen":"DEFECT","items_purchased":["Undo","Static Discharge","DataDisk","Hello World","Runic Capacitor","Regen Potion","Conserve Battery"],"campfire_rested":1,"item_purchase_floors":[2,2,28,28,53,53,53],"current_hp_per_floor":[74,74,56,49,42,42,36,61,61,61,52,52,52,52,52,52,75,75,59,58,64,50,50,50,74,74,74,74,77,77,74,74,80,80,80,80,80,80,80,87,87,87,87,69,73,73,73,73,73,34,83,83,83,64,40],"gold":44,"neow_bonus":"HUNDRED_GOLD","is_prod":false,"is_daily":false,"chose_seed":false,"campfire_upgraded":4,"win_rate":0,"timestamp":1550146793,"path_taken":["M","$","?","M","?","R","E","?","T","R","E","R","M","M","R","BOSS","M","?","M","M","?","R","?","R","T","?","?","E","?","E","R","BOSS","M","?","?","M","M","E","R","M","T","E","?","?","?","E","R","BOSS","R","$","E","BOSS"],"build_version":"2019-02-06","purchased_purges":1,"victory":true,"max_hp_per_floor":[75,75,75,75,75,75,75,75,75,75,75,75,75,75,75,75,75,75,75,75,75,80,80,80,80,80,80,80,80,80,80,80,80,80,80,80,80,80,80,87,87,87,87,87,87,87,83,83,83,83,83,83,83,83,83],"card_choices":[{"not_picked":["Doom and Gloom","Beam Cell"],"picked":"Ball Lightning","floor":1},{"not_picked":["Sweeping Beam","Barrage"],"picked":"Cold Snap","floor":4},{"not_picked":["Double Energy","Compile Driver","Aggregate"],"picked":"SKIP","floor":7},{"not_picked":["Turbo","Stack"],"picked":"Steam","floor":11},{"not_picked":["Hologram","Compile Driver"],"picked":"BootSequence","floor":13},{"not_picked":["Lockon","Beam Cell"],"picked":"Ball Lightning","floor":14},{"not_picked":["Amplify","Reboot"],"picked":"Creative AI","floor":16},{"not_picked":["Beam Cell","Cold Snap+1"],"picked":"Self Repair","floor":18},{"not_picked":["Stack","Compile Driver"],"picked":"Tempest+1","floor":20},{"not_picked":["Streamline","Beam Cell"],"picked":"Conserve Battery+1","floor":21},{"not_picked":["Streamline","White Noise"],"picked":"Self Repair","floor":25},{"not_picked":["Leap","Reinforced Body"],"picked":"Conserve Battery","floor":29},{"not_picked":["Genetic Algorithm","Recycle"],"picked":"Storm","floor":31},{"not_picked":["All For One","Rainbow"],"picked":"Core Surge","floor":33},{"not_picked":["Reprogram"],"picked":"SKIP","floor":35},{"not_picked":["Sunder"],"picked":"SKIP","floor":38},{"not_picked":[],"picked":"Coolheaded+1","floor":39},{"not_picked":[],"picked":"Coolheaded+1","floor":40},{"not_picked":[],"picked":"Conserve Battery","floor":42},{"not_picked":[],"picked":"Go for the Eyes+1","floor":44},{"not_picked":[],"picked":"Doom and Gloom+1","floor":45},{"not_picked":["Beam Cell+1"],"picked":"SKIP","floor":48},{"not_picked":["Rebound+1"],"picked":"SKIP","floor":54}],"player_experience":4510083,"relics_obtained":[{"floor":7,"key":"StoneCalendar"},{"floor":9,"key":"Symbiotic Virus"},{"floor":11,"key":"Dream Catcher"},{"floor":19,"key":"Nilry\u0027s Codex"},{"floor":26,"key":"Bag of Preparation"},{"floor":29,"key":"Juzu Bracelet"},{"floor":31,"key":"Gambling Chip"},{"floor":40,"key":"Strawberry"},{"floor":44,"key":"Bottled Tornado"},{"floor":45,"key":"Prayer Wheel"},{"floor":48,"key":"Frozen Egg 2"},{"floor":54,"key":"Bird Faced Urn"}],"event_choices":[{"damage_healed":0,"gold_gain":0,"player_choice":"Success","damage_taken":18,"relics_obtained":["Peace Pipe"],"max_hp_gain":0,"max_hp_loss":0,"event_name":"Scrap Ooze","floor":3,"gold_loss":0},{"cards_removed":["Strike_B"],"damage_healed":0,"gold_gain":0,"player_choice":"Card Removal","damage_taken":7,"max_hp_gain":0,"max_hp_loss":0,"event_name":"Golden Wing","floor":5,"gold_loss":0},{"damage_healed":25,"gold_gain":0,"player_choice":"Banana","damage_taken":0,"max_hp_gain":0,"max_hp_loss":0,"event_name":"Big Fish","floor":8,"gold_loss":0},{"damage_healed":0,"gold_gain":0,"player_choice":"Obtained Book","damage_taken":16,"max_hp_gain":0,"max_hp_loss":0,"event_name":"Cursed Tome","floor":19,"gold_loss":0},{"damage_healed":0,"gold_gain":0,"player_choice":"Shed Blood","damage_taken":19,"max_hp_gain":5,"max_hp_loss":0,"event_name":"Forgotten Altar","floor":22,"gold_loss":0},{"cards_removed":["Strike_B"],"damage_healed":0,"gold_gain":0,"player_choice":"Gave Gold","damage_taken":0,"max_hp_gain":0,"max_hp_loss":0,"event_name":"Beggar","floor":24,"gold_loss":75},{"damage_healed":0,"gold_gain":0,"cards_transformed":["Strike_B","Defend_B"],"player_choice":"Became Test Subject","damage_taken":0,"max_hp_gain":0,"max_hp_loss":0,"event_name":"Drug Dealer","floor":27,"gold_loss":0,"cards_obtained":["BootSequence","Amplify"]},{"damage_healed":0,"gold_gain":0,"player_choice":"Stole Relic","damage_taken":0,"relics_obtained":["Thread and Needle"],"max_hp_gain":0,"max_hp_loss":0,"event_name":"Addict","floor":30,"gold_loss":0,"cards_obtained":["Shame"]},{"damage_healed":0,"gold_gain":0,"player_choice":"Ignored","damage_taken":0,"max_hp_gain":0,"max_hp_loss":0,"event_name":"Tomb of Lord Red Mask","floor":36,"gold_loss":0},{"cards_removed":["Defend_B"],"damage_healed":0,"gold_gain":0,"player_choice":"Upgrade and Remove","damage_taken":0,"max_hp_gain":0,"max_hp_loss":0,"event_name":"Designer","floor":37,"gold_loss":90,"cards_upgraded":["Hello World"]},{"damage_healed":0,"gold_gain":0,"player_choice":"Fight","damage_taken":0,"max_hp_gain":0,"max_hp_loss":0,"event_name":"Mysterious Sphere","floor":45,"gold_loss":0},{"cards_removed":["BootSequence"],"damage_healed":0,"gold_gain":0,"player_choice":"Removed Skill","damage_taken":0,"max_hp_gain":0,"max_hp_loss":0,"event_name":"Falling","floor":46,"gold_loss":0},{"damage_healed":0,"gold_gain":0,"player_choice":"Max HP","damage_taken":0,"max_hp_gain":0,"max_hp_loss":4,"event_name":"Winding Halls","floor":47,"gold_loss":0}],"is_beta":true,"boss_relics":[{"not_picked":["Calling Bell","White Beast Statue"],"picked":"Velvet Choker"},{"not_picked":["Pandora\u0027s Box","Runic Pyramid"],"picked":"Busted Crown"}],"items_purged_floors":[2],"is_endless":false,"potions_floor_spawned":[1,7,13,16,31,33,39,44,48],"ascension_level":1}