{"gold_per_floor":[209,228,68,79,79,79,106,106,152,152,165,165,192,192,192,270,270,286,301,301,301],"floor_reached":21,"playtime":801,"items_purged":[],"score":374,"play_id":"8a3982bf-8a5a-4823-8972-c70e7194a865","local_time":"20190201092242","is_ascension_mode":true,"campfire_choices":[{"data":"Heavy Blade","floor":6.0,"key":"SMITH"},{"data":"Inflame","floor":8.0,"key":"SMITH"},{"floor":12.0,"key":"REST"},{"floor":15.0,"key":"REST"}],"neow_cost":"NONE","seed_source_timestamp":1900978326389363,"circlet_count":0,"master_deck":["AscendersBane","Strike_R","Strike_R","Strike_R","Strike_R","Strike_R","Defend_R","Defend_R","Defend_R","Defend_R+1","Bash","Reckless Charge","Spot Weakness","Finesse+1","True Grit","Heavy Blade+1","Inflame+1","Clothesline","Armaments","Offering","Battle Trance","Shrug It Off+1"],"special_seed":0,"relics":["Burning Blood","Blood Vial","Happy Flower","Peace Pipe","Ginger","Philosopher\u0027s Stone"],"potions_floor_usage":[],"damage_taken":[{"damage":10.0,"enemies":"Small Slimes","floor":1.0,"turns":3.0},{"damage":6.0,"enemies":"2 Louse","floor":2.0,"turns":3.0},{"damage":2.0,"enemies":"Jaw Worm","floor":4.0,"turns":3.0},{"damage":41.0,"enemies":"Lagavulin","floor":7.0,"turns":8.0},{"damage":10.0,"enemies":"2 Fungi Beasts","floor":11.0,"turns":3.0},{"damage":9.0,"enemies":"Gremlin Nob","floor":13.0,"turns":3.0},{"damage":40.0,"enemies":"The Guardian","floor":16.0,"turns":15.0},{"damage":58.0,"enemies":"3 Byrds","floor":18.0,"turns":5.0},{"damage":6.0,"enemies":"2 Thieves","floor":19.0,"turns":2.0},{"damage":6,"enemies":"Colosseum Slavers","floor":20,"turns":3},{"damage":27,"enemies":"Centurion and Healer","floor":21,"turns":7}],"seed_played":"-8580970559099166172","potions_obtained":[{"floor":1.0,"key":"SteroidPotion"},{"floor":2.0,"key":"Ancient Potion"},{"floor":11.0,"key":"SteroidPotion"}],"is_trial":false,"path_per_floor":["M","M","$","M","?","R","E","R","T","?","M","R","E","?","R","B",null,"M","M","?","M"],"character_chosen":"IRONCLAD","items_purchased":["Finesse","True Grit"],"campfire_rested":2,"item_purchase_floors":[3,3],"current_hp_per_floor":[64,64,64,68,68,68,33,33,33,28,26,48,47,24,46,14,60,10,12,14,0],"gold":301,"neow_bonus":"HUNDRED_GOLD","is_prod":false,"is_daily":false,"chose_seed":false,"campfire_upgraded":2,"win_rate":0,"timestamp":1549030962,"path_taken":["M","M","$","M","?","R","E","R","T","?","M","R","E","?","R","BOSS","M","M","?","M"],"build_version":"2019-01-23","purchased_purges":0,"victory":false,"max_hp_per_floor":[75,75,75,75,75,75,75,75,75,75,75,75,75,75,75,75,75,75,75,75,75],"card_choices":[{"not_picked":["Rupture","Cleave"],"picked":"Reckless Charge","floor":1.0},{"not_picked":["Clash","True Grit"],"picked":"Spot Weakness","floor":2.0},{"not_picked":["Hemokinesis","Thunderclap"],"picked":"Heavy Blade","floor":4.0},{"not_picked":["Heavy Blade","Sword Boomerang"],"picked":"Inflame","floor":7.0},{"not_picked":["Sever Soul","Iron Wave"],"picked":"Clothesline","floor":11.0},{"not_picked":["Evolve","Perfected Strike"],"picked":"Armaments","floor":13.0},{"not_picked":["Demon Form","Limit Break"],"picked":"Offering","floor":16.0},{"not_picked":["Pommel Strike","Clash"],"picked":"Battle Trance","floor":18.0},{"not_picked":["Intimidate","Heavy Blade"],"picked":"Shrug It Off+1","floor":19.0}],"player_experience":849626,"relics_obtained":[{"floor":7.0,"key":"Blood Vial"},{"floor":9.0,"key":"Happy Flower"},{"floor":13.0,"key":"Ginger"}],"event_choices":[{"damage_healed":0.0,"max_hp_gain":0.0,"max_hp_loss":0.0,"gold_gain":0.0,"event_name":"Liars Game","player_choice":"Ignored","floor":5.0,"gold_loss":0.0,"damage_taken":0.0},{"damage_healed":0.0,"max_hp_gain":0.0,"max_hp_loss":0.0,"gold_gain":0.0,"event_name":"Scrap Ooze","player_choice":"Success","floor":10.0,"gold_loss":0.0,"damage_taken":5.0,"relics_obtained":["Peace Pipe"]},{"damage_healed":0.0,"max_hp_gain":0.0,"max_hp_loss":0.0,"gold_gain":0.0,"event_name":"Shining Light","player_choice":"Entered Light","floor":14.0,"gold_loss":0.0,"damage_taken":23.0,"cards_upgraded":["Defend_R","Finesse"]},{"damage_healed":0,"gold_gain":0,"player_choice":"Fight","damage_taken":0,"max_hp_gain":0,"max_hp_loss":0,"event_name":"Colosseum","floor":20,"gold_loss":0},{"damage_healed":0,"gold_gain":0,"player_choice":"Fled From Nobs","damage_taken":0,"max_hp_gain":0,"max_hp_loss":0,"event_name":"Colosseum","floor":20,"gold_loss":0}],"is_beta":false,"boss_relics":[{"not_picked":["Lizard Tail","Runic Dome"],"picked":"Philosopher\u0027s Stone"}],"items_purged_floors":[],"is_endless":false,"potions_floor_spawned":[1,2,11,20],"killed_by":"Centurion and Healer","ascension_level":20}