{"gold_per_floor":[111,286,286,306,316,345,270,345,345,345],"floor_reached":10,"playtime":219,"items_purged":["Doubt"],"score":66,"play_id":"3087ac1f-2f3f-4f9b-bcd6-79a1c151e571","local_time":"20190222175720","is_ascension_mode":false,"campfire_choices":[],"neow_cost":"PERCENT_DAMAGE","seed_source_timestamp":0,"circlet_count":0,"master_deck":["Strike_R","Strike_R","Strike_R","Strike_R","Strike_R","Defend_R","Defend_R","Defend_R","Defend_R","Bash"],"special_seed":0,"relics":["Burning Blood","Magic Flower","Question Card","Letter Opener"],"potions_floor_usage":[],"damage_taken":[{"damage":5.0,"enemies":"Small Slimes","floor":1.0,"turns":3.0},{"damage":14.0,"enemies":"Jaw Worm","floor":4.0,"turns":4.0},{"damage":1.0,"enemies":"Cultist","floor":5.0,"turns":3.0},{"damage":42.0,"enemies":"Gremlin Nob","floor":6.0,"turns":6.0},{"damage":34,"enemies":"Red Slaver","floor":10,"turns":4}],"seed_played":"9206227411100984526","potions_obtained":[{"floor":1.0,"key":"Block Potion"}],"is_trial":false,"path_per_floor":["M","?","T","M","M","E","$","?","T","M"],"character_chosen":"IRONCLAD","items_purchased":[],"campfire_rested":0,"item_purchase_floors":[],"current_hp_per_floor":[60,60,60,55,63,30,30,19,19,0],"gold":345,"neow_bonus":"ONE_RARE_RELIC","is_prod":false,"is_daily":false,"chose_seed":false,"campfire_upgraded":0,"win_rate":0,"timestamp":1550825840,"path_taken":["M","?","?","M","?","E","?","?","T","M"],"build_version":"2019-01-23","purchased_purges":1,"victory":false,"max_hp_per_floor":[80,80,80,80,80,80,80,80,80,80],"card_choices":[{"not_picked":["Spot Weakness","Cleave","Pommel Strike"],"picked":"SKIP","floor":1.0},{"not_picked":["Dual Wield","Anger","Burning Pact"],"picked":"SKIP","floor":4.0},{"not_picked":["Corruption","Headbutt","Evolve"],"picked":"SKIP","floor":5.0},{"not_picked":["Armaments","Shrug It Off","Feel No Pain"],"picked":"SKIP","floor":6.0}],"player_experience":1155998,"relics_obtained":[{"floor":6.0,"key":"Question Card"},{"floor":9.0,"key":"Letter Opener"}],"event_choices":[{"damage_healed":0.0,"max_hp_gain":0.0,"max_hp_loss":0.0,"gold_gain":175.0,"event_name":"Liars Game","player_choice":"AGREE","floor":2.0,"gold_loss":0.0,"damage_taken":0.0,"cards_obtained":["Doubt"]},{"damage_healed":0.0,"max_hp_gain":0.0,"max_hp_loss":0.0,"gold_gain":75.0,"event_name":"World of Goop","player_choice":"Gather Gold","floor":8.0,"gold_loss":0.0,"damage_taken":11.0}],"is_beta":false,"boss_relics":[],"items_purged_floors":[7],"is_endless":false,"potions_floor_spawned":[1],"killed_by":"Red Slaver","ascension_level":0}