{"gold_per_floor":[117,136,136,151,151,176,194,194,194,208,241,257,208,236,236,236],"floor_reached":16,"playtime":369,"items_purged":[],"score":244,"play_id":"4b717d44-3ca9-45d1-ab21-19f9fd124d2a","local_time":"20190129194924","is_ascension_mode":true,"campfire_choices":[{"data":"Perfected Strike","floor":8,"key":"SMITH"},{"data":"Twin Strike","floor":15,"key":"SMITH"}],"neow_cost":"NONE","seed_source_timestamp":1679953832536433,"circlet_count":0,"master_deck":["AscendersBane","Strike_R","Strike_R","Strike_R","Strike_R","Strike_R","Defend_R","Defend_R","Defend_R","Defend_R","Perfected Strike+1","Corruption","Twin Strike","Twin Strike+1","Shrug It Off","Pommel Strike","Shrug It Off","Pommel Strike"],"relics":["Burning Blood","NeowsBlessing","Pen Nib","Bag of Marbles","Dodecahedron","Strawberry"],"potions_floor_usage":[6,11,16,16],"damage_taken":[{"damage":0,"enemies":"2 Louse","floor":1,"turns":1},{"damage":0,"enemies":"Cultist","floor":2,"turns":1},{"damage":0,"enemies":"Small Slimes","floor":4,"turns":1},{"damage":30,"enemies":"Lagavulin","floor":6,"turns":7},{"damage":11,"enemies":"2 Fungi Beasts","floor":7,"turns":4},{"damage":8,"enemies":"Exordium Wildlife","floor":10,"turns":3},{"damage":25,"enemies":"3 Sentries","floor":11,"turns":7},{"damage":6,"enemies":"Looter","floor":12,"turns":3},{"damage":8,"enemies":"Gremlin Nob","floor":14,"turns":3},{"damage":35,"enemies":"Hexaghost","floor":16,"turns":7}],"seed_played":"6550092057081432447","potions_obtained":[{"floor":5,"key":"Strength Potion"},{"floor":5,"key":"SneckoOil"},{"floor":6,"key":"LiquidBronze"},{"floor":7,"key":"SteroidPotion"},{"floor":10,"key":"Strength Potion"},{"floor":12,"key":"LiquidBronze"}],"is_trial":false,"path_per_floor":["M","M","?","M","?","E","M","R","T","M","E","M","?","E","R","B"],"character_chosen":"IRONCLAD","items_purchased":[],"campfire_rested":0,"item_purchase_floors":[],"current_hp_per_floor":[74,75,75,75,75,51,46,46,46,44,25,25,25,30,30,0],"gold":236,"neow_bonus":"THREE_ENEMY_KILL","is_prod":false,"is_daily":false,"chose_seed":false,"campfire_upgraded":2,"win_rate":0,"timestamp":1548809364,"path_taken":["M","M","?","?","?","E","M","R","T","M","E","?","?","E","R","BOSS"],"build_version":"2019-01-23","purchased_purges":0,"victory":false,"max_hp_per_floor":[75,75,75,75,75,75,75,75,75,75,75,75,75,82,82,82],"card_choices":[{"not_picked":["Pommel Strike","Bloodletting"],"picked":"Perfected Strike","floor":1},{"not_picked":["Cleave","Clothesline"],"picked":"Corruption","floor":2},{"not_picked":["Metallicize","Iron Wave"],"picked":"Twin Strike","floor":4},{"not_picked":["Second Wind","Carnage"],"picked":"Twin Strike","floor":6},{"not_picked":["Havoc","True Grit"],"picked":"Shrug It Off","floor":7},{"not_picked":["Warcry","Headbutt","Blood for Blood"],"picked":"SKIP","floor":10},{"not_picked":["Limit Break","Havoc"],"picked":"Pommel Strike","floor":11},{"not_picked":["Body Slam","Shockwave"],"picked":"Shrug It Off","floor":12},{"not_picked":["True Grit","Sword Boomerang"],"picked":"Pommel Strike","floor":14}],"player_experience":837696,"relics_obtained":[{"floor":6,"key":"Pen Nib"},{"floor":9,"key":"Bag of Marbles"},{"floor":11,"key":"Dodecahedron"},{"floor":14,"key":"Strawberry"}],"event_choices":[{"cards_removed":["Bash"],"damage_healed":0,"gold_gain":0,"player_choice":"Purged","damage_taken":0,"max_hp_gain":0,"max_hp_loss":0,"event_name":"Purifier","floor":3,"gold_loss":0},{"damage_healed":0,"gold_gain":0,"player_choice":"Got Potions","damage_taken":0,"max_hp_gain":0,"max_hp_loss":0,"event_name":"Lab","floor":5,"gold_loss":0},{"damage_healed":0,"gold_gain":0,"player_choice":"Left Gold","damage_taken":0,"max_hp_gain":0,"max_hp_loss":0,"event_name":"World of Goop","floor":13,"gold_loss":49}],"is_beta":false,"boss_relics":[],"items_purged_floors":[],"is_endless":false,"potions_floor_spawned":[6,7,10,12],"killed_by":"Hexaghost","ascension_level":20}