{"gold_per_floor":[360,4,16,16,35,46,46,56,56,84,84,96,130,145,145,220,220,238,253,267,280,35,63,163,53,53,53,68,68,102,112,112,184,184,196,10,28,0,10,10,110,110,137,149,149,161,80,80,80,80,80],"floor_reached":51,"playtime":3470,"items_purged":["Strike_G","Strike_G"],"score":1452,"play_id":"fa6eac53-018b-4a41-8faa-08bafe0a5aad","local_time":"20190211140613","is_ascension_mode":true,"campfire_choices":[{"data":"Catalyst","floor":7.0,"key":"SMITH"},{"floor":11.0,"key":"REST"},{"data":"Well Laid Plans","floor":15.0,"key":"SMITH"},{"data":"Neutralize","floor":27.0,"key":"SMITH"},{"data":"Tools of the Trade","floor":29.0,"key":"SMITH"},{"floor":32.0,"key":"REST"},{"data":"Footwork","floor":40.0,"key":"SMITH"},{"data":"Wraith Form v2","floor":42.0,"key":"SMITH"},{"floor":49.0,"key":"REST"}],"neow_cost":"PERCENT_DAMAGE","seed_source_timestamp":2779045692066869,"circlet_count":0,"master_deck":["AscendersBane","Defend_G","Defend_G","Defend_G","Defend_G","Defend_G","Strike_G","Strike_G","Survivor","Neutralize+1","Bouncing Flask","Catalyst+1","Sucker Punch","Caltrops","Dash+1","Poisoned Stab","Dagger Spray","PiercingWail","Well Laid Plans+1","Caltrops","Tools of the Trade+1","Poisoned Stab+1","Caltrops+1","Deflect","Footwork","Catalyst","Deadly Poison","Infinite Blades","Well Laid Plans","Wraith Form v2+1","Footwork+1","Backflip","Flechettes+1","Catalyst","Catalyst+1","Venomology","Noxious Fumes+1","Footwork","Blind"],"special_seed":0,"relics":["Ring of the Snake","TwistedFunnel","Ninja Scroll","Meat on the Bone","Torii","WristBlade","Incense Burner","WingedGreaves","Letter Opener","Paper Crane","Art of War","Orrery","Red Mask","StoneCalendar","Centennial Puzzle"],"potions_floor_usage":[51,51,51],"damage_taken":[{"damage":1.0,"enemies":"Small Slimes","floor":1.0,"turns":4.0},{"damage":0.0,"enemies":"Cultist","floor":3.0,"turns":3.0},{"damage":0.0,"enemies":"2 Louse","floor":5.0,"turns":3.0},{"damage":3.0,"enemies":"Blue Slaver","floor":6.0,"turns":3.0},{"damage":14.0,"enemies":"Exordium Thugs","floor":8.0,"turns":5.0},{"damage":0.0,"enemies":"Gremlin Nob","floor":10.0,"turns":3.0},{"damage":0.0,"enemies":"Large Slime","floor":12.0,"turns":3.0},{"damage":12.0,"enemies":"Lagavulin","floor":13.0,"turns":4.0},{"damage":0.0,"enemies":"3 Louse","floor":14.0,"turns":2.0},{"damage":13.0,"enemies":"Hexaghost","floor":16.0,"turns":8.0},{"damage":15.0,"enemies":"Shell Parasite","floor":18.0,"turns":4.0},{"damage":0.0,"enemies":"3 Byrds","floor":19.0,"turns":3.0},{"damage":14.0,"enemies":"Centurion and Healer","floor":20.0,"turns":5.0},{"damage":10.0,"enemies":"Sentry and Sphere","floor":21.0,"turns":7.0},{"damage":14.0,"enemies":"Slavers","floor":23.0,"turns":3.0},{"damage":3.0,"enemies":"Colosseum Slavers","floor":24.0,"turns":5.0},{"damage":8.0,"enemies":"Colosseum Nobs","floor":24.0,"turns":4.0},{"damage":3.0,"enemies":"Snake Plant","floor":28.0,"turns":5.0},{"damage":7.0,"enemies":"Gremlin Leader","floor":30.0,"turns":7.0},{"damage":13.0,"enemies":"Shelled Parasite and Fungi","floor":31.0,"turns":7.0},{"damage":25.0,"enemies":"Champ","floor":33.0,"turns":9.0},{"damage":39.0,"enemies":"3 Darklings","floor":35.0,"turns":7.0},{"damage":0.0,"enemies":"3 Shapes","floor":37.0,"turns":6.0},{"damage":13.0,"enemies":"Jaw Worm Horde","floor":39.0,"turns":4.0},{"damage":5.0,"enemies":"Mind Bloom Boss Battle","floor":41.0,"turns":5.0},{"damage":15.0,"enemies":"Maw","floor":44.0,"turns":6.0},{"damage":2.0,"enemies":"Transient","floor":46.0,"turns":6.0},{"damage":30.0,"enemies":"Donu and Deca","floor":50.0,"turns":12.0},{"damage":99,"enemies":"Awakened One","floor":51,"turns":17}],"seed_played":"8734428369761927064","potions_obtained":[{"floor":1.0,"key":"Weak Potion"},{"floor":3.0,"key":"SpeedPotion"},{"floor":12.0,"key":"EssenceOfSteel"},{"floor":16.0,"key":"AttackPotion"},{"floor":19.0,"key":"GhostInAJar"},{"floor":21.0,"key":"Energy Potion"},{"floor":23.0,"key":"Strength Potion"},{"floor":28.0,"key":"SkillPotion"},{"floor":30.0,"key":"GamblersBrew"},{"floor":31.0,"key":"PowerPotion"},{"floor":35.0,"key":"SteroidPotion"},{"floor":39.0,"key":"SkillPotion"},{"floor":44.0,"key":"Block Potion"},{"floor":46.0,"key":"Dexterity Potion"}],"is_trial":false,"path_per_floor":["M","$","M","?","M","M","R","M","T","E","R","M","E","M","R","B",null,"M","M","M","M","$","E","?","?","T","R","M","R","E","M","R","B",null,"M","$","M","?","M","R","?","R","T","M","?","M","$","?","R","B","B"],"character_chosen":"THE_SILENT","items_purchased":["TwistedFunnel","Catalyst","Sucker Punch","Footwork","Catalyst","Catalyst","Footwork"],"campfire_rested":3,"item_purchase_floors":[2,2,2,22,22,36,47],"current_hp_per_floor":[43,43,43,43,43,40,40,26,26,26,45,45,45,45,45,44,61,46,46,44,34,34,32,45,45,45,45,42,42,35,34,53,40,60,33,33,45,45,44,44,39,39,39,36,36,34,34,34,52,34,0],"gold":80,"neow_bonus":"TWO_FIFTY_GOLD","is_prod":false,"is_daily":false,"chose_seed":false,"campfire_upgraded":6,"win_rate":0,"timestamp":1549911973,"path_taken":["M","$","M","?","M","?","R","M","T","E","R","M","E","M","R","BOSS","M","?","M","?","$","E","?","?","T","R","M","R","E","M","R","BOSS","M","$","M","?","M","R","?","R","T","M","?","M","?","?","R","BOSS","BOSS"],"build_version":"2019-01-23","purchased_purges":2,"victory":false,"max_hp_per_floor":[66,66,66,66,66,66,66,66,66,66,66,66,66,66,66,66,66,66,66,66,66,66,66,66,66,66,66,66,66,66,66,66,66,66,66,66,66,66,66,66,66,66,66,66,63,63,63,63,63,63,63],"card_choices":[{"not_picked":["Calculated Gamble","Choke"],"picked":"Bouncing Flask","floor":1.0},{"not_picked":["Distraction","Finisher"],"picked":"Caltrops","floor":3.0},{"not_picked":["Slice","Deadly Poison"],"picked":"Dash","floor":5.0},{"not_picked":["Prepared","Dash"],"picked":"Poisoned Stab","floor":6.0},{"not_picked":["Poisoned Stab","Underhanded Strike","Backflip"],"picked":"SKIP","floor":8.0},{"not_picked":["Masterful Stab","A Thousand Cuts"],"picked":"Dagger Spray","floor":10.0},{"not_picked":["Deflect","Choke"],"picked":"PiercingWail","floor":12.0},{"not_picked":["Sucker Punch","Cloak And Dagger"],"picked":"Well Laid Plans","floor":13.0},{"not_picked":["Blade Dance","Slice"],"picked":"Caltrops","floor":14.0},{"not_picked":["Grand Finale","Phantasmal Killer"],"picked":"Tools of the Trade","floor":16.0},{"not_picked":["Deflect","Blade Dance"],"picked":"Poisoned Stab+1","floor":18.0},{"not_picked":["Quick Slash","Dagger Spray","Underhanded Strike"],"picked":"SKIP","floor":19.0},{"not_picked":["Concentrate","Expertise"],"picked":"Caltrops+1","floor":20.0},{"not_picked":["Masterful Stab","Poisoned Stab"],"picked":"Deflect","floor":21.0},{"not_picked":["A Thousand Cuts","Dagger Throw","Riddle With Holes"],"picked":"SKIP","floor":23.0},{"not_picked":["Eviscerate","Deflect"],"picked":"Deadly Poison","floor":24.0},{"not_picked":["Prepared","Acrobatics","Outmaneuver"],"picked":"SKIP","floor":28.0},{"not_picked":["Finisher+1","Eviscerate"],"picked":"Infinite Blades","floor":30.0},{"not_picked":["Outmaneuver","Deflect"],"picked":"Well Laid Plans","floor":31.0},{"not_picked":["Tools of the Trade","Doppelganger"],"picked":"Wraith Form v2","floor":33.0},{"not_picked":["Infinite Blades","Outmaneuver"],"picked":"Footwork","floor":34.0},{"not_picked":["Dodge and Roll","Dash"],"picked":"Backflip","floor":34.0},{"not_picked":["Backflip","Blade Dance+1"],"picked":"Flechettes+1","floor":35.0},{"not_picked":["Terror","Bane"],"picked":"Catalyst+1","floor":37.0},{"not_picked":["Predator","Backflip"],"picked":"Venomology","floor":39.0},{"not_picked":["Dagger Throw","Prepared"],"picked":"Noxious Fumes+1","floor":41.0},{"not_picked":["Prepared","Bane","Flechettes"],"picked":"SKIP","floor":44.0},{"not_picked":["Underhanded Strike+1","Dagger Spray+1","Quick Slash"],"picked":"SKIP","floor":46.0},{"not_picked":["Jack Of All Trades","Impatience"],"picked":"Blind","floor":48.0}],"player_experience":923018,"relics_obtained":[{"floor":9.0,"key":"Ninja Scroll"},{"floor":10.0,"key":"Meat on the Bone"},{"floor":13.0,"key":"Torii"},{"floor":23.0,"key":"Incense Burner"},{"floor":24.0,"key":"WingedGreaves"},{"floor":24.0,"key":"Letter Opener"},{"floor":26.0,"key":"Paper Crane"},{"floor":30.0,"key":"Art of War"},{"floor":41.0,"key":"StoneCalendar"},{"floor":43.0,"key":"Centennial Puzzle"}],"event_choices":[{"damage_healed":0.0,"max_hp_gain":0.0,"max_hp_loss":0.0,"gold_gain":0.0,"event_name":"Lab","player_choice":"Got Potions","floor":4.0,"gold_loss":0.0,"damage_taken":0.0},{"damage_healed":0.0,"max_hp_gain":0.0,"max_hp_loss":0.0,"gold_gain":0.0,"event_name":"Colosseum","player_choice":"Fight","floor":24.0,"gold_loss":0.0,"damage_taken":0.0},{"damage_healed":0.0,"max_hp_gain":0.0,"max_hp_loss":0.0,"gold_gain":0.0,"event_name":"Colosseum","player_choice":"Fought Nobs","floor":24.0,"gold_loss":0.0,"damage_taken":0.0},{"cards_removed":["Strike_G"],"damage_healed":0.0,"max_hp_gain":0.0,"max_hp_loss":0.0,"gold_gain":0.0,"event_name":"Designer","player_choice":"Upgrade and Remove","floor":25.0,"gold_loss":110.0,"damage_taken":0.0,"cards_upgraded":["Dash"]},{"damage_healed":0.0,"max_hp_gain":0.0,"max_hp_loss":0.0,"gold_gain":0.0,"event_name":"Tomb of Lord Red Mask","player_choice":"Paid","floor":38.0,"gold_loss":28.0,"damage_taken":0.0,"relics_obtained":["Red Mask"]},{"damage_healed":0.0,"max_hp_gain":0.0,"max_hp_loss":0.0,"gold_gain":0.0,"event_name":"MindBloom","player_choice":"Fight","floor":41.0,"gold_loss":0.0,"damage_taken":0.0},{"damage_healed":0.0,"max_hp_gain":0.0,"max_hp_loss":3.0,"gold_gain":0.0,"event_name":"Winding Halls","player_choice":"Max HP","floor":45.0,"gold_loss":0.0,"damage_taken":0.0},{"damage_healed":0.0,"max_hp_gain":0.0,"max_hp_loss":0.0,"gold_gain":0.0,"event_name":"SensoryStone","player_choice":"Memory 1","floor":48.0,"gold_loss":0.0,"damage_taken":0.0}],"is_beta":false,"boss_relics":[{"not_picked":["Fusion Hammer","Runic Pyramid"],"picked":"WristBlade"},{"not_picked":["Ring of the Serpent","White Beast Statue"],"picked":"Orrery"}],"items_purged_floors":[22,36],"is_endless":false,"potions_floor_spawned":[1,3,5,12,16,19,21,23,28,30,31,35,39,44,46],"killed_by":"Awakened One","ascension_level":20}