{"gold_per_floor":[110,110,110,110,122,153,170,196,249,31,44,59,79,90,90,193,193,176,86,96,21,21],"floor_reached":22,"playtime":1473,"items_purged":["Strike_G"],"score":228,"play_id":"10cbf345-374b-4bd2-abe8-ff585b4b3ef6","local_time":"20190209020645","is_ascension_mode":true,"campfire_choices":[{"floor":15,"key":"REST"}],"neow_cost":"TEN_PERCENT_HP_LOSS","seed_source_timestamp":22283782392508,"circlet_count":0,"master_deck":["Defend_G","Defend_G","Defend_G","Strike_G+1","Strike_G","Survivor","Neutralize+1","Dagger Throw+1","Slice+1","All Out Attack+1","Infinite Blades","Blade Dance","Backflip","Grand Finale","Tools of the Trade","Backflip","Acrobatics+1"],"relics":["Ring of the Snake","Singing Bowl","Whetstone","Potion Belt","Lizard Tail"],"potions_floor_usage":[6,8,12,16,18],"damage_taken":[{"damage":0,"enemies":"Jaw Worm","floor":1,"turns":6},{"damage":0,"enemies":"2 Louse","floor":5,"turns":1},{"damage":7,"enemies":"3 Sentries","floor":6,"turns":5},{"damage":0,"enemies":"Cultist","floor":7,"turns":3},{"damage":6,"enemies":"Lagavulin","floor":8,"turns":6},{"damage":30,"enemies":"Exordium Thugs","floor":11,"turns":5},{"damage":0,"enemies":"Gremlin Gang","floor":12,"turns":1},{"damage":0,"enemies":"Looter","floor":13,"turns":2},{"damage":0,"enemies":"3 Louse","floor":14,"turns":1},{"damage":33,"enemies":"Hexaghost","floor":16,"turns":14},{"damage":23,"enemies":"2 Thieves","floor":18,"turns":4},{"damage":7,"enemies":"3 Byrds","floor":20,"turns":5},{"damage":18,"enemies":"3 Cultists","floor":22,"turns":4}],"seed_played":"-3862188621779579318","potions_obtained":[{"floor":1,"key":"LiquidBronze"},{"floor":6,"key":"GhostInAJar"},{"floor":8,"key":"EssenceOfSteel"},{"floor":13,"key":"EssenceOfSteel"},{"floor":16,"key":"Fire Potion"}],"is_trial":false,"path_per_floor":["M","?","?","?","M","E","M","E","T","$","M","M","M","M","R","B",null,"M","?","M","$","M"],"character_chosen":"THE_SILENT","items_purchased":["Grand Finale","Tools of the Trade"],"campfire_rested":1,"item_purchase_floors":[10,10],"current_hp_per_floor":[63,63,50,50,50,45,45,41,41,41,11,13,15,17,38,7,75,54,54,47,47,29],"gold":21,"neow_bonus":"TRANSFORM_TWO_CARDS","is_prod":false,"is_daily":false,"chose_seed":false,"campfire_upgraded":0,"win_rate":0,"timestamp":1549706805,"path_taken":["M","?","?","?","?","E","M","E","T","$","M","M","M","M","R","BOSS","M","?","M","$","M"],"build_version":"2019-01-23","purchased_purges":1,"victory":false,"max_hp_per_floor":[63,63,63,63,63,65,65,67,67,67,67,69,71,73,73,75,75,77,77,77,77,77],"card_choices":[{"not_picked":["Bouncing Flask","Deadly Poison"],"picked":"Slice","floor":1},{"not_picked":["Predator","Outmaneuver"],"picked":"Blade Dance","floor":5},{"not_picked":["Flechettes","Concentrate","Flying Knee"],"picked":"Singing Bowl","floor":6},{"not_picked":["Choke","Flying Knee"],"picked":"Backflip","floor":7},{"not_picked":["Calculated Gamble","Terror","Outmaneuver"],"picked":"Singing Bowl","floor":8},{"not_picked":["Adrenaline","Slice"],"picked":"Backflip","floor":11},{"not_picked":["Slice","Riddle With Holes","PiercingWail"],"picked":"Singing Bowl","floor":12},{"not_picked":["Blur","Sucker Punch","Expertise"],"picked":"Singing Bowl","floor":13},{"not_picked":["Endless Agony","Caltrops","Sucker Punch"],"picked":"Singing Bowl","floor":14},{"not_picked":["Corpse Explosion","Night Terror","Wraith Form v2"],"picked":"Singing Bowl","floor":16},{"not_picked":["Tactician","Flechettes+1","Dagger Throw"],"picked":"Singing Bowl","floor":18},{"not_picked":["Expertise+1","Outmaneuver+1"],"picked":"Acrobatics+1","floor":20}],"player_experience":143645,"relics_obtained":[{"floor":6,"key":"Singing Bowl"},{"floor":8,"key":"Whetstone"},{"floor":9,"key":"Potion Belt"}],"event_choices":[{"damage_healed":0,"gold_gain":0,"cards_transformed":["Defend_G"],"player_choice":"Change","damage_taken":0,"max_hp_gain":0,"max_hp_loss":0,"event_name":"Living Wall","floor":2,"gold_loss":0,"cards_obtained":["All Out Attack"]},{"damage_healed":0,"gold_gain":0,"player_choice":"Entered Light","damage_taken":13,"max_hp_gain":0,"max_hp_loss":0,"event_name":"Shining Light","floor":3,"gold_loss":0,"cards_upgraded":["Dagger Throw","All Out Attack"]},{"damage_healed":0,"gold_gain":0,"cards_transformed":["Defend_G"],"player_choice":"Transformed","damage_taken":0,"max_hp_gain":0,"max_hp_loss":0,"event_name":"Transmorgrifier","floor":4,"gold_loss":0,"cards_obtained":["Infinite Blades"]},{"cards_removed":["Expertise"],"damage_healed":0,"gold_gain":0,"player_choice":"Upgrade and Remove","damage_taken":0,"max_hp_gain":0,"max_hp_loss":0,"event_name":"Designer","floor":19,"gold_loss":90,"cards_upgraded":["Neutralize"]}],"is_beta":false,"boss_relics":[{"not_picked":["Eternal Feather","Velvet Choker"],"picked":"Lizard Tail"}],"items_purged_floors":[21],"is_endless":false,"potions_floor_spawned":[1,6,8,13,16],"killed_by":"3 Cultists","ascension_level":3}