{"gold_per_floor":[110,124,299,299,299,328,328,345,345,375,392,99,125,125,125,251,251,272,295,20,45,61,92,92,106,106,149,149,149,149,170,170,296,296,320,344,677,687,736,736,764,764,788,805,805,833,398,398,398,398,398,398,10,35,35],"floor_reached":56,"playtime":3647,"items_purged":["Doubt","Writhe","Injury"],"score":1474,"play_id":"a5672856-3014-4e23-8534-bad2623e60aa","local_time":"20181121151134","is_ascension_mode":true,"campfire_choices":[{"floor":7,"key":"REST"},{"data":"Sunder","floor":15,"key":"SMITH"},{"floor":24,"key":"DIG"},{"floor":29,"key":"DIG"},{"floor":32,"key":"REST"},{"floor":40,"key":"REST"},{"floor":45,"key":"RECALL"},{"floor":49,"key":"DIG"},{"floor":52,"key":"DIG"}],"neow_cost":"NONE","seed_source_timestamp":2368257280309065,"circlet_count":0,"master_deck":["Strike_B+1","Strike_B+1","Strike_B+1","Strike_B+1","Defend_B+1","Defend_B+1","Defend_B+1","Defend_B+1","Zap","Dualcast+1","Doom and Gloom","Conserve Battery","Leap","Core Surge","Sunder+1","Redo","Hologram","Buffer","Redo+1","BootSequence","Self Repair","Defragment","Coolheaded+1","Rip and Tear+1","Capacitor","Cold Snap","Rainbow","Undo","Biased Cognition","Auto Shields+1","Go for the Eyes+1","Barrage+1","Conserve Battery+1","Coolheaded","Conserve Battery+1","Stack"],"relics":["Lizard Tail","Ancient Tea Set","Shovel","The Courier","Bird Faced Urn","Lee\u0027s Waffle","DataDisk","Fusion Hammer","ClockworkSouvenir","Dream Catcher","Bottled Lightning","Whetstone","Art of War","Cursed Key","Incense Burner","Regal Pillow","Potion Belt","Bronze Scales","Pocketwatch","Mercury Hourglass","Letter Opener","Runic Capacitor","Oddly Smooth Stone","Centennial Puzzle"],"potions_floor_usage":[6,10,18,18,23,23,27,41,55,55,55,55,55],"damage_taken":[{"damage":5,"enemies":"Cultist","floor":1,"turns":4},{"damage":0,"enemies":"2 Louse","floor":2,"turns":2},{"damage":20,"enemies":"Lagavulin","floor":6,"turns":9},{"damage":0,"enemies":"Jaw Worm","floor":8,"turns":3},{"damage":49,"enemies":"Gremlin Nob","floor":10,"turns":6},{"damage":0,"enemies":"3 Louse","floor":11,"turns":3},{"damage":19,"enemies":"Lagavulin","floor":13,"turns":6},{"damage":22,"enemies":"The Guardian","floor":16,"turns":10},{"damage":0,"enemies":"2 Thieves","floor":18,"turns":3},{"damage":8,"enemies":"Shell Parasite","floor":19,"turns":7},{"damage":0,"enemies":"Centurion and Healer","floor":21,"turns":6},{"damage":5,"enemies":"Cultist and Chosen","floor":22,"turns":5},{"damage":22,"enemies":"Slavers","floor":23,"turns":6},{"damage":0,"enemies":"Snecko","floor":25,"turns":7},{"damage":50,"enemies":"Book of Stabbing","floor":27,"turns":8},{"damage":3,"enemies":"Snake Plant","floor":31,"turns":4},{"damage":8,"enemies":"Automaton","floor":33,"turns":12},{"damage":0,"enemies":"3 Shapes","floor":35,"turns":4},{"damage":0,"enemies":"3 Darklings","floor":36,"turns":6},{"damage":0,"enemies":"Jaw Worm Horde","floor":38,"turns":6},{"damage":103,"enemies":"2 Orb Walkers","floor":39,"turns":7},{"damage":58,"enemies":"Reptomancer","floor":41,"turns":8},{"damage":0,"enemies":"4 Shapes","floor":44,"turns":5},{"damage":6,"enemies":"Nemesis","floor":46,"turns":9},{"damage":0,"enemies":"Awakened One","floor":50,"turns":12},{"damage":0,"enemies":"Shield and Spear","floor":54,"turns":9},{"damage":0,"enemies":"The Heart","floor":55,"turns":11}],"seed_played":"-3533919680763300037","potions_obtained":[{"floor":2,"key":"PowerPotion"},{"floor":8,"key":"Ancient Potion"},{"floor":11,"key":"Strength Potion"},{"floor":16,"key":"AttackPotion"},{"floor":18,"key":"SkillPotion"},{"floor":22,"key":"Fire Potion"},{"floor":25,"key":"Swift Potion"},{"floor":38,"key":"Weak Potion"},{"floor":39,"key":"Energy Potion"},{"floor":44,"key":"Strength Potion"}],"is_trial":false,"path_per_floor":["M","M","?","?","?","E","R","M","T","E","M","$","E","?","R","B",null,"M","M","$","M","M","E","R","M","T","E","?","R","?","M","R","B",null,"M","M","?","M","?","R","E","?","T","M","R","E","$","?","R","B",null,"R","$","E","B",null],"character_chosen":"DEFECT","items_purchased":["Lee\u0027s Waffle","Sunder","Redo","ClockworkSouvenir","Self Repair","Defragment","SpeedPotion","Weak Potion","Dexterity Potion","Pocketwatch","Runic Capacitor","Oddly Smooth Stone"],"campfire_rested":3,"item_purchase_floors":[12,12,12,20,20,20,47,47,47,47,53,53],"current_hp_per_floor":[70,70,70,55,52,32,54,54,54,5,5,82,63,43,43,21,82,82,74,74,82,82,73,73,82,82,41,41,41,41,40,64,71,82,82,82,82,82,37,61,20,41,41,58,58,69,69,69,69,77,82,82,82,82,82],"gold":35,"neow_bonus":"BOSS_RELIC","is_prod":false,"is_daily":false,"chose_seed":false,"campfire_upgraded":1,"win_rate":0,"timestamp":1542831094,"path_taken":["M","M","?","?","?","E","R","?","T","E","M","$","E","?","R","BOSS","M","M","$","M","M","E","R","M","T","E","?","R","?","M","R","BOSS","M","M","?","M","?","R","E","?","T","M","R","E","$","?","R","BOSS","R","$","E","BOSS"],"build_version":"2018-11-15","purchased_purges":3,"victory":true,"max_hp_per_floor":[75,75,75,75,75,75,75,75,75,75,75,82,82,82,82,82,82,82,82,82,82,82,82,82,82,82,82,82,82,82,82,82,82,82,82,82,82,82,82,82,82,82,82,82,82,82,82,82,82,82,82,82,82,82,82],"card_choices":[{"not_picked":["Steam","Leap"],"picked":"Doom and Gloom","floor":1},{"not_picked":["Aggregate","Storm","Double Energy"],"picked":"SKIP","floor":2},{"not_picked":["Hologram","Turbo"],"picked":"Conserve Battery","floor":6},{"not_picked":["Streamline","Stack"],"picked":"Leap","floor":8},{"not_picked":["Redo","Reboot"],"picked":"Core Surge","floor":10},{"not_picked":["Rebound","Beam Cell","Turbo"],"picked":"SKIP","floor":11},{"not_picked":["Stack","Rebound"],"picked":"Hologram","floor":13},{"not_picked":["Electrodynamics","Creative AI"],"picked":"Buffer","floor":16},{"not_picked":["Steam","Compile Driver"],"picked":"Redo+1","floor":18},{"not_picked":["Cold Snap","Streamline"],"picked":"BootSequence","floor":19},{"not_picked":["Conserve Battery","Skim+1"],"picked":"Coolheaded+1","floor":21},{"not_picked":["Compile Driver","Beam Cell"],"picked":"Rip and Tear+1","floor":22},{"not_picked":["Doom and Gloom","Melter+1"],"picked":"Capacitor","floor":23},{"not_picked":["Compile Driver","Meteor Strike"],"picked":"Cold Snap","floor":25},{"not_picked":["Steam Power","Redo+1"],"picked":"Rainbow","floor":27},{"not_picked":["Hello World","Turbo"],"picked":"Reinforced Body","floor":31},{"not_picked":["Sweeping Beam+1","Genetic Algorithm+1"],"picked":"Undo","floor":32},{"not_picked":["Seek","Creative AI"],"picked":"Biased Cognition","floor":33},{"not_picked":["Storm+1","Sweeping Beam+1"],"picked":"Auto Shields+1","floor":35},{"not_picked":["Hologram+1","Lockon"],"picked":"Go for the Eyes+1","floor":36},{"not_picked":["Recycle+1","Rebound+1"],"picked":"Barrage+1","floor":38},{"not_picked":["Core Surge","Compile Driver+1"],"picked":"Conserve Battery+1","floor":39},{"not_picked":["Leap","Turbo+1"],"picked":"Coolheaded","floor":40},{"not_picked":["Core Surge","Cold Snap","Barrage"],"picked":"SKIP","floor":41},{"not_picked":["Ball Lightning+1","Self Repair+1"],"picked":"Conserve Battery+1","floor":44},{"not_picked":["BootSequence","Sweeping Beam"],"picked":"Stack","floor":46},{"not_picked":["Rip and Tear","Rebound","Leap+1"],"picked":"SKIP","floor":54}],"player_experience":3500149,"relics_obtained":[{"floor":6,"key":"Shovel"},{"floor":9,"key":"The Courier"},{"floor":10,"key":"Bird Faced Urn"},{"floor":13,"key":"DataDisk"},{"floor":23,"key":"Dream Catcher"},{"floor":24,"key":"Bottled Lightning"},{"floor":27,"key":"Whetstone"},{"floor":29,"key":"Art of War"},{"floor":39,"key":"Incense Burner"},{"floor":41,"key":"Regal Pillow"},{"floor":43,"key":"Potion Belt"},{"floor":46,"key":"Bronze Scales"},{"floor":49,"key":"Mercury Hourglass"},{"floor":52,"key":"Letter Opener"},{"floor":54,"key":"Centennial Puzzle"}],"event_choices":[{"damage_healed":0,"gold_gain":175,"player_choice":"AGREE","damage_taken":0,"max_hp_gain":0,"max_hp_loss":0,"event_name":"Liars Game","floor":3,"gold_loss":0,"cards_obtained":["Doubt"]},{"damage_healed":0,"gold_gain":0,"player_choice":"Entered Light","damage_taken":15,"max_hp_gain":0,"max_hp_loss":0,"event_name":"Shining Light","floor":4,"gold_loss":0,"cards_upgraded":["Strike_B","Dualcast"]},{"damage_healed":0,"gold_gain":0,"player_choice":"Success","damage_taken":3,"relics_obtained":["Ancient Tea Set"],"max_hp_gain":0,"max_hp_loss":0,"event_name":"Scrap Ooze","floor":5,"gold_loss":0},{"damage_healed":0,"gold_gain":0,"player_choice":"Take Damage","damage_taken":20,"relics_obtained":["Golden Idol"],"max_hp_gain":0,"max_hp_loss":0,"event_name":"Golden Idol","floor":14,"gold_loss":0},{"damage_healed":0,"gold_gain":0,"player_choice":"Ignored","damage_taken":0,"max_hp_gain":0,"max_hp_loss":0,"event_name":"Vampires","floor":28,"gold_loss":0},{"damage_healed":0,"gold_gain":0,"player_choice":"Simplicity","damage_taken":0,"max_hp_gain":0,"max_hp_loss":0,"event_name":"Back to Basics","floor":30,"gold_loss":0,"cards_upgraded":["Strike_B","Defend_B","Defend_B","Defend_B","Defend_B"]},{"damage_healed":0,"gold_gain":333,"player_choice":"Gave Idol","damage_taken":0,"max_hp_gain":0,"max_hp_loss":0,"event_name":"The Moai Head","floor":37,"relics_lost":["Golden Idol"],"gold_loss":0},{"damage_healed":0,"gold_gain":0,"player_choice":"Fight","damage_taken":0,"max_hp_gain":0,"max_hp_loss":0,"event_name":"Mysterious Sphere","floor":39,"gold_loss":0},{"damage_healed":21,"gold_gain":0,"player_choice":"Writhe","damage_taken":0,"max_hp_gain":0,"max_hp_loss":0,"event_name":"Winding Halls","floor":42,"gold_loss":0,"cards_obtained":["Writhe"]},{"cards_removed":["Reinforced Body"],"damage_healed":0,"gold_gain":0,"player_choice":"Removed Skill","damage_taken":0,"max_hp_gain":0,"max_hp_loss":0,"event_name":"Falling","floor":48,"gold_loss":0}],"is_beta":true,"boss_relics":[{"not_picked":["Black Star","Inserter"],"picked":"Fusion Hammer"},{"not_picked":["Calling Bell","Snecko Eye"],"picked":"Cursed Key"}],"items_purged_floors":[12,47,53],"is_endless":false,"potions_floor_spawned":[2,8,11,16,18,22,25,38,39,44,54],"ascension_level":1}