{"gold_per_floor":[113,38,38,38,55,88,53,53,53,53,53,112,130,147,147,250,250,270,270,185,239,239,239,90,101,101,101,101,126,142,153,153,153],"floor_reached":33,"playtime":1388,"items_purged":["Defend_R"],"score":417,"play_id":"93064e15-c360-4984-929c-67936f2a201b","local_time":"20190209023740","is_ascension_mode":true,"campfire_choices":[{"data":"Hemokinesis","floor":8,"key":"SMITH"},{"data":"Bash","floor":11,"key":"SMITH"},{"floor":15,"key":"REST"},{"data":"Feed","floor":23,"key":"SMITH"},{"data":"Armaments","floor":28,"key":"SMITH"},{"floor":32,"key":"REST"}],"neow_cost":"NONE","seed_source_timestamp":24223740611735,"circlet_count":0,"master_deck":["Strike_R","Strike_R+1","Strike_R","Strike_R","Strike_R","Defend_R","Defend_R","Defend_R+1","Bash+1","Thunderclap","Evolve","Hemokinesis+1","Dual Wield","Wild Strike","Headbutt","Combust","Feed+1","Armaments+1","Ghostly","Ghostly","Ghostly","Ghostly","Ghostly","Power Through","Shockwave","Power Through"],"relics":["Burning Blood","Boot","Incense Burner","Bottled Tornado","Tiny Chest","Lizard Tail","Blood Vial","Oddly Smooth Stone","Orichalcum","Pen Nib","Dead Branch","Bag of Preparation"],"potions_floor_usage":[5,14,16,16,27,30,33],"damage_taken":[{"damage":8,"enemies":"Jaw Worm","floor":1,"turns":4},{"damage":7,"enemies":"2 Louse","floor":5,"turns":2},{"damage":41,"enemies":"Lagavulin","floor":6,"turns":5},{"damage":22,"enemies":"Gremlin Nob","floor":12,"turns":4},{"damage":1,"enemies":"Cultist","floor":13,"turns":3},{"damage":16,"enemies":"3 Louse","floor":14,"turns":2},{"damage":7,"enemies":"Slime Boss","floor":16,"turns":5},{"damage":60,"enemies":"2 Thieves","floor":18,"turns":4},{"damage":5,"enemies":"Chosen","floor":25,"turns":5},{"damage":0,"enemies":"Slavers","floor":27,"turns":1},{"damage":27,"enemies":"Book of Stabbing","floor":29,"turns":7},{"damage":9,"enemies":"Sentry and Sphere","floor":30,"turns":5},{"damage":18,"enemies":"Centurion and Healer","floor":31,"turns":7},{"damage":76,"enemies":"Champ","floor":33,"turns":16}],"seed_played":"-8717396223399868676","potions_obtained":[{"floor":1,"key":"Fruit Juice"},{"floor":12,"key":"EntropicBrew"},{"floor":16,"key":"SmokeBomb"},{"floor":18,"key":"Energy Potion"},{"floor":31,"key":"Dexterity Potion"}],"is_trial":false,"path_per_floor":["M","$","?","?","M","E","?","R","T","$","R","E","M","M","R","B",null,"M","?","?","T","T","R","$","M","T","E","R","E","M","M","R","B"],"character_chosen":"IRONCLAD","items_purchased":["Pen Nib"],"campfire_rested":2,"item_purchase_floors":[24],"current_hp_per_floor":[78,78,66,50,54,19,40,40,40,40,40,24,29,19,44,57,85,34,34,34,34,34,34,34,41,41,48,48,27,30,20,35,0],"gold":153,"neow_bonus":"THREE_CARDS","is_prod":false,"is_daily":false,"chose_seed":false,"campfire_upgraded":4,"win_rate":0,"timestamp":1549708660,"path_taken":["M","$","?","?","M","E","?","R","T","?","R","E","?","M","R","BOSS","M","?","?","?","?","R","$","M","T","E","R","E","?","M","R","BOSS"],"build_version":"2019-01-23","purchased_purges":1,"victory":false,"max_hp_per_floor":[80,80,80,80,85,85,85,85,85,85,85,85,85,85,85,85,85,88,44,44,44,44,44,44,48,48,48,48,48,52,52,52,52],"card_choices":[{"not_picked":["Headbutt","Clash"],"picked":"Thunderclap","floor":0},{"not_picked":["Carnage","Cleave"],"picked":"Evolve","floor":1},{"not_picked":["Clash","Infernal Blade"],"picked":"Hemokinesis","floor":5},{"not_picked":["Body Slam","Cleave"],"picked":"Dual Wield","floor":6},{"not_picked":["Dark Embrace","Fire Breathing"],"picked":"Wild Strike","floor":12},{"not_picked":["Perfected Strike","Flex"],"picked":"Headbutt","floor":13},{"not_picked":["Shrug It Off","Twin Strike"],"picked":"Combust","floor":14},{"not_picked":["Exhume","Offering"],"picked":"Feed","floor":16},{"not_picked":["Clothesline","Spot Weakness+1"],"picked":"Armaments","floor":18},{"not_picked":["Cleave","Anger","Twin Strike"],"picked":"SKIP","floor":25},{"not_picked":["Twin Strike","Shrug It Off"],"picked":"Power Through","floor":29},{"not_picked":["Headbutt","Corruption+1"],"picked":"Shockwave","floor":30},{"not_picked":["Twin Strike","Evolve"],"picked":"Power Through","floor":31}],"player_experience":145554,"relics_obtained":[{"floor":6,"key":"Incense Burner"},{"floor":9,"key":"Bottled Tornado"},{"floor":12,"key":"Tiny Chest"},{"floor":21,"key":"Oddly Smooth Stone"},{"floor":22,"key":"Orichalcum"},{"floor":26,"key":"Dead Branch"},{"floor":29,"key":"Bag of Preparation"}],"event_choices":[{"damage_healed":0,"gold_gain":0,"player_choice":"Success","damage_taken":12,"relics_obtained":["Boot"],"max_hp_gain":0,"max_hp_loss":0,"event_name":"Scrap Ooze","floor":3,"gold_loss":0},{"damage_healed":0,"gold_gain":0,"player_choice":"Entered Light","damage_taken":16,"max_hp_gain":0,"max_hp_loss":0,"event_name":"Shining Light","floor":4,"gold_loss":0,"cards_upgraded":["Defend_R","Strike_R"]},{"damage_healed":21,"gold_gain":0,"player_choice":"Healed","damage_taken":0,"max_hp_gain":0,"max_hp_loss":0,"event_name":"The Cleric","floor":7,"gold_loss":35},{"damage_healed":0,"gold_gain":0,"player_choice":"Became a Ghost","damage_taken":0,"max_hp_gain":0,"max_hp_loss":44,"event_name":"Ghosts","floor":19,"gold_loss":0,"cards_obtained":["Ghostly","Ghostly","Ghostly","Ghostly","Ghostly"]},{"damage_healed":0,"gold_gain":0,"player_choice":"Obtained Relic","damage_taken":0,"relics_obtained":["Blood Vial"],"max_hp_gain":0,"max_hp_loss":0,"event_name":"Addict","floor":20,"gold_loss":85}],"is_beta":false,"boss_relics":[{"not_picked":["Busted Crown","Empty Cage"],"picked":"Lizard Tail"}],"items_purged_floors":[2],"is_endless":false,"potions_floor_spawned":[1,12,16,18,27,31],"killed_by":"Champ","ascension_level":3}