{"gold_per_floor":[116,132,132,97,110,144,144,164,164,190,200,233,244,254,254,329,329,349,349,369,369,380,380,81,115,115,115],"floor_reached":27,"playtime":773,"items_purged":["Defend_B"],"score":546,"play_id":"7515ab42-7d21-46e5-ab51-176bdca2ae97","local_time":"20190116131919","is_ascension_mode":true,"campfire_choices":[{"floor":7.0,"key":"REST"},{"data":"Buffer","floor":15.0,"key":"SMITH"},{"floor":23.0,"key":"REST"}],"neow_cost":"PERCENT_DAMAGE","seed_source_timestamp":0,"circlet_count":0,"master_deck":["AscendersBane","Strike_B+1","Strike_B","Strike_B","Strike_B","Defend_B","Defend_B","Defend_B","Zap","Dualcast","Sadistic Nature","Mind Blast+1","Beam Cell+1","Steam","Auto Shields","Beam Cell","Core Surge","Steam","Conserve Battery","Conserve Battery","Buffer+1","Biased Cognition","Tempest+1","White Noise+1","Aggregate","Core Surge"],"special_seed":0,"relics":["Cracked Core","Whetstone","Ancient Tea Set","Kunai","PreservedInsect","Sozu","HandDrill","Bronze Scales","Letter Opener"],"potions_floor_usage":[],"damage_taken":[{"damage":1.0,"enemies":"Cultist","floor":1.0,"turns":3.0},{"damage":1.0,"enemies":"2 Louse","floor":2.0,"turns":3.0},{"damage":7.0,"enemies":"Jaw Worm","floor":5.0,"turns":4.0},{"damage":47.0,"enemies":"Gremlin Nob","floor":6.0,"turns":5.0},{"damage":3.0,"enemies":"Red Slaver","floor":8.0,"turns":4.0},{"damage":10.0,"enemies":"Lagavulin","floor":10.0,"turns":6.0},{"damage":3.0,"enemies":"3 Louse","floor":11.0,"turns":3.0},{"damage":0.0,"enemies":"Gremlin Nob","floor":12.0,"turns":3.0},{"damage":0.0,"enemies":"Exordium Wildlife","floor":13.0,"turns":4.0},{"damage":3.0,"enemies":"Looter","floor":14.0,"turns":2.0},{"damage":3.0,"enemies":"Slime Boss","floor":16.0,"turns":9.0},{"damage":16.0,"enemies":"2 Thieves","floor":18.0,"turns":4.0},{"damage":0.0,"enemies":"Spheric Guardian","floor":20.0,"turns":5.0},{"damage":13.0,"enemies":"Centurion and Healer","floor":22.0,"turns":5.0},{"damage":22.0,"enemies":"Slavers","floor":25.0,"turns":4.0},{"damage":6,"enemies":"Chosen and Byrds","floor":27,"turns":2}],"seed_played":"8463996515511032933","potions_obtained":[{"floor":2.0,"key":"Dexterity Potion"},{"floor":6.0,"key":"PowerPotion"},{"floor":8.0,"key":"AttackPotion"},{"floor":13.0,"key":"Weak Potion"},{"floor":14.0,"key":"SkillPotion"},{"floor":16.0,"key":"Strength Potion"}],"is_trial":false,"path_per_floor":["M","M","?","?","M","E","R","M","T","E","M","E","M","M","R","B",null,"M","?","M","?","M","R","$","E","T","M"],"character_chosen":"DEFECT","items_purchased":["HandDrill"],"campfire_rested":2,"item_purchase_floors":[24],"current_hp_per_floor":[45,44,44,61,54,7,28,25,25,15,12,12,12,9,9,6,55,39,19,19,19,6,28,28,6,6,0],"gold":115,"neow_bonus":"RANDOM_COLORLESS_2","is_prod":false,"is_daily":false,"chose_seed":false,"campfire_upgraded":1,"win_rate":0,"timestamp":1547612359,"path_taken":["M","?","?","?","M","E","R","M","T","E","?","E","M","M","R","BOSS","M","?","M","?","M","R","?","E","T","M"],"build_version":"2019-01-10","purchased_purges":1,"victory":false,"max_hp_per_floor":[71,71,71,71,71,71,71,71,71,71,71,71,71,71,71,71,71,71,76,76,76,76,76,76,76,76,76],"card_choices":[{"not_picked":["Sweeping Beam","Hello World"],"picked":"Beam Cell","floor":1.0},{"not_picked":["Stack","Beam Cell"],"picked":"Steam","floor":2.0},{"not_picked":["Streamline","Sweeping Beam"],"picked":"Auto Shields","floor":5.0},{"not_picked":["Redo","Sweeping Beam"],"picked":"Beam Cell","floor":6.0},{"not_picked":["Consume","Leap"],"picked":"Core Surge","floor":8.0},{"not_picked":["Recycle","Steam Power","Streamline"],"picked":"SKIP","floor":10.0},{"not_picked":["Sweeping Beam","Coolheaded"],"picked":"Steam","floor":11.0},{"not_picked":["Consume","Barrage"],"picked":"Conserve Battery","floor":12.0},{"not_picked":["Leap","Reinforced Body"],"picked":"Conserve Battery","floor":13.0},{"not_picked":["Doom and Gloom","Ball Lightning"],"picked":"Buffer","floor":14.0},{"not_picked":["Meteor Strike","Thunder Strike"],"picked":"Biased Cognition","floor":16.0},{"not_picked":["Rebound","Cold Snap"],"picked":"Tempest+1","floor":18.0},{"not_picked":["Hologram","Rebound"],"picked":"White Noise+1","floor":20.0},{"not_picked":["Reinforced Body","Coolheaded"],"picked":"Aggregate","floor":22.0},{"not_picked":["Sweeping Beam","Barrage"],"picked":"Core Surge","floor":25.0}],"player_experience":1037400,"relics_obtained":[{"floor":6.0,"key":"Whetstone"},{"floor":9.0,"key":"Ancient Tea Set"},{"floor":10.0,"key":"Kunai"},{"floor":12.0,"key":"PreservedInsect"},{"floor":25.0,"key":"Bronze Scales"},{"floor":26.0,"key":"Letter Opener"}],"event_choices":[{"damage_healed":0.0,"max_hp_gain":0.0,"max_hp_loss":0.0,"gold_gain":0.0,"event_name":"Living Wall","player_choice":"Grow","floor":3.0,"gold_loss":0.0,"damage_taken":0.0,"cards_upgraded":["Mind Blast"]},{"damage_healed":17.0,"max_hp_gain":0.0,"max_hp_loss":0.0,"gold_gain":0.0,"event_name":"The Cleric","player_choice":"Healed","floor":4.0,"gold_loss":35.0,"damage_taken":0.0},{"damage_healed":0.0,"max_hp_gain":5.0,"max_hp_loss":0.0,"gold_gain":0.0,"event_name":"Forgotten Altar","player_choice":"Shed Blood","floor":19.0,"gold_loss":0.0,"damage_taken":25.0},{"damage_healed":0.0,"max_hp_gain":0.0,"max_hp_loss":0.0,"gold_gain":0.0,"event_name":"Vampires","player_choice":"Ignored","floor":21.0,"gold_loss":0.0,"damage_taken":0.0}],"is_beta":false,"boss_relics":[{"not_picked":["Black Star","Snecko Eye"],"picked":"Sozu"}],"items_purged_floors":[24],"is_endless":false,"potions_floor_spawned":[2,6,8,13,14,16,20],"killed_by":"Chosen and Byrds","ascension_level":19}