{"gold_per_floor":[12,26,36,48,48,77,77,94,118,147,61,78,78,111,111,214,214,227,25,25,45,71,71,71,85,131,150,161,180,215,234,234,337,337,348,1,1,19,31,31,65,165,191,6,23,48,67,80,80,80],"floor_reached":51,"playtime":3256,"items_purged":["Strike_B","Defend_B"],"score":820,"play_id":"c2ccfeae-5412-4d7a-8751-3a2bd2f9c16e","local_time":"20190210142153","is_ascension_mode":false,"campfire_choices":[{"data":"Zap","floor":7,"key":"SMITH"},{"data":"Double Energy","floor":13,"key":"SMITH"},{"data":"Defragment","floor":15,"key":"SMITH"},{"data":"Electrodynamics","floor":23,"key":"SMITH"},{"data":"Defragment","floor":32,"key":"SMITH"},{"floor":40,"key":"REST"},{"data":"Parasite","floor":49,"key":"PURGE"}],"neow_cost":"NO_GOLD","seed_source_timestamp":588370536001895,"circlet_count":0,"master_deck":["Defend_B","Defend_B+1","Defend_B","Zap+1","Dualcast","Ball Lightning","Leap","Go for the Eyes","FTL","Cold Snap","Double Energy+1","Recycle+1","Leap","Loop","Defragment+1","Electrodynamics+1","Hologram","Steam","Consume+1","Glacier","Defragment+1","Double Energy","Double Energy","Machine Learning","FTL+1","Echo Form","Apotheosis"],"relics":["Cracked Core","Unceasing Top","Question Card","MawBank","Vajra","Empty Cage","DataDisk","Regal Pillow","Anchor","War Paint","Inserter","Sundial","CultistMask","Dead Branch","Peace Pipe","Blood Vial","Pear"],"potions_floor_usage":[4,6,6,6,6,6,8,16,28,45,50,50,50],"damage_taken":[{"damage":0,"enemies":"Small Slimes","floor":1,"turns":3},{"damage":1,"enemies":"Cultist","floor":2,"turns":3},{"damage":0,"enemies":"2 Louse","floor":3,"turns":2},{"damage":12,"enemies":"Exordium Thugs","floor":4,"turns":4},{"damage":4,"enemies":"Lagavulin","floor":6,"turns":5},{"damage":3,"enemies":"Gremlin Gang","floor":8,"turns":4},{"damage":2,"enemies":"3 Louse","floor":10,"turns":3},{"damage":0,"enemies":"Exordium Wildlife","floor":12,"turns":3},{"damage":4,"enemies":"3 Sentries","floor":14,"turns":6},{"damage":8,"enemies":"Slime Boss","floor":16,"turns":7},{"damage":1,"enemies":"Chosen","floor":18,"turns":4},{"damage":12,"enemies":"2 Thieves","floor":21,"turns":3},{"damage":12,"enemies":"Snecko","floor":25,"turns":5},{"damage":0,"enemies":"Centurion and Healer","floor":27,"turns":2},{"damage":1,"enemies":"Snake Plant","floor":28,"turns":4},{"damage":6,"enemies":"Snecko","floor":29,"turns":4},{"damage":0,"enemies":"Book of Stabbing","floor":30,"turns":7},{"damage":0,"enemies":"3 Cultists","floor":31,"turns":2},{"damage":32,"enemies":"Champ","floor":33,"turns":12},{"damage":0,"enemies":"3 Shapes","floor":35,"turns":3},{"damage":0,"enemies":"Orb Walker","floor":38,"turns":3},{"damage":29,"enemies":"Writhing Mass","floor":39,"turns":4},{"damage":0,"enemies":"Giant Head","floor":41,"turns":9},{"damage":1,"enemies":"Mind Bloom Boss Battle","floor":42,"turns":7},{"damage":10,"enemies":"3 Darklings","floor":45,"turns":6},{"damage":0,"enemies":"Reptomancer","floor":46,"turns":4},{"damage":0,"enemies":"Spire Growth","floor":47,"turns":6},{"damage":11,"enemies":"Jaw Worm Horde","floor":48,"turns":4},{"damage":52,"enemies":"Time Eater","floor":50,"turns":9}],"seed_played":"-937281892788914169","potions_obtained":[{"floor":2,"key":"PowerPotion"},{"floor":5,"key":"EntropicBrew"},{"floor":5,"key":"SteroidPotion"},{"floor":5,"key":"EssenceOfSteel"},{"floor":8,"key":"LiquidBronze"},{"floor":12,"key":"Fire Potion"},{"floor":16,"key":"LiquidBronze"},{"floor":21,"key":"SteroidPotion"},{"floor":27,"key":"Regen Potion"},{"floor":41,"key":"Block Potion"},{"floor":46,"key":"Regen Potion"}],"is_trial":false,"path_per_floor":["M","M","M","M","?","E","R","M","T","M","$","M","R","E","R","B",null,"M","$","?","M","T","R","?","M","T","M","M","M","E","M","R","B",null,"M","$","?","M","M","R","E","?","T","$","M","E","M","M","R","B",null],"character_chosen":"DEFECT","items_purchased":["Leap","DataDisk","Steam","Sundial","Apotheosis"],"campfire_rested":1,"item_purchase_floors":[11,19,19,36,44],"current_hp_per_floor":[75,74,74,62,62,58,58,55,55,53,53,53,53,49,49,41,75,74,74,74,62,62,62,62,50,50,50,58,52,52,52,52,20,75,75,75,75,75,46,75,75,74,74,74,65,77,79,70,70,35],"gold":80,"neow_bonus":"ONE_RARE_RELIC","is_prod":false,"is_daily":false,"chose_seed":false,"campfire_upgraded":5,"win_rate":0,"timestamp":1549804913,"path_taken":["M","M","M","M","?","E","R","M","T","M","$","M","R","E","R","BOSS","M","$","?","?","?","R","?","M","T","M","M","M","E","M","R","BOSS","M","$","?","M","?","R","E","?","T","?","M","E","M","M","R","BOSS"],"build_version":"2019-01-23","purchased_purges":2,"victory":true,"max_hp_per_floor":[75,75,75,75,75,75,75,75,75,75,75,75,75,75,75,75,75,75,75,75,75,75,75,75,75,75,75,75,75,75,75,75,75,75,75,75,75,75,75,75,75,75,75,75,75,85,85,85,82,82],"card_choices":[{"not_picked":["Go for the Eyes","Compile Driver"],"picked":"Ball Lightning","floor":1},{"not_picked":["Beam Cell","Turbo"],"picked":"Leap","floor":2},{"not_picked":["Redo","Rebound"],"picked":"Go for the Eyes","floor":3},{"not_picked":["Reinforced Body","Darkness"],"picked":"FTL","floor":4},{"not_picked":["Steam","Redo"],"picked":"Cold Snap","floor":6},{"not_picked":["Gash","Core Surge","Cold Snap"],"picked":"Double Energy","floor":8},{"not_picked":["Compile Driver","Blizzard","Storm"],"picked":"Recycle","floor":10},{"not_picked":["Conserve Battery","Reinforced Body","Barrage"],"picked":"Loop","floor":12},{"not_picked":["White Noise","Consume","Go for the Eyes"],"picked":"Defragment","floor":14},{"not_picked":["Meteor Strike","Seek","Multi-Cast"],"picked":"Electrodynamics","floor":16},{"not_picked":["Aggregate","Stack","Chill"],"picked":"Hologram","floor":18},{"not_picked":["Ball Lightning","Reinforced Body","Turbo+1"],"picked":"Consume+1","floor":21},{"not_picked":["Barrage","Melter","Streamline+1"],"picked":"Glacier","floor":25},{"not_picked":["Steam","Redo","Leap"],"picked":"Defragment","floor":27},{"not_picked":["Streamline","Redo","Conserve Battery"],"picked":"Double Energy","floor":28},{"not_picked":["Lockon","Steam","Gash+1","Rip and Tear"],"picked":"SKIP","floor":29},{"not_picked":["Core Surge","Darkness+1","Cold Snap","Ball Lightning"],"picked":"SKIP","floor":30},{"not_picked":["Compile Driver+1","Barrage","Melter"],"picked":"Double Energy","floor":31},{"not_picked":["Seek","Hyperbeam","All For One"],"picked":"Machine Learning","floor":33},{"not_picked":["Force Field+1","Steam+1","Gash"],"picked":"FTL+1","floor":35},{"not_picked":["Redo+1","Chaos+1","Rebound+1","Turbo+1"],"picked":"SKIP","floor":38},{"not_picked":["Sweeping Beam","Conserve Battery","Streamline+1","Coolheaded+1"],"picked":"SKIP","floor":39},{"not_picked":["Hyperbeam","Sweeping Beam","Stack+1","Conserve Battery"],"picked":"SKIP","floor":41},{"not_picked":["Coolheaded","Compile Driver+1","Streamline+1"],"picked":"Echo Form","floor":42},{"not_picked":["Sweeping Beam+1","Conserve Battery","Beam Cell+1","Hello World"],"picked":"SKIP","floor":45},{"not_picked":["Leap","Multi-Cast","Steam","Hologram"],"picked":"SKIP","floor":46},{"not_picked":["Chaos","Rebound+1","Sunder+1","Darkness+1"],"picked":"SKIP","floor":47},{"not_picked":["Leap+1","Loop","Redo+1","Barrage+1"],"picked":"SKIP","floor":48}],"player_experience":107406,"relics_obtained":[{"floor":6,"key":"Question Card"},{"floor":9,"key":"MawBank"},{"floor":14,"key":"Vajra"},{"floor":22,"key":"Regal Pillow"},{"floor":26,"key":"Anchor"},{"floor":30,"key":"War Paint"},{"floor":41,"key":"Dead Branch"},{"floor":42,"key":"Peace Pipe"},{"floor":43,"key":"Blood Vial"},{"floor":46,"key":"Pear"}],"event_choices":[{"damage_healed":0,"gold_gain":0,"player_choice":"Got Potions","damage_taken":0,"max_hp_gain":0,"max_hp_loss":0,"event_name":"Lab","floor":5,"gold_loss":0},{"cards_removed":["Strike_B"],"damage_healed":0,"gold_gain":0,"player_choice":"Offered Basic","damage_taken":0,"max_hp_gain":0,"max_hp_loss":0,"event_name":"Bonfire Elementals","floor":20,"gold_loss":0},{"damage_healed":0,"gold_gain":0,"player_choice":"Ignored","damage_taken":0,"max_hp_gain":0,"max_hp_loss":0,"event_name":"Vampires","floor":24,"gold_loss":0},{"damage_healed":0,"gold_gain":0,"player_choice":"Trade","damage_taken":0,"relics_obtained":["CultistMask"],"max_hp_gain":0,"max_hp_loss":0,"event_name":"FaceTrader","floor":37,"gold_loss":0},{"damage_healed":0,"gold_gain":0,"player_choice":"Fight","damage_taken":0,"max_hp_gain":0,"max_hp_loss":0,"event_name":"MindBloom","floor":42,"gold_loss":0}],"is_beta":false,"boss_relics":[{"not_picked":["Velvet Choker","Runic Pyramid"],"picked":"Empty Cage"},{"not_picked":["Philosopher\u0027s Stone","White Beast Statue"],"picked":"Inserter"}],"items_purged_floors":[11,36],"is_endless":false,"potions_floor_spawned":[2,8,12,16,21,25,27,41,46],"ascension_level":0}