{"gold_per_floor":[115,115,140,140,155,188,206,206,206,206,206,239,45,45,45,166,166],"floor_reached":17,"playtime":583,"items_purged":[],"score":179,"play_id":"e4172e06-e1c6-4949-8e02-d89651999b44","local_time":"20190215154826","is_ascension_mode":true,"campfire_choices":[{"floor":8,"key":"REST"},{"data":"Neutralize","floor":10,"key":"SMITH"},{"floor":15,"key":"REST"}],"neow_cost":"NONE","seed_source_timestamp":21370666921889,"circlet_count":0,"master_deck":["Survivor","Neutralize+1","Backstab","Caltrops","Flying Knee","Cloak And Dagger","Footwork","Well Laid Plans","Apotheosis+1","Endless Agony","A Thousand Cuts","Escape Plan+1","After Image","Choke","Predator","Outmaneuver+1","Catalyst+1","Finisher","Dagger Spray"],"relics":["Ring of the Snake","NeowsBlessing","Golden Idol","Oddly Smooth Stone","Pen Nib","Toxic Egg 2","Pandora\u0027s Box"],"potions_floor_usage":[],"damage_taken":[{"damage":0,"enemies":"2 Louse","floor":1,"turns":1},{"damage":0,"enemies":"Small Slimes","floor":3,"turns":1},{"damage":0,"enemies":"Cultist","floor":5,"turns":1},{"damage":26,"enemies":"3 Sentries","floor":6,"turns":13},{"damage":0,"enemies":"Large Slime","floor":7,"turns":5},{"damage":13,"enemies":"Gremlin Nob","floor":12,"turns":5},{"damage":16,"enemies":"Hexaghost","floor":16,"turns":11}],"seed_played":"-8829905300147429091","potions_obtained":[{"floor":5,"key":"GhostInAJar"},{"floor":7,"key":"Dexterity Potion"},{"floor":12,"key":"FearPotion"}],"is_trial":false,"path_per_floor":["M","?","M","?","M","E","M","R","T","R","?","E","$","?","R","B",null],"character_chosen":"THE_SILENT","items_purchased":["Apotheosis+1"],"campfire_rested":2,"item_purchase_floors":[13],"current_hp_per_floor":[70,53,53,46,46,20,20,41,41,41,41,28,28,28,49,33,70],"gold":166,"neow_bonus":"THREE_ENEMY_KILL","is_prod":false,"is_daily":false,"chose_seed":false,"campfire_upgraded":1,"win_rate":0,"timestamp":1550242106,"path_taken":["M","?","M","?","M","E","M","R","T","R","?","E","$","?","R","BOSS"],"build_version":"2019-01-23","purchased_purges":0,"victory":false,"max_hp_per_floor":[70,70,70,70,70,70,70,70,70,70,70,70,70,70,70,70,70],"card_choices":[{"not_picked":["Outmaneuver","Bouncing Flask"],"picked":"Backstab","floor":1},{"not_picked":["PiercingWail","Underhanded Strike"],"picked":"Caltrops","floor":3},{"not_picked":["Poisoned Stab","Deadly Poison"],"picked":"Flying Knee","floor":5},{"not_picked":["Acrobatics","Burst"],"picked":"Cloak And Dagger","floor":6},{"not_picked":["Finisher","Choke"],"picked":"Footwork","floor":7},{"not_picked":["Leg Sweep","Backstab"],"picked":"Well Laid Plans","floor":12},{"not_picked":["Unload","Adrenaline+1"],"picked":"A Thousand Cuts","floor":16}],"player_experience":183216,"relics_obtained":[{"floor":6,"key":"Oddly Smooth Stone"},{"floor":9,"key":"Pen Nib"},{"floor":12,"key":"Toxic Egg 2"}],"event_choices":[{"damage_healed":0,"gold_gain":0,"player_choice":"Take Damage","damage_taken":17,"relics_obtained":["Golden Idol"],"max_hp_gain":0,"max_hp_loss":0,"event_name":"Golden Idol","floor":2,"gold_loss":0},{"cards_removed":["Strike_G"],"damage_healed":0,"gold_gain":0,"player_choice":"Card Removal","damage_taken":7,"max_hp_gain":0,"max_hp_loss":0,"event_name":"Golden Wing","floor":4,"gold_loss":0},{"damage_healed":0,"gold_gain":0,"player_choice":"Ignored","damage_taken":0,"max_hp_gain":0,"max_hp_loss":0,"event_name":"Shining Light","floor":11,"gold_loss":0},{"damage_healed":0,"gold_gain":0,"cards_transformed":["Strike_G"],"player_choice":"Transformed","damage_taken":0,"max_hp_gain":0,"max_hp_loss":0,"event_name":"Transmorgrifier","floor":14,"gold_loss":0,"cards_obtained":["Endless Agony"]}],"is_beta":false,"boss_relics":[{"not_picked":["Calling Bell","Black Star"],"picked":"Pandora\u0027s Box"}],"items_purged_floors":[],"is_endless":false,"potions_floor_spawned":[5,7,12],"ascension_level":2}