{"gold_per_floor":[111,125,144,144,157,192,45,45,45,59,77,103,103,134,134,229,229,246,246,246,246,16,16,45,59,59,59,59,94,14,14,14,115,115,130,1129,1129,1089,261,272,272,302,302,302,302,302,345,376,388,400,412,424,21,56,56],"floor_reached":56,"playtime":4660,"items_purged":["Writhe","Normality","Normality"],"score":1594,"play_id":"f5b5869e-cdd4-4d1b-a726-4c614ae8a2ec","local_time":"20190128185848","is_ascension_mode":true,"campfire_choices":[{"data":"Bouncing Flask","floor":8,"key":"SMITH"},{"floor":15,"key":"REST"},{"data":"Bullet Time","floor":23,"key":"SMITH"},{"data":"Setup","floor":27,"key":"SMITH"},{"data":"Deadly Poison","floor":32,"key":"SMITH"},{"floor":41,"key":"RECALL"},{"data":"Footwork","floor":44,"key":"SMITH"},{"data":"Doppelganger","floor":49,"key":"SMITH"},{"data":"Adrenaline","floor":52,"key":"SMITH"}],"neow_cost":"NONE","seed_source_timestamp":3738646510305313,"circlet_count":0,"master_deck":["Defend_G+1","Defend_G+1","Defend_G+1","Defend_G+1","Defend_G+1","Survivor","Neutralize+1","Well Laid Plans+1","Deadly Poison+1","Bouncing Flask+1","Poisoned Stab","Leg Sweep+1","Deadly Poison","Leg Sweep","Heel Hook","Calculated Gamble+1","Bullet Time+1","Finisher+1","Deflect+1","Dagger Spray+1","Backflip+1","Finisher","Setup+1","Heel Hook","Backflip","All Out Attack+1","Adrenaline+1","PiercingWail+1","Footwork+1","Bullet Time+1","Acrobatics","Backflip","Deflect+1","Doppelganger+1","Blur","Deadly Poison"],"relics":["Ring of the Serpent","Orichalcum","Art of War","Snake Skull","Question Card","Juzu Bracelet","Astrolabe","Incense Burner","Bag of Preparation","Ice Cream","Vajra","Gremlin Horn","DollysMirror","War Paint","Blood Vial","Darkstone Periapt","Calipers","MawBank","Bronze Scales","Bottled Tornado","Anchor"],"potions_floor_usage":[6,12,16,50,55,55,55],"damage_taken":[{"damage":0,"enemies":"Cultist","floor":1,"turns":4},{"damage":0,"enemies":"2 Louse","floor":2,"turns":3},{"damage":0,"enemies":"Jaw Worm","floor":3,"turns":4},{"damage":3,"enemies":"Red Slaver","floor":5,"turns":4},{"damage":21,"enemies":"Gremlin Nob","floor":6,"turns":4},{"damage":0,"enemies":"Large Slime","floor":10,"turns":5},{"damage":0,"enemies":"Blue Slaver","floor":11,"turns":2},{"damage":5,"enemies":"3 Sentries","floor":12,"turns":7},{"damage":14,"enemies":"Gremlin Nob","floor":14,"turns":5},{"damage":11,"enemies":"Slime Boss","floor":16,"turns":13},{"damage":0,"enemies":"Spheric Guardian","floor":18,"turns":3},{"damage":9,"enemies":"Book of Stabbing","floor":24,"turns":5},{"damage":0,"enemies":"2 Thieves","floor":25,"turns":3},{"damage":0,"enemies":"Gremlin Leader","floor":29,"turns":5},{"damage":0,"enemies":"Automaton","floor":33,"turns":9},{"damage":0,"enemies":"Orb Walker","floor":35,"turns":3},{"damage":0,"enemies":"3 Shapes","floor":40,"turns":2},{"damage":0,"enemies":"Reptomancer","floor":42,"turns":5},{"damage":0,"enemies":"Nemesis","floor":47,"turns":7},{"damage":0,"enemies":"Sphere and 2 Shapes","floor":48,"turns":5},{"damage":0,"enemies":"Donu and Deca","floor":50,"turns":12},{"damage":0,"enemies":"Shield and Spear","floor":54,"turns":9},{"damage":0,"enemies":"The Heart","floor":55,"turns":10}],"seed_played":"6764483210985142796","potions_obtained":[{"floor":1,"key":"FearPotion"},{"floor":6,"key":"SmokeBomb"},{"floor":10,"key":"Block Potion"},{"floor":11,"key":"EssenceOfSteel"},{"floor":24,"key":"Dexterity Potion"},{"floor":33,"key":"GamblersBrew"},{"floor":38,"key":"SteroidPotion"},{"floor":48,"key":"GhostInAJar"},{"floor":54,"key":"EssenceOfSteel"}],"is_trial":false,"path_per_floor":["M","M","M","?","M","E","$","R","T","M","M","E","?","E","R","B",null,"M","?","?","?","$","R","E","M","T","R","?","E","$","?","R","B",null,"M","?","?","?","$","M","R","E","T","R","?","T","E","M","R","B",null,"R","$","E","B",null],"character_chosen":"THE_SILENT","items_purchased":["Snake Skull","Bag of Preparation","Predator","Footwork","DollysMirror","War Paint","Blood Vial","Acrobatics","LiquidBronze","Dexterity Potion","Bottled Tornado","Deadly Poison"],"campfire_rested":1,"item_purchase_floors":[7,22,30,39,39,39,39,39,39,39,53,53],"current_hp_per_floor":[70,70,70,70,67,46,46,46,46,46,46,41,41,27,48,37,70,70,70,70,70,70,70,61,61,61,61,61,61,61,61,61,61,70,70,70,70,70,70,70,70,70,70,70,70,70,70,70,70,70,70,70,70,70,70],"gold":56,"neow_bonus":"RANDOM_COMMON_RELIC","is_prod":false,"is_daily":false,"chose_seed":false,"campfire_upgraded":7,"win_rate":0,"timestamp":1548719928,"path_taken":["M","M","?","?","?","E","$","R","T","M","M","E","?","E","R","BOSS","M","?","?","?","$","R","E","M","T","R","?","E","$","?","R","BOSS","M","?","?","?","$","M","R","E","T","R","?","?","E","M","R","BOSS","R","$","E","BOSS"],"build_version":"2019-01-23","purchased_purges":3,"victory":true,"max_hp_per_floor":[70,70,70,70,70,70,70,70,70,70,70,70,70,70,70,70,70,70,70,70,70,70,70,70,70,70,70,70,70,70,70,70,70,70,70,70,70,70,70,70,70,70,70,70,70,70,70,70,70,70,70,70,70,70,70],"card_choices":[{"not_picked":["Blade Dance","Bane"],"picked":"Well Laid Plans","floor":1},{"not_picked":["Quick Slash","Crippling Poison"],"picked":"Deadly Poison","floor":2},{"not_picked":["Choke","Accuracy"],"picked":"Backflip","floor":3},{"not_picked":["Choke","Outmaneuver"],"picked":"Poisoned Stab","floor":5},{"not_picked":["Dagger Throw","Skewer"],"picked":"Leg Sweep","floor":6},{"not_picked":["Tactician","Cloak And Dagger"],"picked":"Deadly Poison","floor":10},{"not_picked":["Cloak And Dagger","Dodge and Roll"],"picked":"Leg Sweep","floor":11},{"not_picked":["Poisoned Stab","Acrobatics"],"picked":"Heel Hook","floor":12},{"not_picked":["Caltrops","Endless Agony","Riddle With Holes"],"picked":"Calculated Gamble","floor":14},{"not_picked":["After Image","Storm of Steel","Glass Knife"],"picked":"Bullet Time","floor":16},{"not_picked":["Deadly Poison","Poisoned Stab","Underhanded Strike"],"picked":"Backflip+1","floor":18},{"not_picked":["Underhanded Strike+1","Dagger Throw","Prepared"],"picked":"Heel Hook","floor":24},{"not_picked":["Skewer","Flying Knee+1","Deadly Poison"],"picked":"Backflip","floor":25},{"not_picked":["Quick Slash","Underhanded Strike","Riddle With Holes"],"picked":"All Out Attack+1","floor":29},{"not_picked":["Storm of Steel","Die Die Die","Wraith Form v2"],"picked":"Adrenaline","floor":33},{"not_picked":["Leg Sweep+1","Dagger Spray","Deflect"],"picked":"PiercingWail+1","floor":35},{"not_picked":["Deadly Poison","Underhanded Strike+1","Quick Slash+1"],"picked":"Backflip","floor":40},{"not_picked":["Underhanded Strike","Sucker Punch+1","Backstab+1"],"picked":"Deflect+1","floor":42},{"not_picked":["Dagger Spray+1","Reflex","Dash+1"],"picked":"Doppelganger","floor":47},{"not_picked":["Sucker Punch","Setup+1","Terror+1"],"picked":"Blur","floor":48},{"not_picked":["Expertise+1","Blade Dance","Underhanded Strike","Slice"],"picked":"SKIP","floor":54}],"player_experience":4244572,"relics_obtained":[{"floor":6,"key":"Art of War"},{"floor":12,"key":"Question Card"},{"floor":14,"key":"Juzu Bracelet"},{"floor":24,"key":"Ice Cream"},{"floor":26,"key":"Vajra"},{"floor":29,"key":"Gremlin Horn"},{"floor":42,"key":"Darkstone Periapt"},{"floor":43,"key":"Calipers"},{"floor":46,"key":"MawBank"},{"floor":47,"key":"Bronze Scales"},{"floor":54,"key":"Anchor"}],"event_choices":[{"cards_removed":["Backflip"],"damage_healed":0,"gold_gain":0,"player_choice":"Took Card","damage_taken":0,"max_hp_gain":0,"max_hp_loss":0,"event_name":"NoteForYourself","floor":4,"gold_loss":0,"cards_obtained":["Bouncing Flask"]},{"damage_healed":0,"gold_gain":0,"player_choice":"Grow","damage_taken":0,"max_hp_gain":0,"max_hp_loss":0,"event_name":"Living Wall","floor":13,"gold_loss":0,"cards_upgraded":["Well Laid Plans"]},{"damage_healed":0,"gold_gain":0,"player_choice":"Upgraded","damage_taken":0,"max_hp_gain":0,"max_hp_loss":0,"event_name":"Upgrade Shrine","floor":19,"gold_loss":0,"cards_upgraded":["Neutralize"]},{"damage_healed":0,"gold_gain":0,"player_choice":"Opened","damage_taken":0,"relics_obtained":["Incense Burner"],"max_hp_gain":0,"max_hp_loss":0,"event_name":"The Mausoleum","floor":20,"gold_loss":0,"cards_obtained":["Writhe"]},{"damage_healed":0,"gold_gain":0,"cards_transformed":["Strike_G","Strike_G"],"player_choice":"Became Test Subject","damage_taken":0,"max_hp_gain":0,"max_hp_loss":0,"event_name":"Drug Dealer","floor":21,"gold_loss":0,"cards_obtained":["Finisher","Setup"]},{"damage_healed":0,"gold_gain":0,"player_choice":"Simplicity","damage_taken":0,"max_hp_gain":0,"max_hp_loss":0,"event_name":"Back to Basics","floor":28,"gold_loss":0,"cards_upgraded":["Defend_G","Defend_G","Defend_G","Defend_G","Defend_G"]},{"damage_healed":0,"gold_gain":0,"player_choice":"Ignored","damage_taken":0,"max_hp_gain":0,"max_hp_loss":0,"event_name":"Beggar","floor":31,"gold_loss":0},{"damage_healed":0,"gold_gain":999,"player_choice":"Gold","damage_taken":0,"max_hp_gain":0,"max_hp_loss":0,"event_name":"MindBloom","floor":36,"gold_loss":0,"cards_obtained":["Normality","Normality"]},{"cards_removed":["Predator"],"damage_healed":0,"gold_gain":0,"player_choice":"Removed Attack","damage_taken":0,"max_hp_gain":0,"max_hp_loss":0,"event_name":"Falling","floor":37,"gold_loss":0},{"damage_healed":0,"gold_gain":0,"player_choice":"Bought 3 Potions","damage_taken":0,"max_hp_gain":0,"max_hp_loss":0,"event_name":"The Woman in Blue","floor":38,"gold_loss":0},{"damage_healed":0,"gold_gain":0,"player_choice":"Ignored","damage_taken":0,"max_hp_gain":0,"max_hp_loss":0,"event_name":"Tomb of Lord Red Mask","floor":45,"gold_loss":0}],"is_beta":true,"boss_relics":[{"not_picked":["Coffee Dripper","HoveringKite"],"picked":"Astrolabe"},{"not_picked":["Calling Bell","Pandora\u0027s Box"],"picked":"Ring of the Serpent"}],"items_purged_floors":[22,39,53],"is_endless":false,"potions_floor_spawned":[1,6,10,11,24,33,47,48,54],"ascension_level":1}