{"gold_per_floor":[118,118,118,43,193,223,233,233,233,261,285,317,348,360,372,384],"floor_reached":16,"playtime":457,"items_purged":["Strike_B"],"score":220,"play_id":"600126f7-8bc3-48ed-a98e-7ea4bc802f12","local_time":"20190123114407","is_ascension_mode":true,"campfire_choices":[{"floor":8.0,"key":"DIG"},{"floor":15.0,"key":"REST"}],"neow_cost":"NONE","seed_source_timestamp":0,"circlet_count":0,"master_deck":["AscendersBane","Strike_B","Strike_B","Strike_B","Defend_B","Defend_B","Defend_B+1","Defend_B+1","Zap","Dualcast","Rebound","Doubt","Melter","Beam Cell","Doom and Gloom","Conserve Battery","Barrage","Conserve Battery","Injury","Defragment"],"special_seed":0,"relics":["Cracked Core","Dream Catcher","Shovel","Ice Cream","Nunchaku","MawBank","Golden Idol"],"potions_floor_usage":[16],"damage_taken":[{"damage":0.0,"enemies":"Cultist","floor":1.0,"turns":3.0},{"damage":37.0,"enemies":"3 Sentries","floor":6.0,"turns":10.0},{"damage":4.0,"enemies":"Jaw Worm","floor":7.0,"turns":2.0},{"damage":14.0,"enemies":"Lagavulin","floor":10.0,"turns":6.0},{"damage":0.0,"enemies":"2 Louse","floor":11.0,"turns":1.0},{"damage":4.0,"enemies":"Large Slime","floor":12.0,"turns":6.0},{"damage":3.0,"enemies":"Looter","floor":13.0,"turns":3.0},{"damage":27,"enemies":"Hexaghost","floor":16,"turns":7}],"seed_played":"8248961666642402906","potions_obtained":[{"floor":1.0,"key":"SkillPotion"},{"floor":6.0,"key":"Regen Potion"},{"floor":10.0,"key":"Ancient Potion"},{"floor":12.0,"key":"Poison Potion"}],"is_trial":false,"path_per_floor":["M","?","T","$","?","E","M","R","T","E","M","M","M","?","R","B"],"character_chosen":"DEFECT","items_purchased":[],"campfire_rested":1,"item_purchase_floors":[],"current_hp_per_floor":[71,48,48,48,48,11,7,7,7,8,8,4,1,1,24,0],"gold":384,"neow_bonus":"TEN_PERCENT_HP_BONUS","is_prod":false,"is_daily":false,"chose_seed":false,"campfire_upgraded":0,"win_rate":0,"timestamp":1548211447,"path_taken":["M","?","?","?","?","E","M","R","T","E","M","M","M","?","R","BOSS"],"build_version":"2019-01-17v2","purchased_purges":1,"victory":false,"max_hp_per_floor":[78,78,78,78,78,78,78,78,78,78,78,78,78,78,78,78],"card_choices":[{"not_picked":["Darkness","Redo"],"picked":"Rebound","floor":1.0},{"not_picked":["Rebound","Undo"],"picked":"Melter","floor":6.0},{"not_picked":["Hologram","Leap"],"picked":"Beam Cell","floor":7.0},{"not_picked":["Force Field","Heatsinks"],"picked":"Doom and Gloom","floor":10.0},{"not_picked":["Turbo","Steam"],"picked":"Conserve Battery","floor":11.0},{"not_picked":["Skim","Chaos"],"picked":"Barrage","floor":12.0},{"not_picked":["Cold Snap","Beam Cell"],"picked":"Conserve Battery","floor":13.0},{"not_picked":["Steam Power","Multi-Cast"],"picked":"Defragment","floor":15.0}],"player_experience":1058005,"relics_obtained":[{"floor":3.0,"key":"Dream Catcher"},{"floor":6.0,"key":"Shovel"},{"floor":8.0,"key":"Ice Cream"},{"floor":9.0,"key":"Nunchaku"},{"floor":10.0,"key":"MawBank"}],"event_choices":[{"damage_healed":0.0,"max_hp_gain":0.0,"max_hp_loss":0.0,"gold_gain":0.0,"event_name":"Shining Light","player_choice":"Entered Light","floor":2.0,"gold_loss":0.0,"damage_taken":23.0,"cards_upgraded":["Defend_B","Defend_B"]},{"damage_healed":0.0,"max_hp_gain":0.0,"max_hp_loss":0.0,"gold_gain":150.0,"event_name":"Liars Game","player_choice":"AGREE","floor":5.0,"gold_loss":0.0,"damage_taken":0.0,"cards_obtained":["Doubt"]},{"damage_healed":0.0,"max_hp_gain":0.0,"max_hp_loss":0.0,"gold_gain":0.0,"event_name":"Golden Idol","player_choice":"Take Wound","floor":14.0,"gold_loss":0.0,"damage_taken":0.0,"relics_obtained":["Golden Idol"],"cards_obtained":["Injury"]}],"is_beta":false,"boss_relics":[],"items_purged_floors":[4],"is_endless":false,"potions_floor_spawned":[1,6,10,12],"killed_by":"Hexaghost","ascension_level":20}