{"gold_per_floor":[116,127,146,221,236,236,261,149,227,246,310,330,64,75,75,180,180,193,292,292,292,310,344,344,379,379,396,410,437,276,292,292,390,390,408,408,423,125,125,160,160,187,187,218,218,218,75,93,93,93],"floor_reached":51,"playtime":4256,"items_purged":["Bash","Strike_R"],"score":809,"play_id":"73e85aac-fb15-4c1f-bb5a-2ea34dc43c43","local_time":"20190220173917","is_ascension_mode":true,"campfire_choices":[{"data":"Brutality","floor":6.0,"key":"SMITH"},{"floor":15.0,"key":"REST"},{"data":"Heavy Blade","floor":24.0,"key":"SMITH"},{"data":"Uppercut","floor":32,"key":"SMITH"},{"floor":41,"key":"REST"},{"floor":46,"key":"REST"},{"floor":49,"key":"REST"}],"neow_cost":"NONE","seed_source_timestamp":0,"circlet_count":0,"master_deck":["Strike_R+1","Strike_R+1","Strike_R","Defend_R+1","Defend_R","Defend_R","Defend_R","Brutality+1","Rupture","Heavy Blade+1","Combust","Warcry+1","Rupture","Ghostly Armor","Uppercut+1","Headbutt+1","Intimidate","Shrug It Off+1","Reaper+1","Armaments+1","True Grit+1","Rupture","Inflame","Metallicize","Flex+1","Exhume+1","Combust","Shrug It Off+1"],"special_seed":0,"relics":["Burning Blood","Pocketwatch","Molten Egg 2","Toxic Egg 2","White Beast Statue","Mummified Hand","Art of War","Self Forming Clay","Darkstone Periapt","War Paint","Fusion Hammer","ClockworkSouvenir","Frozen Egg 2","Red Skull","Gremlin Horn","Centennial Puzzle","CultistMask","Whetstone"],"potions_floor_usage":[37,50,50],"damage_taken":[{"damage":7.0,"enemies":"Small Slimes","floor":1.0,"turns":4.0},{"damage":12.0,"enemies":"Jaw Worm","floor":2.0,"turns":4.0},{"damage":3.0,"enemies":"Cultist","floor":3.0,"turns":4.0},{"damage":15.0,"enemies":"2 Fungi Beasts","floor":5.0,"turns":4.0},{"damage":37.0,"enemies":"Lagavulin","floor":7.0,"turns":7.0},{"damage":16.0,"enemies":"Blue Slaver","floor":10.0,"turns":4.0},{"damage":7.0,"enemies":"Large Slime","floor":12.0,"turns":5.0},{"damage":5.0,"enemies":"3 Louse","floor":14.0,"turns":4.0},{"damage":18.0,"enemies":"Slime Boss","floor":16.0,"turns":6.0},{"damage":24.0,"enemies":"Shell Parasite","floor":18.0,"turns":8.0},{"damage":21.0,"enemies":"3 Byrds","floor":22.0,"turns":4.0},{"damage":24.0,"enemies":"Gremlin Leader","floor":23.0,"turns":6.0},{"damage":32.0,"enemies":"Slavers","floor":25.0,"turns":7.0},{"damage":23.0,"enemies":"Shelled Parasite and Fungi","floor":27.0,"turns":6.0},{"damage":20.0,"enemies":"Sentry and Sphere","floor":28.0,"turns":4.0},{"damage":17.0,"enemies":"Book of Stabbing","floor":29.0,"turns":6.0},{"damage":10,"enemies":"3 Cultists","floor":31,"turns":6},{"damage":22,"enemies":"Champ","floor":33,"turns":10},{"damage":21,"enemies":"3 Darklings","floor":35,"turns":6},{"damage":18,"enemies":"3 Shapes","floor":37,"turns":4},{"damage":57,"enemies":"Reptomancer","floor":40,"turns":6},{"damage":58,"enemies":"Nemesis","floor":42,"turns":9},{"damage":13,"enemies":"Giant Head","floor":44,"turns":6},{"damage":24,"enemies":"Transient","floor":48,"turns":5},{"damage":71,"enemies":"Time Eater","floor":50,"turns":7}],"seed_played":"-6412977555871700665","potions_obtained":[{"floor":1.0,"key":"Regen Potion"},{"floor":3.0,"key":"Explosive Potion"},{"floor":12.0,"key":"GamblersBrew"},{"floor":16.0,"key":"AttackPotion"},{"floor":22.0,"key":"BloodPotion"},{"floor":23.0,"key":"Poison Potion"},{"floor":25.0,"key":"BloodPotion"},{"floor":29.0,"key":"Dexterity Potion"},{"floor":31,"key":"EntropicBrew"},{"floor":37,"key":"SteroidPotion"},{"floor":40,"key":"GamblersBrew"}],"is_trial":false,"path_per_floor":["M","M","M","?","M","R","E","$","T","M","?","M","$","M","R","B",null,"M","?","?","T","M","E","R","E","T","M","M","E","$","M","R","B",null,"M","?","M","$","?","E","R","E","T","E","?","R","$","M","R","B",null],"character_chosen":"IRONCLAD","items_purchased":["Ghostly Armor","Uppercut","Toxic Egg 2","Shrug It Off+1","Metallicize","Flex+1","ClockworkSouvenir","Whetstone"],"campfire_rested":4,"item_purchase_floors":[8,8,13,13,30,30,38,47],"current_hp_per_floor":[79,73,76,65,56,56,37,37,37,27,27,26,26,27,51,39,80,77,77,77,77,68,80,80,80,80,68,54,77,77,80,80,64,80,80,80,80,80,80,80,80,73,73,66,66,80,80,62,80,29],"gold":93,"neow_bonus":"ONE_RANDOM_RARE_CARD","is_prod":false,"is_daily":false,"chose_seed":false,"campfire_upgraded":3,"win_rate":0,"timestamp":1550705957,"path_taken":["M","M","M","?","M","R","E","$","T","M","?","M","?","M","R","BOSS","M","?","?","?","M","E","R","E","T","M","M","E","$","M","R","BOSS","M","?","M","$","?","E","R","E","T","E","?","R","$","M","R","BOSS"],"build_version":"2019-01-23","purchased_purges":2,"victory":true,"max_hp_per_floor":[80,80,80,80,80,80,80,80,80,80,80,80,80,80,80,80,80,80,80,80,80,80,80,80,80,80,80,80,80,80,80,80,80,80,80,80,80,80,80,80,80,80,80,80,80,80,80,80,80,80],"card_choices":[{"not_picked":["Perfected Strike","Havoc"],"picked":"Rupture","floor":1.0},{"not_picked":["Perfected Strike","Hemokinesis"],"picked":"Heavy Blade","floor":2.0},{"not_picked":["Wild Strike","Reckless Charge"],"picked":"Combust","floor":3.0},{"not_picked":["Twin Strike","Cleave"],"picked":"Warcry","floor":5.0},{"not_picked":["Corruption","Ghostly Armor"],"picked":"Rupture","floor":7.0},{"not_picked":["Anger+1","Sword Boomerang+1"],"picked":"Headbutt+1","floor":10.0},{"not_picked":["Combust","Havoc"],"picked":"Intimidate","floor":12.0},{"not_picked":["Corruption","Havoc+1","Dual Wield+1"],"picked":"SKIP","floor":14.0},{"not_picked":["Impervious+1","Dark Embrace"],"picked":"Reaper+1","floor":16.0},{"not_picked":["Clash+1","Iron Wave+1"],"picked":"Armaments+1","floor":18.0},{"not_picked":["Twin Strike+1","Anger+1","Clash+1"],"picked":"SKIP","floor":22.0},{"not_picked":["Twin Strike+1","Dark Embrace","Thunderclap+1"],"picked":"SKIP","floor":23.0},{"not_picked":["Fiend Fire+1","Second Wind+1","Wild Strike+1"],"picked":"SKIP","floor":25.0},{"not_picked":["Cleave+1","Battle Trance+1"],"picked":"Rupture","floor":27.0},{"not_picked":["Rage+1","Sentinel+1","Armaments+1"],"picked":"SKIP","floor":28.0},{"not_picked":["Warcry+1","Cleave+1"],"picked":"Inflame","floor":29.0},{"not_picked":["True Grit+1","Headbutt+1","Flex+1"],"picked":"SKIP","floor":31},{"not_picked":["Impervious+1","Bludgeon+1"],"picked":"Exhume+1","floor":33},{"not_picked":["Sword Boomerang+1","Second Wind+1","Clash+1"],"picked":"SKIP","floor":35},{"not_picked":["Sword Boomerang+1","Entrench+1"],"picked":"Combust","floor":37},{"not_picked":["Shrug It Off+1","Burning Pact+1","Bludgeon+1"],"picked":"SKIP","floor":40},{"not_picked":["Power Through+1","Clash+1"],"picked":"Shrug It Off+1","floor":42},{"not_picked":["Pommel Strike+1","Twin Strike+1","Clothesline+1"],"picked":"SKIP","floor":44},{"not_picked":["Flex+1","Armaments+1","Clothesline+1"],"picked":"SKIP","floor":48}],"player_experience":321535,"relics_obtained":[{"floor":7.0,"key":"Pocketwatch"},{"floor":9.0,"key":"Molten Egg 2"},{"floor":21.0,"key":"Mummified Hand"},{"floor":23.0,"key":"Art of War"},{"floor":25.0,"key":"Self Forming Clay"},{"floor":26.0,"key":"Darkstone Periapt"},{"floor":29.0,"key":"War Paint"},{"floor":40,"key":"Frozen Egg 2"},{"floor":42,"key":"Red Skull"},{"floor":43,"key":"Gremlin Horn"},{"floor":44,"key":"Centennial Puzzle"}],"event_choices":[{"damage_healed":0.0,"max_hp_gain":0.0,"max_hp_loss":0.0,"gold_gain":75.0,"event_name":"World of Goop","player_choice":"Gather Gold","floor":4.0,"gold_loss":0.0,"damage_taken":11.0},{"damage_healed":0.0,"max_hp_gain":0.0,"max_hp_loss":0.0,"gold_gain":64.0,"event_name":"Golden Wing","player_choice":"Gained Gold","floor":11.0,"gold_loss":0.0,"damage_taken":0.0},{"damage_healed":0.0,"max_hp_gain":0.0,"max_hp_loss":0.0,"gold_gain":99.0,"event_name":"Nest","player_choice":"Stole From Cult","floor":19.0,"gold_loss":0.0,"damage_taken":0.0},{"damage_healed":0.0,"max_hp_gain":0.0,"max_hp_loss":0.0,"gold_gain":0.0,"event_name":"The Library","player_choice":"Read","floor":20.0,"gold_loss":0.0,"damage_taken":0.0,"cards_obtained":["True Grit"]},{"damage_healed":0,"gold_gain":0,"player_choice":"Ignored","damage_taken":0,"max_hp_gain":0,"max_hp_loss":0,"event_name":"Tomb of Lord Red Mask","floor":36,"gold_loss":0},{"cards_removed":["Strike_R"],"damage_healed":0,"gold_gain":0,"player_choice":"Removed Attack","damage_taken":0,"max_hp_gain":0,"max_hp_loss":0,"event_name":"Falling","floor":39,"gold_loss":0},{"damage_healed":0,"gold_gain":0,"player_choice":"Trade","damage_taken":0,"relics_obtained":["CultistMask"],"max_hp_gain":0,"max_hp_loss":0,"event_name":"FaceTrader","floor":45,"gold_loss":0}],"is_beta":false,"boss_relics":[{"not_picked":["Runic Dome","Lizard Tail"],"picked":"White Beast Statue"},{"not_picked":["Empty Cage","Sozu"],"picked":"Fusion Hammer"}],"items_purged_floors":[30,38],"is_endless":false,"potions_floor_spawned":[1,3,12,16,18,22,23,25,27,28,29,31,33,35,37,40,42,44,48],"ascension_level":1}