{"gold_per_floor":[143,159,171,189,243,243,258,258,258,271,196,231,231,247,247,247],"floor_reached":16,"playtime":408,"items_purged":[],"score":208,"play_id":"72627432-7928-46fc-91b2-5e1aeb5ede98","local_time":"20190207160947","is_ascension_mode":true,"campfire_choices":[{"data":"Sunder","floor":6.0,"key":"SMITH"},{"data":"Storm","floor":13.0,"key":"SMITH"},{"floor":15,"key":"REST"}],"neow_cost":"NONE","seed_source_timestamp":0,"circlet_count":0,"master_deck":["AscendersBane","Strike_B","Strike_B","Strike_B","Defend_B","Defend_B","Defend_B","Defend_B","Zap","Dualcast","Cold Snap","Streamline","Sunder+1","Amplify","Conserve Battery","Sweeping Beam","Storm+1","Self Repair","Ball Lightning"],"special_seed":0,"relics":["Cracked Core","Tiny Chest","Prayer Wheel","Potion Belt","Emotion Chip"],"potions_floor_usage":[16],"damage_taken":[{"damage":0.0,"enemies":"Small Slimes","floor":1.0,"turns":2.0},{"damage":5.0,"enemies":"Jaw Worm","floor":2.0,"turns":4.0},{"damage":0.0,"enemies":"Cultist","floor":3.0,"turns":4.0},{"damage":4.0,"enemies":"2 Fungi Beasts","floor":4.0,"turns":3.0},{"damage":6.0,"enemies":"3 Louse","floor":7.0,"turns":2.0},{"damage":15.0,"enemies":"Lots of Slimes","floor":10.0,"turns":4.0},{"damage":21.0,"enemies":"3 Sentries","floor":12.0,"turns":8.0},{"damage":5,"enemies":"Large Slime","floor":14,"turns":3},{"damage":32,"enemies":"Hexaghost","floor":16,"turns":9}],"seed_played":"-7771461595499118333","potions_obtained":[{"floor":1.0,"key":"Weak Potion"},{"floor":4.0,"key":"Swift Potion"},{"floor":10.0,"key":"Poison Potion"}],"is_trial":false,"path_per_floor":["M","M","M","M","?","R","M","T","T","M","?","E","R","M","R","B"],"character_chosen":"DEFECT","items_purchased":[],"campfire_rested":1,"item_purchase_floors":[],"current_hp_per_floor":[64,59,59,55,55,55,49,49,49,34,34,13,13,8,29,0],"gold":247,"neow_bonus":"RANDOM_COMMON_RELIC","is_prod":false,"is_daily":false,"chose_seed":false,"campfire_upgraded":2,"win_rate":0,"timestamp":1549523387,"path_taken":["M","M","M","M","?","R","M","?","T","M","?","E","R","?","R","BOSS"],"build_version":"2019-01-23","purchased_purges":0,"victory":false,"max_hp_per_floor":[71,71,71,71,71,71,71,71,71,71,71,71,71,71,71,71],"card_choices":[{"not_picked":["Darkness","Glacier"],"picked":"Cold Snap","floor":1.0},{"not_picked":["Recycle","Leap"],"picked":"Streamline","floor":2.0},{"not_picked":["Coolheaded","Leap","Turbo"],"picked":"SKIP","floor":3.0},{"not_picked":["Steam","Skim"],"picked":"Sunder","floor":4.0},{"not_picked":["Reinforced Body","Turbo"],"picked":"Amplify","floor":7.0},{"not_picked":["Melter","Rebound"],"picked":"Conserve Battery","floor":10.0},{"not_picked":["Coolheaded","Compile Driver"],"picked":"Sweeping Beam","floor":10.0},{"not_picked":["Recycle","Gash"],"picked":"Storm","floor":12.0},{"not_picked":["Compile Driver","Glacier"],"picked":"Self Repair","floor":14},{"not_picked":["Steam","Scrape"],"picked":"Ball Lightning","floor":14}],"player_experience":1100952,"relics_obtained":[{"floor":8.0,"key":"Prayer Wheel"},{"floor":9.0,"key":"Potion Belt"},{"floor":12.0,"key":"Emotion Chip"}],"event_choices":[{"damage_healed":0.0,"max_hp_gain":0.0,"max_hp_loss":0.0,"gold_gain":54.0,"event_name":"Golden Wing","player_choice":"Gained Gold","floor":5.0,"gold_loss":0.0,"damage_taken":0.0},{"cards_removed":["Strike_B"],"damage_healed":0.0,"max_hp_gain":0.0,"max_hp_loss":0.0,"gold_gain":0.0,"event_name":"The Cleric","player_choice":"Card Removal","floor":11.0,"gold_loss":75.0,"damage_taken":0.0}],"is_beta":false,"boss_relics":[],"items_purged_floors":[],"is_endless":false,"potions_floor_spawned":[1,4,10],"killed_by":"Hexaghost","ascension_level":20}