{"gold_per_floor":[110,129,145,16,16,42,42,192,192,64,64,96,96,131,131,210,210,220,238,256,273,64,64,64],"floor_reached":24,"playtime":777,"items_purged":["Strike_B","Doubt"],"score":502,"play_id":"71ba6c08-65ff-4bbc-abdd-81c176ad580e","local_time":"20190222185004","is_ascension_mode":true,"campfire_choices":[{"data":"Sunder","floor":7,"key":"SMITH"},{"floor":13,"key":"REST"},{"data":"Dualcast","floor":15,"key":"SMITH"},{"data":"Apotheosis","floor":23,"key":"SMITH"}],"neow_cost":"NONE","seed_source_timestamp":16249983142400,"circlet_count":0,"master_deck":["AscendersBane","Strike_B","Strike_B","Strike_B","Defend_B","Defend_B","Defend_B","Defend_B","Zap+1","Dualcast+1","Sunder+1","Ball Lightning","Cold Snap","Conserve Battery","Ball Lightning","Fission","BootSequence","Defragment","Echo Form","Apotheosis+1"],"relics":["Cracked Core","Shuriken","Regal Pillow","Blood Vial","Meat on the Bone","Cursed Key"],"potions_floor_usage":[6,12,16,19,24,24],"damage_taken":[{"damage":2,"enemies":"Jaw Worm","floor":1,"turns":4},{"damage":15,"enemies":"Small Slimes","floor":2,"turns":4},{"damage":0,"enemies":"2 Louse","floor":3,"turns":2},{"damage":8,"enemies":"Gremlin Nob","floor":6,"turns":3},{"damage":31,"enemies":"Lagavulin","floor":12,"turns":6},{"damage":20,"enemies":"3 Sentries","floor":14,"turns":5},{"damage":0,"enemies":"Slime Boss","floor":16,"turns":5},{"damage":12,"enemies":"3 Byrds","floor":18,"turns":5},{"damage":19,"enemies":"Shell Parasite","floor":19,"turns":5},{"damage":41,"enemies":"Snecko","floor":20,"turns":7},{"damage":12,"enemies":"Centurion and Healer","floor":21,"turns":7},{"damage":36,"enemies":"Gremlin Leader","floor":24,"turns":4}],"seed_played":"3261798127532342","potions_obtained":[{"floor":3,"key":"Dexterity Potion"},{"floor":6,"key":"Regen Potion"},{"floor":16,"key":"Regen Potion"},{"floor":18,"key":"Dexterity Potion"},{"floor":19,"key":"PowerPotion"}],"is_trial":false,"path_per_floor":["M","M","M","$","?","E","R","?","T","$","?","E","R","E","R","B",null,"M","M","M","M","$","R","E"],"character_chosen":"DEFECT","items_purchased":["Poison Potion","Conserve Battery","Apotheosis"],"campfire_rested":1,"item_purchase_floors":[4,10,22],"current_hp_per_floor":[69,54,54,54,54,46,46,46,46,46,46,30,68,50,50,52,72,62,59,32,34,34,34,0],"gold":64,"neow_bonus":"TEN_PERCENT_HP_BONUS","is_prod":false,"is_daily":false,"chose_seed":false,"campfire_upgraded":3,"win_rate":0,"timestamp":1550854204,"path_taken":["M","M","M","$","?","E","R","?","T","?","?","E","R","E","R","BOSS","M","M","?","M","?","R","E"],"build_version":"2019-01-23","purchased_purges":2,"victory":false,"max_hp_per_floor":[78,78,78,78,78,78,78,78,78,78,78,78,78,78,78,78,78,78,78,78,78,78,78,78],"card_choices":[{"not_picked":["Barrage","Skim"],"picked":"Sunder","floor":1},{"not_picked":["Stack","Steam"],"picked":"Ball Lightning","floor":2},{"not_picked":["Gash","Leap"],"picked":"Cold Snap","floor":3},{"not_picked":["Melter","Beam Cell","Rip and Tear"],"picked":"SKIP","floor":6},{"not_picked":["Loop","Leap","Steam"],"picked":"SKIP","floor":12},{"not_picked":["Aggregate","Chaos"],"picked":"Ball Lightning","floor":14},{"not_picked":["Reboot","Rainbow"],"picked":"Fission","floor":16},{"not_picked":["Blizzard","Steam"],"picked":"BootSequence","floor":18},{"not_picked":["Coolheaded","Cold Snap+1"],"picked":"Defragment","floor":19},{"not_picked":["Compile Driver","Hologram","Cold Snap"],"picked":"SKIP","floor":20},{"not_picked":["Barrage","Conserve Battery"],"picked":"Echo Form","floor":21}],"player_experience":873950,"relics_obtained":[{"floor":6,"key":"Shuriken"},{"floor":9,"key":"Regal Pillow"},{"floor":12,"key":"Blood Vial"},{"floor":14,"key":"Meat on the Bone"}],"event_choices":[{"damage_healed":0,"gold_gain":0,"player_choice":"Leave","damage_taken":0,"max_hp_gain":0,"max_hp_loss":0,"event_name":"The Cleric","floor":5,"gold_loss":0},{"damage_healed":0,"gold_gain":150,"player_choice":"AGREE","damage_taken":0,"max_hp_gain":0,"max_hp_loss":0,"event_name":"Liars Game","floor":8,"gold_loss":0,"cards_obtained":["Doubt"]},{"damage_healed":0,"gold_gain":0,"player_choice":"Upgraded","damage_taken":0,"max_hp_gain":0,"max_hp_loss":0,"event_name":"Upgrade Shrine","floor":11,"gold_loss":0,"cards_upgraded":["Zap"]}],"is_beta":false,"boss_relics":[{"not_picked":["Busted Crown","White Beast Statue"],"picked":"Cursed Key"}],"items_purged_floors":[4,10],"is_endless":false,"potions_floor_spawned":[3,6,16,18,19],"killed_by":"Gremlin Leader","ascension_level":18}