{"gold_per_floor":[116,116,129,148,163,220,237,262,333,353,353,353,363,389,389,492,492,512,612,612,631,22,56,74,74,156,156,5,37,57,86,86,185,185,203,221,40,113,129,156,156,185,185,217,233,283,302,349,349,349,349,349,23,48,48],"floor_reached":56,"playtime":4100,"items_purged":["Pain"],"score":1549,"play_id":"a4296978-d82e-47bd-9aff-e984eec2a806","local_time":"20190219162611","is_ascension_mode":true,"campfire_choices":[{"data":"Doppelganger","floor":15,"key":"SMITH"},{"data":"Tools of the Trade","floor":25,"key":"SMITH"},{"data":"Tools of the Trade","floor":27,"key":"SMITH"},{"data":"Terror","floor":32,"key":"SMITH"},{"data":"Footwork","floor":41,"key":"SMITH"},{"floor":49,"key":"RECALL"},{"data":"1","floor":52,"key":"LIFT"}],"neow_cost":"NONE","seed_source_timestamp":5630566291361011,"circlet_count":0,"master_deck":["Defend_G","Defend_G","Defend_G","Defend_G","Defend_G","Strike_G","Strike_G","Strike_G","Strike_G","Survivor","Neutralize","Blur","Deflect+1","Predator","Poisoned Stab+1","Blade Dance","Flying Knee+1","Doppelganger+1","Leg Sweep","Backstab","Backflip+1","Terror+1","Backflip","Tools of the Trade+1","Normality","Normality","Cloak And Dagger+1","Dagger Throw+1","Slice+1","Tools of the Trade+1","Finesse+1","Dagger Spray+1","Acrobatics+1","Cloak And Dagger+1","Dodge and Roll+1","Good Instincts+1","Unload+1","Underhanded Strike+1","Dash+1","Storm of Steel+1","Flying Knee+1","Footwork+1","Sucker Punch+1","Dagger Spray+1","Impatience+1","Blade Dance+1"],"relics":["WristBlade","Tiny Chest","Du-Vu Doll","Ninja Scroll","The Courier","Tough Bandages","Calling Bell","Omamori","Toxic Egg 2","Turnip","Pocketwatch","Molten Egg 2","DollysMirror","Calipers","Anchor","Dodecahedron","Strawberry","Whetstone","Busted Crown","Bag of Preparation","Darkstone Periapt","Pantograph","Blue Candle","Girya","War Paint","Ginger","Nunchaku","Sundial"],"potions_floor_usage":[6,6,16,16,23,55,55,55,55,55,55],"damage_taken":[{"damage":0,"enemies":"2 Louse","floor":1,"turns":3},{"damage":1,"enemies":"Cultist","floor":3,"turns":3},{"damage":0,"enemies":"Small Slimes","floor":4,"turns":3},{"damage":0,"enemies":"Exordium Thugs","floor":5,"turns":5},{"damage":0,"enemies":"Gremlin Nob","floor":6,"turns":3},{"damage":0,"enemies":"Large Slime","floor":7,"turns":4},{"damage":11,"enemies":"3 Sentries","floor":8,"turns":10},{"damage":0,"enemies":"3 Louse","floor":10,"turns":1},{"damage":0,"enemies":"Red Slaver","floor":13,"turns":1},{"damage":6,"enemies":"Gremlin Nob","floor":14,"turns":3},{"damage":18,"enemies":"Hexaghost","floor":16,"turns":10},{"damage":10,"enemies":"Spheric Guardian","floor":18,"turns":3},{"damage":19,"enemies":"Colosseum Slavers","floor":19,"turns":3},{"damage":18,"enemies":"Colosseum Nobs","floor":19,"turns":5},{"damage":1,"enemies":"Chosen","floor":21,"turns":4},{"damage":2,"enemies":"Gremlin Leader","floor":23,"turns":6},{"damage":0,"enemies":"Centurion and Healer","floor":24,"turns":3},{"damage":4,"enemies":"Slavers","floor":29,"turns":5},{"damage":13,"enemies":"3 Cultists","floor":30,"turns":5},{"damage":0,"enemies":"Book of Stabbing","floor":31,"turns":4},{"damage":21,"enemies":"Collector","floor":33,"turns":14},{"damage":0,"enemies":"Orb Walker","floor":35,"turns":2},{"damage":0,"enemies":"3 Shapes","floor":36,"turns":2},{"damage":0,"enemies":"Writhing Mass","floor":39,"turns":6},{"damage":0,"enemies":"Nemesis","floor":40,"turns":7},{"damage":0,"enemies":"Giant Head","floor":42,"turns":6},{"damage":0,"enemies":"Reptomancer","floor":44,"turns":3},{"damage":0,"enemies":"Maw","floor":45,"turns":7},{"damage":0,"enemies":"3 Darklings","floor":47,"turns":4},{"damage":1,"enemies":"2 Orb Walkers","floor":48,"turns":4},{"damage":11,"enemies":"Donu and Deca","floor":50,"turns":13},{"damage":0,"enemies":"Shield and Spear","floor":54,"turns":5},{"damage":49,"enemies":"The Heart","floor":55,"turns":10}],"seed_played":"8760826960447620603","potions_obtained":[{"floor":1,"key":"SpeedPotion"},{"floor":3,"key":"Explosive Potion"},{"floor":5,"key":"FearPotion"},{"floor":8,"key":"SteroidPotion"},{"floor":14,"key":"EssenceOfSteel"},{"floor":18,"key":"FairyPotion"},{"floor":19,"key":"Ancient Potion"},{"floor":20,"key":"EntropicBrew"},{"floor":30,"key":"Strength Potion"},{"floor":48,"key":"Weak Potion"}],"is_trial":false,"path_per_floor":["M","?","M","M","M","E","M","E","T","M","T","?","M","E","R","B",null,"M","?","?","M","$","E","M","R","T","R","$","E","M","E","R","B",null,"M","M","$","T","M","E","R","E","T","E","M","T","M","?","R","B",null,"R","$","E","B",null],"character_chosen":"THE_SILENT","items_purchased":["Regen Potion","DollysMirror","Calipers","Finesse+1","Cloak And Dagger+1","Dodge and Roll+1","Good Instincts+1","Bag of Preparation","Footwork","Nunchaku","Impatience+1"],"campfire_rested":0,"item_purchase_floors":[22,22,22,22,28,28,28,37,37,53,53],"current_hp_per_floor":[70,70,69,69,69,69,69,58,58,58,58,58,58,52,52,34,70,60,23,23,22,22,35,35,35,35,35,35,38,25,25,25,4,77,77,77,77,77,77,77,77,77,77,77,77,77,77,76,76,66,77,77,77,77,28],"gold":48,"neow_bonus":"BOSS_RELIC","is_prod":false,"is_daily":false,"chose_seed":false,"campfire_upgraded":5,"win_rate":0,"timestamp":1550611571,"path_taken":["M","?","M","?","M","E","M","E","T","M","?","?","?","E","R","BOSS","M","?","?","M","$","E","M","R","T","R","$","E","M","E","R","BOSS","M","M","$","?","M","E","R","E","T","E","?","?","M","?","R","BOSS","R","$","E","BOSS"],"build_version":"2019-02-06","purchased_purges":1,"victory":true,"max_hp_per_floor":[70,70,70,70,70,70,70,70,70,70,70,70,70,70,70,70,70,70,70,70,70,70,70,70,70,70,70,70,77,77,77,77,77,77,77,77,77,77,77,77,77,77,77,77,77,77,77,77,77,77,77,77,77,77,77],"card_choices":[{"not_picked":["Finisher","Deadly Poison"],"picked":"Blur","floor":1},{"not_picked":["Reflex","Setup"],"picked":"Poisoned Stab","floor":3},{"not_picked":["Poisoned Stab","Blur"],"picked":"Blade Dance","floor":4},{"not_picked":["Tactician","Poisoned Stab"],"picked":"Flying Knee","floor":5},{"not_picked":["Underhanded Strike","Quick Slash"],"picked":"Doppelganger","floor":6},{"not_picked":["Bouncing Flask","Dodge and Roll"],"picked":"Leg Sweep","floor":7},{"not_picked":["Backflip","Dagger Spray"],"picked":"Backstab","floor":8},{"not_picked":["Prepared","Flying Knee"],"picked":"Backflip","floor":10},{"not_picked":["Slice","Poisoned Stab"],"picked":"Terror","floor":13},{"not_picked":["Catalyst","Quick Slash"],"picked":"Backflip","floor":14},{"not_picked":["Corpse Explosion","Adrenaline"],"picked":"Tools of the Trade","floor":16},{"not_picked":["Skewer","Slice"],"picked":"Cloak And Dagger+1","floor":18},{"not_picked":["Poisoned Stab+1","Caltrops"],"picked":"Dagger Throw","floor":19},{"not_picked":["Outmaneuver+1","Deadly Poison+1"],"picked":"Slice+1","floor":21},{"not_picked":["Bane+1","Slice+1"],"picked":"Dagger Spray+1","floor":23},{"not_picked":["Flying Knee+1","Bouncing Flask+1"],"picked":"Acrobatics+1","floor":24},{"not_picked":["Doppelganger+1","Deadly Poison+1"],"picked":"Unload+1","floor":29},{"not_picked":["Backflip+1","Expertise+1"],"picked":"Underhanded Strike+1","floor":30},{"not_picked":["Deflect+1","Heel Hook+1"],"picked":"Dash+1","floor":31},{"not_picked":["Die Die Die+1","Wraith Form v2"],"picked":"Storm of Steel+1","floor":33},{"not_picked":[],"picked":"Flying Knee+1","floor":35},{"not_picked":["Catalyst+1"],"picked":"SKIP","floor":36},{"not_picked":["Bane+1"],"picked":"SKIP","floor":39},{"not_picked":[],"picked":"Sucker Punch+1","floor":40},{"not_picked":[],"picked":"Dagger Spray+1","floor":42},{"not_picked":["Bane+1"],"picked":"SKIP","floor":44},{"not_picked":["Catalyst+1"],"picked":"SKIP","floor":45},{"not_picked":["Finisher+1"],"picked":"SKIP","floor":47},{"not_picked":[],"picked":"Blade Dance+1","floor":54}],"player_experience":4601481,"relics_obtained":[{"floor":6,"key":"Tiny Chest"},{"floor":8,"key":"Du-Vu Doll"},{"floor":9,"key":"Ninja Scroll"},{"floor":11,"key":"The Courier"},{"floor":14,"key":"Tough Bandages"},{"floor":17,"key":"Omamori"},{"floor":17,"key":"Toxic Egg 2"},{"floor":17,"key":"Turnip"},{"floor":19,"key":"Pocketwatch"},{"floor":19,"key":"Molten Egg 2"},{"floor":23,"key":"Anchor"},{"floor":26,"key":"Dodecahedron"},{"floor":29,"key":"Strawberry"},{"floor":31,"key":"Whetstone"},{"floor":40,"key":"Darkstone Periapt"},{"floor":42,"key":"Pantograph"},{"floor":43,"key":"Blue Candle"},{"floor":44,"key":"Girya"},{"floor":46,"key":"War Paint"},{"floor":48,"key":"Ginger"},{"floor":54,"key":"Sundial"}],"event_choices":[{"damage_healed":0,"gold_gain":0,"player_choice":"2 cards matched","damage_taken":0,"max_hp_gain":0,"max_hp_loss":0,"event_name":"Match and Keep!","floor":2,"gold_loss":0,"cards_obtained":["Deflect","Predator"]},{"cards_removed":["Strike_G"],"damage_healed":0,"gold_gain":0,"player_choice":"Card Removal","damage_taken":0,"max_hp_gain":0,"max_hp_loss":0,"event_name":"Wheel of Change","floor":12,"gold_loss":0},{"damage_healed":0,"gold_gain":0,"player_choice":"Fight","damage_taken":0,"max_hp_gain":0,"max_hp_loss":0,"event_name":"Colosseum","floor":19,"gold_loss":0},{"damage_healed":0,"gold_gain":0,"player_choice":"Fought Nobs","damage_taken":0,"max_hp_gain":0,"max_hp_loss":0,"event_name":"Colosseum","floor":19,"gold_loss":0},{"damage_healed":0,"gold_gain":0,"player_choice":"Got Potions","damage_taken":0,"max_hp_gain":0,"max_hp_loss":0,"event_name":"Lab","floor":20,"gold_loss":0},{"damage_healed":0,"gold_gain":0,"player_choice":"Fight","damage_taken":0,"max_hp_gain":0,"max_hp_loss":0,"event_name":"Mysterious Sphere","floor":48,"gold_loss":0}],"is_beta":true,"boss_relics":[{"not_picked":["Coffee Dripper","Orrery"],"picked":"Calling Bell"},{"not_picked":["Snecko Eye","Lizard Tail"],"picked":"Busted Crown"}],"items_purged_floors":[22],"is_endless":false,"potions_floor_spawned":[1,3,5,8,14,18,19,30,33,44,47,48],"ascension_level":1}