{"gold_per_floor":[113,126,142,157,175,175,201,201,272,272,120,137,169,187,187,285,285,299,314,239,239,339,339,373,373,400,430,118,118,132,164,164,267,267,281,281,293,43,62,62,92,109,109,128,153,153,171,187,187,187],"floor_reached":51,"playtime":4023,"items_purged":["Strike_G","Strike_G"],"score":941,"play_id":"52d40c11-5a54-4090-952c-f1049f558ec8","local_time":"20190214181454","is_ascension_mode":true,"campfire_choices":[{"data":"Neutralize","floor":6,"key":"SMITH"},{"data":"Adrenaline","floor":8,"key":"SMITH"},{"data":"Skewer","floor":10,"key":"SMITH"},{"data":"1","floor":15,"key":"LIFT"},{"data":"2","floor":23,"key":"LIFT"},{"floor":25,"key":"REST"},{"data":"Storm of Steel","floor":29,"key":"SMITH"},{"data":"Phantasmal Killer","floor":32,"key":"SMITH"},{"floor":46,"key":"REST"},{"data":"3","floor":49,"key":"LIFT"}],"neow_cost":"NONE","seed_source_timestamp":214005678827,"circlet_count":0,"master_deck":["Defend_G","Defend_G+1","Defend_G","Defend_G","Defend_G+1","Strike_G","Strike_G","Strike_G","Survivor","Neutralize+1","Adrenaline+1","Backstab","Footwork","Well Laid Plans","Dagger Throw","Skewer+1","Poisoned Stab","Cloak And Dagger","Adrenaline","Dagger Spray","PiercingWail+1","Noxious Fumes","Calculated Gamble","Storm of Steel+1","Flying Knee","Phantasmal Killer+1","Bullet Time","Decay","Blade Dance+1","Blur+1","Backstab+1","Cloak And Dagger+1","Caltrops+1"],"relics":["Ring of the Snake","Girya","Ornamental Fan","Happy Flower","Incense Burner","Runic Pyramid","Nunchaku","Paper Crane","Anchor","War Paint","Centennial Puzzle","Calipers","Regal Pillow","WristBlade","Bag of Preparation","Darkstone Periapt","Ancient Tea Set"],"potions_floor_usage":[7,22,24,27,33,33,41,50,50,50],"damage_taken":[{"damage":0,"enemies":"Cultist","floor":1,"turns":3},{"damage":0,"enemies":"Jaw Worm","floor":2,"turns":4},{"damage":0,"enemies":"Small Slimes","floor":3,"turns":4},{"damage":0,"enemies":"2 Fungi Beasts","floor":4,"turns":3},{"damage":7,"enemies":"Exordium Wildlife","floor":5,"turns":8},{"damage":1,"enemies":"Lagavulin","floor":7,"turns":6},{"damage":0,"enemies":"Blue Slaver","floor":12,"turns":5},{"damage":3,"enemies":"Gremlin Nob","floor":13,"turns":3},{"damage":0,"enemies":"Large Slime","floor":14,"turns":5},{"damage":16,"enemies":"Hexaghost","floor":16,"turns":10},{"damage":1,"enemies":"2 Thieves","floor":18,"turns":3},{"damage":2,"enemies":"Shell Parasite","floor":19,"turns":4},{"damage":2,"enemies":"Colosseum Slavers","floor":22,"turns":4},{"damage":9,"enemies":"Colosseum Nobs","floor":22,"turns":5},{"damage":25,"enemies":"Gremlin Leader","floor":24,"turns":7},{"damage":25,"enemies":"Slavers","floor":27,"turns":7},{"damage":0,"enemies":"Shelled Parasite and Fungi","floor":30,"turns":3},{"damage":0,"enemies":"Book of Stabbing","floor":31,"turns":5},{"damage":26,"enemies":"Automaton","floor":33,"turns":8},{"damage":0,"enemies":"3 Darklings","floor":35,"turns":3},{"damage":0,"enemies":"3 Shapes","floor":37,"turns":4},{"damage":0,"enemies":"Transient","floor":39,"turns":5},{"damage":11,"enemies":"Nemesis","floor":41,"turns":3},{"damage":38,"enemies":"Writhing Mass","floor":42,"turns":4},{"damage":0,"enemies":"Sphere and 2 Shapes","floor":44,"turns":3},{"damage":0,"enemies":"Jaw Worm Horde","floor":47,"turns":2},{"damage":0,"enemies":"Spire Growth","floor":48,"turns":2},{"damage":22,"enemies":"Awakened One","floor":50,"turns":14}],"seed_played":"-2027367440991526630","potions_obtained":[{"floor":1,"key":"SpeedPotion"},{"floor":2,"key":"GhostInAJar"},{"floor":3,"key":"FearPotion"},{"floor":4,"key":"SteroidPotion"},{"floor":14,"key":"Regen Potion"},{"floor":18,"key":"Fire Potion"},{"floor":24,"key":"FearPotion"},{"floor":27,"key":"Swift Potion"},{"floor":30,"key":"AttackPotion"},{"floor":39,"key":"Strength Potion"},{"floor":42,"key":"Energy Potion"},{"floor":47,"key":"SkillPotion"}],"is_trial":false,"path_per_floor":["M","M","M","M","M","R","E","R","T","R","$","M","E","M","R","B",null,"M","M","$","?","?","R","E","R","T","E","$","R","M","E","R","B",null,"M","?","M","$","M","?","E","M","T","M","T","R","M","M","R","B",null],"character_chosen":"THE_SILENT","items_purchased":["Happy Flower","Calipers","Bag of Preparation"],"campfire_rested":2,"item_purchase_floors":[11,28,38],"current_hp_per_floor":[63,63,63,63,56,56,55,55,55,55,55,55,52,52,52,36,62,61,59,59,59,48,48,37,58,58,33,33,33,33,33,33,7,54,54,54,54,54,54,54,43,5,5,5,5,41,41,41,41,19],"gold":187,"neow_bonus":"ONE_RANDOM_RARE_CARD","is_prod":false,"is_daily":false,"chose_seed":false,"campfire_upgraded":5,"win_rate":0,"timestamp":1550196894,"path_taken":["M","M","M","M","M","R","E","R","T","R","$","M","E","M","R","BOSS","M","M","$","?","?","R","E","R","T","E","$","R","M","E","R","BOSS","M","?","?","$","M","?","E","M","T","M","?","R","M","M","R","BOSS"],"build_version":"2019-01-23","purchased_purges":2,"victory":true,"max_hp_per_floor":[70,70,70,70,70,70,70,70,70,70,70,70,70,70,70,70,70,70,70,70,70,70,70,70,70,70,70,70,70,70,70,70,70,70,70,70,70,70,70,70,70,70,70,70,70,70,70,70,70,70],"card_choices":[{"not_picked":["Tactician","Underhanded Strike"],"picked":"Backstab","floor":1},{"not_picked":["PiercingWail","Deadly Poison"],"picked":"Footwork","floor":2},{"not_picked":["Flechettes","Deadly Poison"],"picked":"Well Laid Plans","floor":3},{"not_picked":["Bane","Heel Hook","Underhanded Strike"],"picked":"SKIP","floor":4},{"not_picked":["Backflip","Blade Dance"],"picked":"Dagger Throw","floor":5},{"not_picked":["Slice","Reflex"],"picked":"Skewer","floor":7},{"not_picked":["Glass Knife","Expertise"],"picked":"Poisoned Stab","floor":12},{"not_picked":["Masterful Stab","Dagger Throw","Slice"],"picked":"SKIP","floor":13},{"not_picked":["Blur","Infinite Blades"],"picked":"Cloak And Dagger","floor":14},{"not_picked":["Tools of the Trade","Grand Finale"],"picked":"Adrenaline","floor":16},{"not_picked":["Dagger Throw","Quick Slash"],"picked":"Dagger Spray","floor":18},{"not_picked":["Outmaneuver","Masterful Stab+1"],"picked":"PiercingWail+1","floor":19},{"not_picked":["Glass Knife","PiercingWail"],"picked":"Calculated Gamble","floor":24},{"not_picked":["Deflect","Slice","Storm of Steel"],"picked":"SKIP","floor":27},{"not_picked":["Deflect","Slice"],"picked":"Storm of Steel","floor":27},{"not_picked":["Heel Hook+1","Slice+1"],"picked":"Flying Knee","floor":30},{"not_picked":["Slice","Prepared"],"picked":"Phantasmal Killer","floor":31},{"not_picked":["Die Die Die","Burst"],"picked":"Bullet Time","floor":33},{"not_picked":["Terror","Bane","Slice+1"],"picked":"SKIP","floor":35},{"not_picked":["Slice+1","Dagger Spray"],"picked":"Blade Dance+1","floor":37},{"not_picked":["Deflect+1","Bane","Cloak And Dagger"],"picked":"SKIP","floor":39},{"not_picked":["Quick Slash","Blade Dance"],"picked":"Blur+1","floor":41},{"not_picked":["Infinite Blades","Dodge and Roll"],"picked":"Backstab+1","floor":42},{"not_picked":["Bane","Quick Slash+1"],"picked":"Cloak And Dagger+1","floor":44},{"not_picked":["Poisoned Stab+1","Outmaneuver"],"picked":"Caltrops+1","floor":47},{"not_picked":["Underhanded Strike","Flying Knee","Skewer+1"],"picked":"SKIP","floor":48}],"player_experience":150699,"relics_obtained":[{"floor":7,"key":"Girya"},{"floor":9,"key":"Ornamental Fan"},{"floor":13,"key":"Incense Burner"},{"floor":22,"key":"Nunchaku"},{"floor":22,"key":"Paper Crane"},{"floor":24,"key":"Anchor"},{"floor":26,"key":"War Paint"},{"floor":27,"key":"Centennial Puzzle"},{"floor":31,"key":"Regal Pillow"},{"floor":41,"key":"Darkstone Periapt"},{"floor":45,"key":"Ancient Tea Set"}],"event_choices":[{"damage_healed":0,"gold_gain":0,"player_choice":"Read","damage_taken":0,"max_hp_gain":0,"max_hp_loss":0,"event_name":"The Library","floor":21,"gold_loss":0,"cards_obtained":["Noxious Fumes"]},{"damage_healed":0,"gold_gain":0,"player_choice":"Fight","damage_taken":0,"max_hp_gain":0,"max_hp_loss":0,"event_name":"Colosseum","floor":22,"gold_loss":0},{"damage_healed":0,"gold_gain":0,"player_choice":"Fought Nobs","damage_taken":0,"max_hp_gain":0,"max_hp_loss":0,"event_name":"Colosseum","floor":22,"gold_loss":0},{"damage_healed":0,"gold_gain":0,"player_choice":"Cursed","damage_taken":0,"max_hp_gain":0,"max_hp_loss":0,"event_name":"Wheel of Change","floor":36,"gold_loss":0,"cards_obtained":["Decay"]},{"damage_healed":0,"gold_gain":0,"player_choice":"Memory 1","damage_taken":0,"max_hp_gain":0,"max_hp_loss":0,"event_name":"SensoryStone","floor":40,"gold_loss":0}],"is_beta":false,"boss_relics":[{"not_picked":["Coffee Dripper","HoveringKite"],"picked":"Runic Pyramid"},{"not_picked":["Astrolabe","Black Star"],"picked":"WristBlade"}],"items_purged_floors":[20,38],"is_endless":false,"potions_floor_spawned":[1,2,3,4,14,18,24,27,30,31,39,42,47],"ascension_level":6}