{"gold_per_floor":[112,112,112,124,124,124,140,140,140,152,152],"floor_reached":11,"playtime":326,"items_purged":[],"score":126,"play_id":"b6185978-f373-4143-81b5-96e58d55cd97","local_time":"20190220215403","is_ascension_mode":true,"campfire_choices":[{"data":"Bash","floor":6.0,"key":"SMITH"}],"neow_cost":"NONE","seed_source_timestamp":162188346947200,"circlet_count":0,"master_deck":["AscendersBane","Strike_R","Strike_R","Strike_R","Strike_R","Strike_R","Defend_R","Defend_R","Defend_R","Defend_R","Bash+1","Cleave","Sword Boomerang","Iron Wave","Dark Embrace+1"],"special_seed":0,"relics":["Burning Blood","Juzu Bracelet","Frozen Egg 2","Mummified Hand"],"potions_floor_usage":[11],"damage_taken":[{"damage":9.0,"enemies":"2 Louse","floor":1.0,"turns":4.0},{"damage":4.0,"enemies":"Small Slimes","floor":4.0,"turns":4.0},{"damage":2.0,"enemies":"Cultist","floor":7.0,"turns":4.0},{"damage":25,"enemies":"Large Slime","floor":10,"turns":6},{"damage":46,"enemies":"3 Sentries","floor":11,"turns":5}],"seed_played":"-4326814119849213679","potions_obtained":[{"floor":1.0,"key":"Dexterity Potion"},{"floor":7.0,"key":"Dexterity Potion"}],"is_trial":false,"path_per_floor":["M","?","?","M","?","R","M","?","T","M","E"],"character_chosen":"IRONCLAD","items_purchased":[],"campfire_rested":0,"item_purchase_floors":[],"current_hp_per_floor":[72,77,77,79,53,53,57,57,57,38,0],"gold":152,"neow_bonus":"TEN_PERCENT_HP_BONUS","is_prod":false,"is_daily":false,"chose_seed":false,"campfire_upgraded":1,"win_rate":0,"timestamp":1550667243,"path_taken":["M","?","?","M","?","R","M","?","T","M","E"],"build_version":"2019-01-23","purchased_purges":0,"victory":false,"max_hp_per_floor":[82,87,87,87,87,87,87,87,87,87,87],"card_choices":[{"not_picked":["Body Slam","Rage"],"picked":"Cleave","floor":1.0},{"not_picked":["Rupture","Thunderclap"],"picked":"Sword Boomerang","floor":4.0},{"not_picked":["Sword Boomerang","Power Through"],"picked":"Iron Wave","floor":7.0},{"not_picked":["Thunderclap","Flex"],"picked":"Dark Embrace+1","floor":10}],"player_experience":1147798,"relics_obtained":[{"floor":9.0,"key":"Mummified Hand"}],"event_choices":[{"damage_healed":0.0,"max_hp_gain":5.0,"max_hp_loss":0.0,"gold_gain":0.0,"event_name":"Big Fish","player_choice":"Donut","floor":2.0,"gold_loss":0.0,"damage_taken":0.0},{"damage_healed":0.0,"max_hp_gain":0.0,"max_hp_loss":0.0,"gold_gain":0.0,"event_name":"WeMeetAgain","player_choice":"Gave Potion","floor":3.0,"gold_loss":0.0,"damage_taken":0.0,"relics_obtained":["Juzu Bracelet"]},{"damage_healed":0.0,"max_hp_gain":0.0,"max_hp_loss":0.0,"gold_gain":0.0,"event_name":"Scrap Ooze","player_choice":"Success","floor":5.0,"gold_loss":0.0,"damage_taken":26.0,"relics_obtained":["Frozen Egg 2"]},{"damage_healed":0.0,"max_hp_gain":0.0,"max_hp_loss":0.0,"gold_gain":0.0,"event_name":"Liars Game","player_choice":"Ignored","floor":8.0,"gold_loss":0.0,"damage_taken":0.0}],"is_beta":false,"boss_relics":[],"items_purged_floors":[],"is_endless":false,"potions_floor_spawned":[1,7],"killed_by":"3 Sentries","ascension_level":20}