{"gold_per_floor":[114,131,151,161,178,178,210,210,291,304,304,315,347,360,360,439,439,451,462,352,352],"floor_reached":21,"playtime":708,"items_purged":[],"score":515,"play_id":"254725fd-04a3-4af2-acc1-64ea8d448727","local_time":"20190210220816","is_ascension_mode":true,"campfire_choices":[{"data":"Barrage","floor":6.0,"key":"SMITH"},{"data":"Electrodynamics","floor":11.0,"key":"SMITH"},{"data":"Rainbow","floor":15.0,"key":"SMITH"}],"neow_cost":"NONE","seed_source_timestamp":1220906276463900,"circlet_count":0,"master_deck":["AscendersBane","Strike_B","Strike_B","Strike_B","Defend_B","Defend_B","Defend_B","Defend_B","Zap","Dualcast","Barrage+1","Loop","Glacier","Sweeping Beam","Ball Lightning+1","Electrodynamics+1","Capacitor","Sunder","Rainbow+1","Echo Form","White Noise+1","Stack+1"],"special_seed":0,"relics":["Cracked Core","Strawberry","Pear","Cables","Matryoshka","Sozu"],"potions_floor_usage":[16,19],"damage_taken":[{"damage":1.0,"enemies":"Cultist","floor":1.0,"turns":3.0},{"damage":3.0,"enemies":"2 Louse","floor":2.0,"turns":3.0},{"damage":10.0,"enemies":"Small Slimes","floor":3.0,"turns":3.0},{"damage":3.0,"enemies":"3 Louse","floor":4.0,"turns":6.0},{"damage":16.0,"enemies":"Large Slime","floor":5.0,"turns":5.0},{"damage":23.0,"enemies":"Gremlin Nob","floor":7.0,"turns":4.0},{"damage":2.0,"enemies":"Blue Slaver","floor":10.0,"turns":3.0},{"damage":0.0,"enemies":"Exordium Wildlife","floor":12.0,"turns":2.0},{"damage":5.0,"enemies":"3 Sentries","floor":13.0,"turns":5.0},{"damage":5.0,"enemies":"3 Louse","floor":14.0,"turns":3.0},{"damage":0,"enemies":"Slime Boss","floor":16,"turns":5},{"damage":13,"enemies":"3 Byrds","floor":18,"turns":2},{"damage":21,"enemies":"Shell Parasite","floor":19,"turns":4},{"damage":47,"enemies":"Shelled Parasite and Fungi","floor":21,"turns":2}],"seed_played":"-7727385671828447478","potions_obtained":[{"floor":2.0,"key":"SkillPotion"},{"floor":4.0,"key":"PowerPotion"},{"floor":5.0,"key":"AttackPotion"},{"floor":7.0,"key":"Block Potion"},{"floor":13.0,"key":"AttackPotion"}],"is_trial":false,"path_per_floor":["M","M","M","M","M","R","E","T","T","M","R","M","E","M","R","B",null,"M","M","?","M"],"character_chosen":"DEFECT","items_purchased":[],"campfire_rested":0,"item_purchase_floors":[],"current_hp_per_floor":[70,67,57,54,38,38,22,32,32,30,30,30,25,20,20,20,76,63,42,42,0],"gold":352,"neow_bonus":"TEN_PERCENT_HP_BONUS","is_prod":false,"is_daily":false,"chose_seed":false,"campfire_upgraded":3,"win_rate":0,"timestamp":1549804096,"path_taken":["M","M","M","?","M","R","E","?","T","M","R","M","E","M","R","BOSS","M","M","?","?"],"build_version":"2019-01-23","purchased_purges":0,"victory":false,"max_hp_per_floor":[78,78,78,78,78,78,85,95,95,95,95,95,95,95,95,95,95,95,95,95,95],"card_choices":[{"not_picked":["Darkness","Leap"],"picked":"Barrage","floor":1.0},{"not_picked":["Capacitor","Compile Driver"],"picked":"Loop","floor":2.0},{"not_picked":["Go for the Eyes","Fusion"],"picked":"Glacier","floor":3.0},{"not_picked":["Go for the Eyes","Redo"],"picked":"Sweeping Beam","floor":4.0},{"not_picked":["Rebound","Scrape"],"picked":"Ball Lightning","floor":5.0},{"not_picked":["Lockon","Heatsinks"],"picked":"Electrodynamics","floor":7.0},{"not_picked":["Rebound","Streamline","Compile Driver"],"picked":"SKIP","floor":10.0},{"not_picked":["Gash","Beam Cell"],"picked":"Capacitor","floor":12.0},{"not_picked":["Double Energy","Go for the Eyes"],"picked":"Sunder","floor":13.0},{"not_picked":["BootSequence","Beam Cell"],"picked":"Rainbow","floor":14.0},{"not_picked":["All For One","Multi-Cast"],"picked":"Echo Form","floor":16},{"not_picked":["Rebound","Melter"],"picked":"White Noise+1","floor":18},{"not_picked":["Streamline+1","Lockon"],"picked":"Stack+1","floor":19}],"player_experience":1114629,"relics_obtained":[{"floor":7.0,"key":"Strawberry"},{"floor":8.0,"key":"Pear"},{"floor":9.0,"key":"Cables"},{"floor":13.0,"key":"Matryoshka"}],"event_choices":[{"cards_removed":["Strike_B"],"damage_healed":0,"gold_gain":0,"player_choice":"Upgrade and Remove","damage_taken":0,"max_hp_gain":0,"max_hp_loss":0,"event_name":"Designer","floor":20,"gold_loss":110,"cards_upgraded":["Ball Lightning"]}],"is_beta":false,"boss_relics":[{"not_picked":["Astrolabe","Coffee Dripper"],"picked":"Sozu"}],"items_purged_floors":[],"is_endless":false,"potions_floor_spawned":[2,4,5,7,13,14,19],"killed_by":"Shelled Parasite and Fungi","ascension_level":20}