{"gold_per_floor":[113,126,126,147,97,97,97,97,97,115,156,176,201,225,225,346,346,366,366,391,94,94,94,127,127,201,240,240,261,275,0,0,121,121,134,134,158,172,38,38,98,118,141,185,104,104],"floor_reached":46,"playtime":3831,"items_purged":["Barricade","Armaments"],"score":490,"play_id":"76687dc2-958b-41e2-bd2a-bd6368d05f7e","local_time":"20190131214618","is_ascension_mode":false,"campfire_choices":[{"data":"Sword Boomerang","floor":6.0,"key":"SMITH"},{"data":"Twin Strike","floor":8.0,"key":"SMITH"},{"data":"Feed","floor":15.0,"key":"SMITH"},{"floor":23.0,"key":"REST"},{"floor":25.0,"key":"REST"},{"floor":28.0,"key":"REST"},{"floor":32.0,"key":"REST"},{"floor":40.0,"key":"REST"}],"neow_cost":"NONE","seed_source_timestamp":0,"circlet_count":0,"master_deck":["Strike_R","Strike_R","Strike_R","Strike_R","Strike_R","Defend_R","Defend_R","Defend_R","Defend_R","Bash","Twin Strike+1","Sword Boomerang+1","Pommel Strike","Rage","Pummel","Feed+1","Pommel Strike+1","Spot Weakness","Inflame","Double Tap","Limit Break","Infernal Blade+1","Inflame","Limit Break+1","Cleave+1","Cleave","Inflame","Parasite","Reaper"],"special_seed":0,"relics":["Burning Blood","Blood Vial","Golden Idol","Shuriken","Question Card","Bottled Flame","Sozu","Bronze Scales","Toxic Egg 2","Vajra","Busted Crown","Gambling Chip","Strawberry","Mercury Hourglass"],"potions_floor_usage":[46,46],"damage_taken":[{"damage":14.0,"enemies":"2 Louse","floor":1.0,"turns":4.0},{"damage":0.0,"enemies":"Small Slimes","floor":2.0,"turns":5.0},{"damage":8.0,"enemies":"Jaw Worm","floor":4.0,"turns":3.0},{"damage":10.0,"enemies":"Looter","floor":10.0,"turns":2.0},{"damage":6.0,"enemies":"Gremlin Nob","floor":11.0,"turns":3.0},{"damage":24.0,"enemies":"Gremlin Gang","floor":12.0,"turns":5.0},{"damage":1.0,"enemies":"Exordium Thugs","floor":13.0,"turns":4.0},{"damage":0.0,"enemies":"2 Fungi Beasts","floor":14.0,"turns":2.0},{"damage":17.0,"enemies":"Slime Boss","floor":16.0,"turns":7.0},{"damage":30.0,"enemies":"2 Thieves","floor":18.0,"turns":3.0},{"damage":5.0,"enemies":"Chosen","floor":20.0,"turns":3.0},{"damage":39.0,"enemies":"Slavers","floor":24.0,"turns":5.0},{"damage":38.0,"enemies":"Gremlin Leader","floor":27.0,"turns":4.0},{"damage":8.0,"enemies":"Snecko","floor":29.0,"turns":3.0},{"damage":18.0,"enemies":"Shelled Parasite and Fungi","floor":30.0,"turns":3.0},{"damage":79.0,"enemies":"Champ","floor":33.0,"turns":7.0},{"damage":34.0,"enemies":"3 Darklings","floor":35.0,"turns":3.0},{"damage":15.0,"enemies":"Orb Walker","floor":37.0,"turns":2.0},{"damage":27.0,"enemies":"Spire Growth","floor":38.0,"turns":3.0},{"damage":38.0,"enemies":"2 Orb Walkers","floor":41.0,"turns":3.0},{"damage":0.0,"enemies":"Writhing Mass","floor":42.0,"turns":3.0},{"damage":34,"enemies":"Reptomancer","floor":44,"turns":3},{"damage":33,"enemies":"Giant Head","floor":46,"turns":5}],"seed_played":"-185163628281057515","potions_obtained":[{"floor":1.0,"key":"Dexterity Potion"},{"floor":11.0,"key":"Fire Potion"},{"floor":12.0,"key":"Swift Potion"},{"floor":13.0,"key":"Ancient Potion"}],"is_trial":false,"path_per_floor":["M","M","?","M","?","R","?","R","T","M","E","M","M","M","R","B",null,"M","?","M","$","?","R","E","R","T","E","R","M","M","?","R","B",null,"M","?","M","M","$","R","?","M","T","E","$","E"],"character_chosen":"IRONCLAD","items_purchased":["Inflame","Double Tap","Inflame","Reaper"],"campfire_rested":5,"item_purchase_floors":[21,21,39,45],"current_hp_per_floor":[72,80,74,72,72,72,69,69,69,67,69,53,60,68,68,59,74,54,54,57,57,57,78,45,68,68,38,61,61,55,55,79,8,82,54,54,47,28,28,52,22,30,37,11,11,0],"gold":104,"neow_bonus":"RANDOM_COMMON_RELIC","is_prod":false,"is_daily":false,"chose_seed":false,"campfire_upgraded":3,"win_rate":0.0,"timestamp":1548999978,"path_taken":["M","M","?","M","?","R","?","R","T","M","E","M","M","?","R","BOSS","M","?","?","$","?","R","E","R","T","E","R","M","M","?","R","BOSS","M","?","M","M","$","R","?","M","T","E","$","E"],"build_version":"2019-01-23","purchased_purges":2,"victory":false,"max_hp_per_floor":[80,80,74,74,74,74,74,74,74,74,74,74,74,74,74,74,74,78,78,78,78,78,78,78,78,78,78,78,78,82,82,82,82,82,82,82,82,82,82,82,82,82,89,89,89,89],"card_choices":[{"not_picked":["Dropkick","Anger"],"picked":"Twin Strike","floor":1.0},{"not_picked":["Pummel","Infernal Blade"],"picked":"Shockwave","floor":2.0},{"not_picked":["Disarm","Seeing Red"],"picked":"Sword Boomerang","floor":4.0},{"not_picked":["Clash","Clothesline","Twin Strike"],"picked":"Pommel Strike","floor":10.0},{"not_picked":["Twin Strike","Anger","Heavy Blade"],"picked":"Rage","floor":11.0},{"not_picked":["Bloodletting","Burning Pact","Metallicize"],"picked":"Pummel","floor":12.0},{"not_picked":["Clothesline","Anger","Heavy Blade","Iron Wave"],"picked":"SKIP","floor":13.0},{"not_picked":["Armaments","Shrug It Off","Pummel"],"picked":"Feed","floor":14.0},{"not_picked":["Brutality","Impervious","Fiend Fire"],"picked":"Barricade","floor":16.0},{"not_picked":["Twin Strike","Metallicize","Armaments"],"picked":"Pommel Strike+1","floor":18.0},{"not_picked":["True Grit+1","Intimidate","Body Slam"],"picked":"Armaments","floor":20.0},{"not_picked":["Disarm","Intimidate","Perfected Strike"],"picked":"Limit Break","floor":24.0},{"not_picked":["Seeing Red+1","Combust+1","Armaments+1"],"picked":"Infernal Blade+1","floor":27.0},{"not_picked":["Blood for Blood","Sever Soul+1","Armaments+1"],"picked":"Inflame","floor":29.0},{"not_picked":["Rampage","Burning Pact+1","Warcry+1","Bloodletting+1"],"picked":"SKIP","floor":30.0},{"not_picked":["Reaper","Offering+1","Juggernaut"],"picked":"Limit Break+1","floor":33.0},{"not_picked":["Hemokinesis"],"picked":"Cleave+1","floor":35.0},{"not_picked":["Headbutt"],"picked":"Cleave","floor":37.0},{"not_picked":["Pommel Strike","Flex+1"],"picked":"SKIP","floor":38.0},{"not_picked":["Headbutt+1","Clash"],"picked":"SKIP","floor":42.0},{"not_picked":["Anger","Searing Blow"],"picked":"SKIP","floor":44}],"player_experience":4188,"relics_obtained":[{"floor":9.0,"key":"Question Card"},{"floor":11.0,"key":"Bottled Flame"},{"floor":24.0,"key":"Bronze Scales"},{"floor":26.0,"key":"Toxic Egg 2"},{"floor":27.0,"key":"Vajra"},{"floor":41.0,"key":"Gambling Chip"},{"floor":43,"key":"Strawberry"},{"floor":44,"key":"Mercury Hourglass"}],"event_choices":[{"damage_healed":0.0,"max_hp_gain":0.0,"max_hp_loss":6.0,"gold_gain":0.0,"event_name":"Golden Idol","player_choice":"Lose Max HP","floor":3.0,"gold_loss":0.0,"damage_taken":0.0,"relics_obtained":["Golden Idol"]},{"cards_removed":["Shockwave"],"damage_healed":0.0,"max_hp_gain":0.0,"max_hp_loss":0.0,"gold_gain":0.0,"event_name":"The Cleric","player_choice":"Card Removal","floor":5.0,"gold_loss":50.0,"damage_taken":0.0},{"damage_healed":0.0,"max_hp_gain":0.0,"max_hp_loss":0.0,"gold_gain":0.0,"event_name":"Scrap Ooze","player_choice":"Success","floor":7.0,"gold_loss":0.0,"damage_taken":3.0,"relics_obtained":["Shuriken"]},{"damage_healed":0.0,"max_hp_gain":0.0,"max_hp_loss":0.0,"gold_gain":0.0,"event_name":"Match and Keep!","player_choice":"2 cards matched","floor":19.0,"gold_loss":0.0,"damage_taken":0.0,"cards_obtained":["Spot Weakness","Iron Wave"]},{"damage_healed":0.0,"max_hp_gain":0.0,"max_hp_loss":0.0,"gold_gain":0.0,"event_name":"Ghosts","player_choice":"Ignored","floor":22.0,"gold_loss":0.0,"damage_taken":0.0},{"damage_healed":0.0,"max_hp_gain":0.0,"max_hp_loss":0.0,"gold_gain":0.0,"event_name":"Masked Bandits","player_choice":"Paid Fearfully","floor":31.0,"gold_loss":275.0,"damage_taken":0.0},{"cards_removed":["Iron Wave"],"damage_healed":0.0,"max_hp_gain":0.0,"max_hp_loss":0.0,"gold_gain":0.0,"event_name":"Falling","player_choice":"Removed Attack","floor":36.0,"gold_loss":0.0,"damage_taken":0.0},{"damage_healed":0.0,"max_hp_gain":0.0,"max_hp_loss":0.0,"gold_gain":0.0,"event_name":"Mysterious Sphere","player_choice":"Fight","floor":41.0,"gold_loss":0.0,"damage_taken":0.0}],"is_beta":false,"boss_relics":[{"not_picked":["Runic Cube","Velvet Choker"],"picked":"Sozu"},{"not_picked":["Orrery","Eternal Feather"],"picked":"Busted Crown"}],"items_purged_floors":[21,39],"is_endless":false,"potions_floor_spawned":[1,11,12,13,14,20,29,38,44],"killed_by":"Giant Head","ascension_level":0}