{"gold_per_floor":[114,124,143,157,171,199,199,234,234,248,261,272,272,305,305,305],"floor_reached":16,"playtime":750,"items_purged":[],"score":252,"play_id":"889c7427-d136-4695-9fee-765a7f9fd441","local_time":"20190123194648","is_ascension_mode":true,"campfire_choices":[{"data":"FTL","floor":7,"key":"SMITH"},{"floor":13,"key":"REST"},{"floor":15,"key":"REST"}],"neow_cost":"NONE","seed_source_timestamp":1160987485085784,"circlet_count":0,"master_deck":["AscendersBane","Strike_B","Strike_B","Strike_B","Strike_B","Defend_B","Defend_B","Defend_B","Defend_B","Zap","Dualcast","Sweeping Beam","Cold Snap","Melter","Coolheaded","FTL+1","Hologram","Coolheaded","Sunder","Glacier","Conserve Battery","Conserve Battery"],"relics":["Cracked Core","NeowsBlessing","Bronze Scales","Question Card","Blue Candle","Darkstone Periapt"],"potions_floor_usage":[6,8,11,12,14,16],"damage_taken":[{"damage":0,"enemies":"Jaw Worm","floor":1,"turns":1},{"damage":0,"enemies":"Small Slimes","floor":2,"turns":1},{"damage":0,"enemies":"2 Louse","floor":3,"turns":1},{"damage":8,"enemies":"Blue Slaver","floor":4,"turns":4},{"damage":10,"enemies":"Looter","floor":5,"turns":4},{"damage":6,"enemies":"Gremlin Nob","floor":6,"turns":3},{"damage":18,"enemies":"Lagavulin","floor":8,"turns":9},{"damage":11,"enemies":"Exordium Wildlife","floor":10,"turns":4},{"damage":9,"enemies":"3 Louse","floor":11,"turns":2},{"damage":0,"enemies":"Large Slime","floor":12,"turns":3},{"damage":8,"enemies":"Gremlin Nob","floor":14,"turns":3},{"damage":39,"enemies":"Slime Boss","floor":16,"turns":7}],"seed_played":"5087053340676146219","potions_obtained":[{"floor":3,"key":"Dexterity Potion"},{"floor":4,"key":"Strength Potion"},{"floor":6,"key":"Dexterity Potion"},{"floor":10,"key":"Dexterity Potion"},{"floor":11,"key":"Poison Potion"},{"floor":12,"key":"PowerPotion"}],"is_trial":false,"path_per_floor":["M","M","M","M","M","E","R","E","T","M","M","M","R","E","R","B"],"character_chosen":"DEFECT","items_purchased":[],"campfire_rested":2,"item_purchase_floors":[],"current_hp_per_floor":[64,64,64,56,46,40,40,22,22,11,2,2,23,15,36,0],"gold":305,"neow_bonus":"THREE_ENEMY_KILL","is_prod":false,"is_daily":false,"chose_seed":false,"campfire_upgraded":1,"win_rate":0,"timestamp":1548290808,"path_taken":["M","M","M","M","M","E","R","E","T","M","M","M","R","E","R","BOSS"],"build_version":"2019-01-23","purchased_purges":0,"victory":false,"max_hp_per_floor":[71,71,71,71,71,71,71,71,71,71,71,71,71,71,71,71],"card_choices":[{"not_picked":["Turbo","Recycle"],"picked":"Sweeping Beam","floor":1},{"not_picked":["Hologram","Self Repair"],"picked":"Cold Snap","floor":2},{"not_picked":["Chaos","Redo"],"picked":"Melter","floor":3},{"not_picked":["Storm","White Noise"],"picked":"Coolheaded","floor":4},{"not_picked":["Lockon","White Noise"],"picked":"FTL","floor":5},{"not_picked":["Redo","Scrape"],"picked":"Hologram","floor":6},{"not_picked":["Leap","Gash"],"picked":"Coolheaded","floor":8},{"not_picked":["Reprogram","Gash","Aggregate"],"picked":"Sunder","floor":10},{"not_picked":["Loop","Go for the Eyes","Barrage"],"picked":"Glacier","floor":11},{"not_picked":["Steam","Stack","Meteor Strike"],"picked":"Conserve Battery","floor":12},{"not_picked":["Beam Cell","Leap","Doom and Gloom"],"picked":"Conserve Battery","floor":14}],"player_experience":806700,"relics_obtained":[{"floor":6,"key":"Bronze Scales"},{"floor":8,"key":"Question Card"},{"floor":9,"key":"Blue Candle"},{"floor":14,"key":"Darkstone Periapt"}],"event_choices":[],"is_beta":true,"boss_relics":[],"items_purged_floors":[],"is_endless":false,"potions_floor_spawned":[3,4,6,10,11,12],"killed_by":"Slime Boss","ascension_level":20}