{"gold_per_floor":[109,109,121,132,132,158,158,192,192,192,210,225,252,266,266,363,363,381,401,401,2,14,14,42,42,116,126,158,158,193,43,43,139,139,157,157,36,36,0,34,34,45,45,21,21,53,53,71,71,71,71,71,21,47,47],"floor_reached":56,"playtime":3566,"items_purged":["Normality","Body Slam"],"score":1696,"play_id":"76c1044f-6e2c-4d78-8638-e42a27ef1c15","local_time":"20190129160515","is_ascension_mode":true,"campfire_choices":[{"data":"Perfected Strike","floor":7,"key":"SMITH"},{"data":"Metallicize","floor":10,"key":"SMITH"},{"data":"Corruption","floor":15,"key":"SMITH"},{"data":"Battle Trance","floor":23,"key":"SMITH"},{"floor":25,"key":"REST"},{"data":"Dark Embrace","floor":32,"key":"SMITH"},{"floor":41,"key":"REST"},{"data":"Corruption","floor":45,"key":"SMITH"},{"floor":47,"key":"RECALL"},{"data":"Perfected Strike","floor":49,"key":"SMITH"},{"data":"Feel No Pain","floor":52,"key":"SMITH"}],"neow_cost":"NONE","seed_source_timestamp":3815717559656665,"circlet_count":0,"master_deck":["Strike_R","Strike_R","Strike_R","Strike_R","Strike_R+1","Defend_R","Defend_R","Defend_R","Defend_R","Bash","Battle Trance+1","Perfected Strike+1","Metallicize+1","Pommel Strike","Ghostly Armor","Pommel Strike+1","Corruption+1","Havoc","Offering+1","Iron Wave+1","Perfected Strike+1","Havoc+1","Flame Barrier+1","Disarm","Dark Embrace+1","Perfected Strike","Feel No Pain+1","Immolate","Feed","Writhe","Pain","Pommel Strike+1","Power Through","Discovery","Dark Shackles","Dark Shackles","Corruption+1","Bloodletting+1","Havoc","Infernal Blade+1","Second Wind","Battle Trance"],"relics":["Burning Blood","Blue Candle","Dead Branch","Du-Vu Doll","Bag of Marbles","Sozu","Bag of Preparation","Lantern","Mercury Hourglass","Darkstone Periapt","Whetstone","Torii","Calling Bell","Smiling Mask","Gremlin Horn","Ginger","Red Mask","Orichalcum","Blood Vial","Bottled Lightning"],"potions_floor_usage":[6,8,16,55,55],"damage_taken":[{"damage":2,"enemies":"2 Louse","floor":1,"turns":3},{"damage":6,"enemies":"Cultist","floor":3,"turns":3},{"damage":3,"enemies":"Small Slimes","floor":4,"turns":3},{"damage":33,"enemies":"3 Sentries","floor":6,"turns":9},{"damage":22,"enemies":"Gremlin Nob","floor":8,"turns":5},{"damage":2,"enemies":"Looter","floor":11,"turns":3},{"damage":9,"enemies":"Red Slaver","floor":12,"turns":3},{"damage":0,"enemies":"3 Sentries","floor":13,"turns":6},{"damage":11,"enemies":"Large Slime","floor":14,"turns":3},{"damage":0,"enemies":"Slime Boss","floor":16,"turns":6},{"damage":11,"enemies":"Shell Parasite","floor":18,"turns":5},{"damage":17,"enemies":"2 Thieves","floor":19,"turns":3},{"damage":6,"enemies":"3 Cultists","floor":22,"turns":2},{"damage":13,"enemies":"Gremlin Leader","floor":24,"turns":3},{"damage":6,"enemies":"Snake Plant","floor":27,"turns":2},{"damage":7,"enemies":"Slavers","floor":28,"turns":3},{"damage":6,"enemies":"Gremlin Leader","floor":30,"turns":3},{"damage":6,"enemies":"Automaton","floor":33,"turns":5},{"damage":10,"enemies":"3 Darklings","floor":35,"turns":1},{"damage":35,"enemies":"Nemesis","floor":40,"turns":5},{"damage":5,"enemies":"Orb Walker","floor":42,"turns":3},{"damage":8,"enemies":"Reptomancer","floor":46,"turns":5},{"damage":3,"enemies":"Sphere and 2 Shapes","floor":48,"turns":2},{"damage":14,"enemies":"Time Eater","floor":50,"turns":7},{"damage":9,"enemies":"Shield and Spear","floor":54,"turns":7},{"damage":68,"enemies":"The Heart","floor":55,"turns":6}],"seed_played":"-1565041712392353427","potions_obtained":[{"floor":3,"key":"GamblersBrew"},{"floor":5,"key":"EssenceOfSteel"},{"floor":5,"key":"Strength Potion"},{"floor":11,"key":"AttackPotion"},{"floor":12,"key":"Ancient Potion"}],"is_trial":false,"path_per_floor":["M","?","M","M","?","E","R","E","T","R","M","M","E","M","R","B",null,"M","M","?","$","M","R","E","R","T","M","E","?","E","$","R","B",null,"M","?","$","?","?","E","R","M","T","$","R","E","R","M","R","B",null,"R","$","E","B",null],"character_chosen":"IRONCLAD","items_purchased":["Perfected Strike","Bag of Preparation","Lantern","Havoc","Feel No Pain","Immolate","Power Through","Havoc"],"campfire_rested":2,"item_purchase_floors":[21,21,21,21,31,31,37,44],"current_hp_per_floor":[80,80,80,80,80,53,53,37,37,37,41,38,44,39,39,45,80,75,64,64,64,64,64,57,80,80,80,79,79,79,79,79,79,98,94,94,94,84,84,55,84,85,85,85,85,83,83,91,91,85,101,101,101,101,41],"gold":47,"neow_bonus":"THREE_CARDS","is_prod":false,"is_daily":false,"chose_seed":false,"campfire_upgraded":8,"win_rate":0,"timestamp":1548795915,"path_taken":["M","?","?","M","?","E","R","E","T","R","?","M","E","M","R","BOSS","M","M","?","$","?","R","E","R","T","M","E","?","E","?","R","BOSS","M","?","$","?","?","E","R","?","T","$","R","E","R","M","R","BOSS","R","$","E","BOSS"],"build_version":"2019-01-23","purchased_purges":2,"victory":true,"max_hp_per_floor":[80,80,80,80,80,80,80,80,80,80,80,80,80,80,80,80,80,80,80,80,80,80,80,80,80,80,80,80,80,80,80,80,80,98,98,98,98,98,98,98,98,98,98,98,98,98,98,101,101,101,101,101,101,104,104],"card_choices":[{"not_picked":["Blood for Blood","Iron Wave"],"picked":"Battle Trance","floor":0},{"not_picked":["Warcry","Wild Strike"],"picked":"Body Slam","floor":1},{"not_picked":["Sentinel","Searing Blow","Sword Boomerang"],"picked":"SKIP","floor":3},{"not_picked":["Power Through","Fire Breathing"],"picked":"Perfected Strike","floor":4},{"not_picked":["Demon Form","Flex"],"picked":"Metallicize","floor":6},{"not_picked":["Armaments","Iron Wave"],"picked":"Pommel Strike","floor":8},{"not_picked":["Iron Wave","Flex"],"picked":"Ghostly Armor","floor":11},{"not_picked":["Seeing Red","Cleave"],"picked":"Pommel Strike","floor":12},{"not_picked":["Bloodletting","Shockwave"],"picked":"Corruption","floor":13},{"not_picked":["Wild Strike","Clothesline"],"picked":"Havoc","floor":14},{"not_picked":["Limit Break","Bludgeon"],"picked":"Offering","floor":16},{"not_picked":["Corruption+1","Pummel","Sword Boomerang"],"picked":"SKIP","floor":18},{"not_picked":["Body Slam","Twin Strike"],"picked":"Iron Wave+1","floor":19},{"not_picked":["Body Slam","Clothesline"],"picked":"Havoc+1","floor":22},{"not_picked":["Metallicize+1","Shockwave"],"picked":"Flame Barrier+1","floor":24},{"not_picked":["Clash","Sever Soul"],"picked":"Disarm","floor":27},{"not_picked":["Flex","Iron Wave"],"picked":"Dark Embrace","floor":28},{"not_picked":["Thunderclap","Armaments"],"picked":"Perfected Strike","floor":30},{"not_picked":["Reaper","Double Tap"],"picked":"Feed","floor":33},{"not_picked":["Evolve+1","Metallicize+1"],"picked":"Pommel Strike+1","floor":35},{"not_picked":["HandOfGreed","Bandage Up"],"picked":"Discovery","floor":38},{"not_picked":["Trip","Panacea"],"picked":"Dark Shackles","floor":38},{"not_picked":["Forethought","Impatience"],"picked":"Dark Shackles","floor":38},{"not_picked":["Searing Blow","Thunderclap"],"picked":"Corruption","floor":40},{"not_picked":["Pommel Strike+1","Blood for Blood"],"picked":"Bloodletting+1","floor":42},{"not_picked":["Feed","Cleave+1"],"picked":"Infernal Blade+1","floor":46},{"not_picked":["Thunderclap","Sword Boomerang+1"],"picked":"Second Wind","floor":48},{"not_picked":["Cleave","Corruption"],"picked":"Battle Trance","floor":54}],"player_experience":4257378,"relics_obtained":[{"floor":6,"key":"Blue Candle"},{"floor":8,"key":"Dead Branch"},{"floor":9,"key":"Du-Vu Doll"},{"floor":13,"key":"Bag of Marbles"},{"floor":24,"key":"Mercury Hourglass"},{"floor":26,"key":"Darkstone Periapt"},{"floor":28,"key":"Whetstone"},{"floor":30,"key":"Torii"},{"floor":34,"key":"Smiling Mask"},{"floor":34,"key":"Gremlin Horn"},{"floor":34,"key":"Ginger"},{"floor":40,"key":"Orichalcum"},{"floor":46,"key":"Blood Vial"},{"floor":54,"key":"Bottled Lightning"}],"event_choices":[{"damage_healed":0,"gold_gain":0,"player_choice":"Bought 0 Potions","damage_taken":0,"max_hp_gain":0,"max_hp_loss":0,"event_name":"The Woman in Blue","floor":2,"gold_loss":0},{"damage_healed":0,"gold_gain":0,"player_choice":"Got Potions","damage_taken":0,"max_hp_gain":0,"max_hp_loss":0,"event_name":"Lab","floor":5,"gold_loss":0},{"damage_healed":0,"gold_gain":0,"player_choice":"Upgraded","damage_taken":0,"max_hp_gain":0,"max_hp_loss":0,"event_name":"Upgrade Shrine","floor":20,"gold_loss":0,"cards_upgraded":["Offering"]},{"damage_healed":0,"gold_gain":0,"player_choice":"Ignored","damage_taken":0,"max_hp_gain":0,"max_hp_loss":0,"event_name":"N\u0027loth","floor":29,"gold_loss":0},{"cards_removed":["Havoc"],"damage_healed":0,"gold_gain":0,"player_choice":"Removed Skill","damage_taken":0,"max_hp_gain":0,"max_hp_loss":0,"event_name":"Falling","floor":36,"gold_loss":0},{"damage_healed":0,"gold_gain":0,"player_choice":"Memory 3","damage_taken":10,"max_hp_gain":0,"max_hp_loss":0,"event_name":"SensoryStone","floor":38,"gold_loss":0},{"damage_healed":0,"gold_gain":0,"player_choice":"Paid","damage_taken":0,"relics_obtained":["Red Mask"],"max_hp_gain":0,"max_hp_loss":0,"event_name":"Tomb of Lord Red Mask","floor":39,"gold_loss":36}],"is_beta":true,"boss_relics":[{"not_picked":["Ectoplasm","Mark of Pain"],"picked":"Sozu"},{"not_picked":["Fusion Hammer","Orrery"],"picked":"Calling Bell"}],"items_purged_floors":[37,53],"is_endless":false,"potions_floor_spawned":[3,11,12,13,18,19,27,28,30,46,48,54],"ascension_level":1}