{"gold_per_floor":[119,119,119,144,169,169,207,207,256,280,313,313,338,382,382,510,510,529,579,302,217,241,272,397,428,428,446,446,459,0,18,18,138,138,153,278,297,297,321,321,360,360,360,142,163,178,52,52,52,52],"floor_reached":51,"playtime":2467,"items_purged":["Strike_R","Strike_R","Strike_R","Strike_R"],"score":785,"play_id":"12e2f62f-950f-48ef-b3b0-ac2ae8f02f7c","local_time":"20190212153639","is_ascension_mode":false,"campfire_choices":[{"data":"Bash","floor":6,"key":"SMITH"},{"data":"Uppercut","floor":8,"key":"SMITH"},{"floor":12,"key":"REST"},{"data":"Spot Weakness","floor":15,"key":"SMITH"},{"data":"Heavy Blade","floor":28,"key":"SMITH"},{"data":"Immolate","floor":32,"key":"SMITH"},{"data":"Armaments","floor":40,"key":"SMITH"},{"data":"Limit Break","floor":42,"key":"SMITH"},{"data":"Inflame","floor":49,"key":"SMITH"}],"neow_cost":"NONE","seed_source_timestamp":57410211518229,"circlet_count":0,"master_deck":["Defend_R","Defend_R","Defend_R","Bash+1","Clothesline","Anger","Iron Wave","Uppercut+1","Spot Weakness+1","Battle Trance","True Grit","Immolate+1","Pummel","Twin Strike","Iron Wave+1","Heavy Blade+1","Heavy Blade+1","Shrug It Off+1","Impervious","Limit Break+1","Seeing Red","Shrug It Off","Armaments+1","True Grit+1","Inflame+1","Flex+1"],"relics":["Burning Blood","Golden Idol","Pen Nib","Happy Flower","Turnip","Blood Vial","Cursed Key","OrangePellets","Anchor","Shovel","Ice Cream","Blue Candle","PreservedInsect","Membership Card","Centennial Puzzle","Ancient Tea Set","Black Star","Magic Flower","Red Skull","Smiling Mask","Ornamental Fan","Vajra"],"potions_floor_usage":[23,24,50,50],"damage_taken":[{"damage":6,"enemies":"Cultist","floor":1,"turns":4},{"damage":5,"enemies":"Small Slimes","floor":4,"turns":4},{"damage":1,"enemies":"Jaw Worm","floor":5,"turns":4},{"damage":19,"enemies":"Gremlin Nob","floor":7,"turns":5},{"damage":13,"enemies":"Exordium Thugs","floor":10,"turns":5},{"damage":19,"enemies":"3 Sentries","floor":11,"turns":6},{"damage":2,"enemies":"Large Slime","floor":13,"turns":5},{"damage":16,"enemies":"Lagavulin","floor":14,"turns":4},{"damage":14,"enemies":"The Guardian","floor":16,"turns":8},{"damage":5,"enemies":"2 Thieves","floor":18,"turns":3},{"damage":0,"enemies":"Chosen","floor":22,"turns":2},{"damage":19,"enemies":"Slavers","floor":23,"turns":4},{"damage":7,"enemies":"Colosseum Slavers","floor":24,"turns":3},{"damage":0,"enemies":"Colosseum Nobs","floor":24,"turns":2},{"damage":2,"enemies":"Gremlin Leader","floor":25,"turns":4},{"damage":6,"enemies":"Snake Plant","floor":27,"turns":4},{"damage":0,"enemies":"Cultist and Chosen","floor":29,"turns":3},{"damage":0,"enemies":"Centurion and Healer","floor":31,"turns":4},{"damage":7,"enemies":"Collector","floor":33,"turns":5},{"damage":12,"enemies":"3 Darklings","floor":35,"turns":3},{"damage":6,"enemies":"Mind Bloom Boss Battle","floor":36,"turns":5},{"damage":2,"enemies":"3 Shapes","floor":37,"turns":4},{"damage":14,"enemies":"3 Darklings","floor":39,"turns":6},{"damage":4,"enemies":"Giant Head","floor":41,"turns":3},{"damage":0,"enemies":"Transient","floor":45,"turns":5},{"damage":15,"enemies":"Sphere and 2 Shapes","floor":46,"turns":4},{"damage":37,"enemies":"Awakened One","floor":50,"turns":7}],"seed_played":"4993283423126155664","potions_obtained":[{"floor":10,"key":"PowerPotion"},{"floor":11,"key":"FearPotion"},{"floor":13,"key":"FearPotion"},{"floor":16,"key":"Energy Potion"},{"floor":23,"key":"SteroidPotion"},{"floor":31,"key":"Ancient Potion"},{"floor":45,"key":"PowerPotion"}],"is_trial":false,"path_per_floor":["M","?","?","M","M","R","E","R","T","M","E","R","M","E","R","B",null,"M","?","$","?","M","E","?","E","T","M","R","M","$","M","R","B",null,"M","?","M","T","M","R","E","R","T","$","M","M","$","?","R","B",null],"character_chosen":"IRONCLAD","items_purchased":["OrangePellets","Membership Card","Centennial Puzzle","Ancient Tea Set","Block Potion","Impervious","Inflame","Ornamental Fan","Vajra"],"campfire_rested":1,"item_purchase_floors":[20,30,30,30,30,30,44,44,47],"current_hp_per_floor":[80,60,65,66,71,71,58,58,58,51,38,63,67,57,57,51,85,85,85,85,85,85,72,81,85,85,85,85,85,85,85,85,84,85,79,81,85,85,80,80,85,85,85,85,85,79,79,79,79,54],"gold":52,"neow_bonus":"REMOVE_CARD","is_prod":false,"is_daily":false,"chose_seed":false,"campfire_upgraded":8,"win_rate":0,"timestamp":1549982199,"path_taken":["M","?","?","M","M","R","E","R","T","M","E","R","M","E","R","BOSS","M","?","?","?","M","E","?","E","T","M","R","?","$","M","R","BOSS","M","?","M","?","M","R","E","R","T","?","M","M","$","?","R","BOSS"],"build_version":"2019-01-23","purchased_purges":4,"victory":true,"max_hp_per_floor":[80,80,85,85,85,85,85,85,85,85,85,85,85,85,85,85,85,85,85,85,85,85,85,85,85,85,85,85,85,85,85,85,85,85,85,85,85,85,85,85,85,85,85,85,85,85,85,85,85,85],"card_choices":[{"not_picked":["Headbutt","Iron Wave"],"picked":"Clothesline","floor":1},{"not_picked":["Hemokinesis","Pommel Strike"],"picked":"Anger","floor":4},{"not_picked":["Searing Blow","Perfected Strike"],"picked":"Iron Wave","floor":5},{"not_picked":["Thunderclap","Metallicize"],"picked":"Uppercut","floor":7},{"not_picked":["Blood for Blood","Clothesline"],"picked":"Spot Weakness","floor":10},{"not_picked":["Flex","Sword Boomerang"],"picked":"Battle Trance","floor":11},{"not_picked":["Warcry","Rage","Havoc"],"picked":"SKIP","floor":13},{"not_picked":["Dropkick","Clothesline"],"picked":"True Grit","floor":14},{"not_picked":["Fiend Fire","Brutality"],"picked":"Immolate","floor":16},{"not_picked":["True Grit","Clash+1"],"picked":"Pummel","floor":18},{"not_picked":["Entrench","Cleave"],"picked":"Twin Strike","floor":22},{"not_picked":["Blood for Blood+1","Dual Wield"],"picked":"Iron Wave+1","floor":23},{"not_picked":["Cleave","Dual Wield"],"picked":"Heavy Blade","floor":24},{"not_picked":["Thunderclap","Wild Strike","Juggernaut"],"picked":"SKIP","floor":25},{"not_picked":["Clothesline","Wild Strike"],"picked":"Heavy Blade+1","floor":27},{"not_picked":["Burning Pact+1","Seeing Red"],"picked":"Shrug It Off+1","floor":29},{"not_picked":["Warcry","Whirlwind+1","Body Slam"],"picked":"SKIP","floor":31},{"not_picked":["Immolate","Reaper"],"picked":"Limit Break","floor":33},{"not_picked":["Entrench","Anger"],"picked":"Seeing Red","floor":35},{"not_picked":["Feel No Pain+1","True Grit"],"picked":"Shrug It Off","floor":37},{"not_picked":["Wild Strike+1","Second Wind+1"],"picked":"Armaments","floor":39},{"not_picked":["Body Slam","Pommel Strike+1"],"picked":"True Grit+1","floor":41},{"not_picked":["Sword Boomerang+1","Intimidate","Berserk"],"picked":"SKIP","floor":45},{"not_picked":["Clothesline+1","True Grit+1"],"picked":"Flex+1","floor":46}],"player_experience":146459,"relics_obtained":[{"floor":7,"key":"Pen Nib"},{"floor":9,"key":"Happy Flower"},{"floor":11,"key":"Turnip"},{"floor":14,"key":"Blood Vial"},{"floor":23,"key":"Shovel"},{"floor":24,"key":"Ice Cream"},{"floor":24,"key":"Blue Candle"},{"floor":25,"key":"PreservedInsect"},{"floor":36,"key":"Magic Flower"},{"floor":41,"key":"Red Skull"},{"floor":41,"key":"Smiling Mask"}],"event_choices":[{"damage_healed":0,"gold_gain":0,"player_choice":"Take Damage","damage_taken":20,"relics_obtained":["Golden Idol"],"max_hp_gain":0,"max_hp_loss":0,"event_name":"Golden Idol","floor":2,"gold_loss":0},{"damage_healed":0,"gold_gain":0,"player_choice":"Donut","damage_taken":0,"max_hp_gain":5,"max_hp_loss":0,"event_name":"Big Fish","floor":3,"gold_loss":0},{"damage_healed":0,"gold_gain":100,"player_choice":"Bet on Murderer","damage_taken":0,"max_hp_gain":0,"max_hp_loss":0,"event_name":"The Joust","floor":19,"gold_loss":50},{"damage_healed":0,"gold_gain":0,"player_choice":"Obtained Relic","damage_taken":0,"relics_obtained":["Anchor"],"max_hp_gain":0,"max_hp_loss":0,"event_name":"Addict","floor":21,"gold_loss":85},{"damage_healed":0,"gold_gain":0,"player_choice":"Fight","damage_taken":0,"max_hp_gain":0,"max_hp_loss":0,"event_name":"Colosseum","floor":24,"gold_loss":0},{"damage_healed":0,"gold_gain":0,"player_choice":"Fought Nobs","damage_taken":0,"max_hp_gain":0,"max_hp_loss":0,"event_name":"Colosseum","floor":24,"gold_loss":0},{"damage_healed":0,"gold_gain":0,"player_choice":"Fight","damage_taken":0,"max_hp_gain":0,"max_hp_loss":0,"event_name":"MindBloom","floor":36,"gold_loss":0},{"cards_removed":["Defend_R"],"damage_healed":0,"gold_gain":0,"player_choice":"Removed Skill","damage_taken":0,"max_hp_gain":0,"max_hp_loss":0,"event_name":"Falling","floor":48,"gold_loss":0}],"is_beta":false,"boss_relics":[{"not_picked":["Fusion Hammer","Pandora\u0027s Box"],"picked":"Cursed Key"},{"not_picked":["Snecko Eye","Calling Bell"],"picked":"Black Star"}],"items_purged_floors":[20,30,44,47],"is_endless":false,"potions_floor_spawned":[10,11,13,16,18,23,24,31,35,41,45],"ascension_level":0}