{"gold_per_floor":[209,66,76,87,52,84,101,118,118,147,26,39,65,92,92,166,166,179,195,40,40,51,51,85,85,85,85,99,132,57,72,72,150,150,163,263,277,177,177,208,208,223,248,262,311,311,366,366],"floor_reached":48,"playtime":2368,"items_purged":["Strike_G","Strike_G"],"score":858,"play_id":"df3b3a37-e233-4fac-bf51-1dc8af5f4cd7","local_time":"20190218161319","is_ascension_mode":true,"campfire_choices":[{"floor":15,"key":"REST"},{"data":"Envenom","floor":23,"key":"SMITH"},{"floor":25,"key":"REST"},{"data":"Cloak And Dagger","floor":27,"key":"SMITH"},{"floor":32,"key":"REST"},{"floor":41,"key":"REST"},{"floor":46,"key":"REST"}],"neow_cost":"NONE","seed_source_timestamp":510729956996079,"circlet_count":0,"master_deck":["AscendersBane","Defend_G","Defend_G","Defend_G","Defend_G","Defend_G","Strike_G","Strike_G","Strike_G","Survivor","Neutralize","Footwork","Dagger Throw","Poisoned Stab","Doppelganger","Cloak And Dagger+1","Dagger Spray","Backstab+1","Flying Knee+1","Glass Knife+1","Leg Sweep","Quick Slash+1","Envenom+1","Dagger Throw+1","Footwork","PiercingWail","PiercingWail","Dagger Throw+1","Dodge and Roll","Glass Knife+1","Dash+1","Caltrops+1","Dagger Spray+1"],"relics":["Ring of the Snake","Juzu Bracelet","Vajra","Molten Egg 2","Art of War","Odd Mushroom","Busted Crown","Tiny Chest","Shuriken","Ninja Scroll","Omamori","WristBlade","Tough Bandages","Bag of Preparation","Blood Vial","Peace Pipe"],"potions_floor_usage":[6,10,14,24,31,33,42],"damage_taken":[{"damage":0,"enemies":"Cultist","floor":1,"turns":5},{"damage":3,"enemies":"2 Louse","floor":3,"turns":5},{"damage":5,"enemies":"Small Slimes","floor":4,"turns":3},{"damage":6,"enemies":"3 Sentries","floor":6,"turns":11},{"damage":0,"enemies":"Blue Slaver","floor":7,"turns":5},{"damage":5,"enemies":"Red Slaver","floor":8,"turns":4},{"damage":24,"enemies":"Gremlin Nob","floor":10,"turns":4},{"damage":1,"enemies":"Exordium Thugs","floor":12,"turns":4},{"damage":13,"enemies":"Lagavulin","floor":13,"turns":5},{"damage":0,"enemies":"The Mushroom Lair","floor":14,"turns":4},{"damage":22,"enemies":"The Guardian","floor":16,"turns":14},{"damage":0,"enemies":"Spheric Guardian","floor":18,"turns":3},{"damage":2,"enemies":"Shell Parasite","floor":19,"turns":4},{"damage":9,"enemies":"Centurion and Healer","floor":22,"turns":6},{"damage":38,"enemies":"Slavers","floor":24,"turns":7},{"damage":0,"enemies":"Chosen and Byrds","floor":28,"turns":4},{"damage":13,"enemies":"Book of Stabbing","floor":29,"turns":5},{"damage":5,"enemies":"Snake Plant","floor":31,"turns":3},{"damage":9,"enemies":"Automaton","floor":33,"turns":9},{"damage":3,"enemies":"Orb Walker","floor":35,"turns":3},{"damage":12,"enemies":"3 Shapes","floor":37,"turns":7},{"damage":30,"enemies":"Reptomancer","floor":40,"turns":7},{"damage":19,"enemies":"Maw","floor":42,"turns":7},{"damage":15,"enemies":"Spire Growth","floor":44,"turns":3},{"damage":22,"enemies":"2 Orb Walkers","floor":47,"turns":6},{"damage":24,"enemies":"Transient","floor":48,"turns":3}],"seed_played":"-792138542370621692","potions_obtained":[{"floor":1,"key":"Fire Potion"},{"floor":7,"key":"Explosive Potion"},{"floor":8,"key":"PowerPotion"},{"floor":12,"key":"Poison Potion"},{"floor":19,"key":"AttackPotion"},{"floor":22,"key":"GamblersBrew"},{"floor":33,"key":"GhostInAJar"},{"floor":37,"key":"Weak Potion"}],"is_trial":false,"path_per_floor":["M","$","M","M","?","E","M","M","T","E","$","M","E","?","R","B",null,"M","M","$","?","M","R","E","R","T","R","M","E","$","M","R","B",null,"M","?","M","$","?","E","R","M","T","M","T","R","?","M"],"character_chosen":"THE_SILENT","items_purchased":["Juzu Bracelet","Flying Knee+1","Footwork","Tiny Chest","GhostInAJar"],"campfire_rested":5,"item_purchase_floors":[2,11,20,20,30],"current_hp_per_floor":[63,63,60,55,70,64,64,59,59,35,35,34,21,21,42,20,58,58,56,56,56,47,47,9,30,30,30,30,17,17,12,33,24,59,56,56,44,44,44,14,35,16,16,1,1,22,2,0],"gold":366,"neow_bonus":"HUNDRED_GOLD","is_prod":false,"is_daily":false,"chose_seed":false,"campfire_upgraded":2,"win_rate":0,"timestamp":1550535199,"path_taken":["M","$","M","M","?","E","M","M","T","E","$","M","E","?","R","BOSS","M","M","$","?","M","R","E","R","T","R","M","E","$","M","R","BOSS","M","?","M","$","?","E","R","M","T","M","?","R","?","M"],"build_version":"2019-01-23","purchased_purges":2,"victory":false,"max_hp_per_floor":[70,70,70,70,70,70,70,70,70,70,70,70,70,70,70,70,70,70,70,70,70,70,70,70,70,70,70,70,70,70,70,70,70,70,70,70,70,70,70,70,70,70,70,70,70,70,70,70],"card_choices":[{"not_picked":["Dash","Deflect"],"picked":"Footwork","floor":1},{"not_picked":["Backflip","Riddle With Holes"],"picked":"Dagger Throw","floor":3},{"not_picked":["Acrobatics","Dash"],"picked":"Poisoned Stab","floor":4},{"not_picked":["Backflip","Blade Dance"],"picked":"Doppelganger","floor":6},{"not_picked":["Outmaneuver","Flying Knee"],"picked":"Cloak And Dagger","floor":7},{"not_picked":["Catalyst","Blade Dance"],"picked":"Dagger Spray","floor":8},{"not_picked":["Sucker Punch","Prepared"],"picked":"Backstab","floor":10},{"not_picked":["Outmaneuver","Blur"],"picked":"Glass Knife+1","floor":12},{"not_picked":["All Out Attack+1","Poisoned Stab+1"],"picked":"Leg Sweep","floor":13},{"not_picked":["Backflip","Bane+1"],"picked":"Quick Slash+1","floor":14},{"not_picked":["Night Terror","Venomology"],"picked":"Envenom","floor":16},{"not_picked":[],"picked":"Dagger Throw+1","floor":18},{"not_picked":["Riddle With Holes+1"],"picked":"SKIP","floor":19},{"not_picked":["Infinite Blades"],"picked":"SKIP","floor":22},{"not_picked":[],"picked":"PiercingWail","floor":24},{"not_picked":[],"picked":"Dagger Throw+1","floor":28},{"not_picked":[],"picked":"Dodge and Roll","floor":29},{"not_picked":["Bane+1"],"picked":"SKIP","floor":31},{"not_picked":[],"picked":"Glass Knife+1","floor":33},{"not_picked":[],"picked":"Dash+1","floor":35},{"not_picked":[],"picked":"Caltrops+1","floor":37},{"not_picked":["Dagger Throw+1"],"picked":"SKIP","floor":40},{"not_picked":[],"picked":"Dagger Spray+1","floor":42},{"not_picked":["Prepared"],"picked":"SKIP","floor":44}],"player_experience":204345,"relics_obtained":[{"floor":6,"key":"Vajra"},{"floor":10,"key":"Molten Egg 2"},{"floor":13,"key":"Art of War"},{"floor":14,"key":"Odd Mushroom"},{"floor":24,"key":"Shuriken"},{"floor":26,"key":"Ninja Scroll"},{"floor":29,"key":"Omamori"},{"floor":40,"key":"Tough Bandages"},{"floor":43,"key":"Bag of Preparation"},{"floor":45,"key":"Blood Vial"},{"floor":47,"key":"Peace Pipe"}],"event_choices":[{"damage_healed":17,"gold_gain":0,"player_choice":"Healed","damage_taken":0,"max_hp_gain":0,"max_hp_loss":0,"event_name":"The Cleric","floor":5,"gold_loss":35},{"damage_healed":0,"gold_gain":0,"player_choice":"Fought Mushrooms","damage_taken":0,"max_hp_gain":0,"max_hp_loss":0,"event_name":"Mushrooms","floor":14,"gold_loss":0},{"damage_healed":0,"gold_gain":0,"player_choice":"Read","damage_taken":0,"max_hp_gain":0,"max_hp_loss":0,"event_name":"The Library","floor":21,"gold_loss":0,"cards_obtained":["PiercingWail"]},{"damage_healed":0,"gold_gain":100,"player_choice":"Pray","damage_taken":0,"max_hp_gain":0,"max_hp_loss":0,"event_name":"Golden Shrine","floor":36,"gold_loss":0},{"damage_healed":0,"gold_gain":0,"player_choice":"Memory 1","damage_taken":0,"max_hp_gain":0,"max_hp_loss":0,"event_name":"SensoryStone","floor":39,"gold_loss":0},{"damage_healed":0,"gold_gain":0,"player_choice":"Fight","damage_taken":0,"max_hp_gain":0,"max_hp_loss":0,"event_name":"Mysterious Sphere","floor":47,"gold_loss":0}],"is_beta":false,"boss_relics":[{"not_picked":["Coffee Dripper","HoveringKite"],"picked":"Busted Crown"},{"not_picked":["Black Star","Fusion Hammer"],"picked":"WristBlade"}],"items_purged_floors":[11,38],"is_endless":false,"potions_floor_spawned":[1,7,8,12,19,22,33,37,40],"killed_by":"Transient","ascension_level":13}