{"gold_per_floor":[112,126,126,126,146,146,187,187,187,187,207,240,315,44,44,142,142,165,165,215,215,238,238,281,28,55,55,78,78,113,133,133,228,291,304,37,56,80,100,100,14,49,75,94,108,126,126,187,187,187,187],"floor_reached":51,"playtime":3355,"items_purged":["Strike_R","Strike_R+1"],"score":1450,"play_id":"508663fd-b5b3-4f36-beb8-a5a153dfa5c4","local_time":"20190128132414","is_ascension_mode":true,"campfire_choices":[{"data":"Clothesline","floor":6.0,"key":"SMITH"},{"data":"Feed","floor":8.0,"key":"SMITH"},{"data":"Cleave","floor":10.0,"key":"SMITH"},{"data":"Corruption","floor":15.0,"key":"SMITH"},{"data":"Fiend Fire","floor":23,"key":"SMITH"},{"data":"Infernal Blade","floor":27,"key":"SMITH"},{"data":"Rampage","floor":29,"key":"SMITH"},{"data":"Pommel Strike","floor":32,"key":"SMITH"},{"floor":40,"key":"REST"},{"floor":47,"key":"REST"},{"floor":49,"key":"REST"}],"neow_cost":"NONE","seed_source_timestamp":0,"circlet_count":0,"master_deck":["AscendersBane","Defend_R+1","Defend_R+1","Defend_R+1","Defend_R+1","Bash+1","Cleave+1","Clothesline+1","Pommel Strike+1","Feed+1","Iron Wave","Rampage+1","Corruption+1","Shrug It Off+1","Fiend Fire+1","Reaper+1","Dark Embrace+1","Feel No Pain+1","Shrug It Off","Shrug It Off+1","Infernal Blade+1","Flash of Steel","Armaments+1","Offering","Headbutt","Feel No Pain","Warcry","Sentinel","Shockwave","Havoc+1","Offering","Burning Pact+1"],"special_seed":0,"relics":["Burning Blood","NeowsBlessing","Golden Idol","Pear","Sundial","Bronze Scales","Astrolabe","Potion Belt","War Paint","Art of War","Ancient Tea Set","Tiny House","Pen Nib","Bottled Lightning","Anchor","Pocketwatch"],"potions_floor_usage":[24,33,38,38,42,42,50,51,51],"damage_taken":[{"damage":0.0,"enemies":"Small Slimes","floor":1.0,"turns":1.0},{"damage":0.0,"enemies":"Jaw Worm","floor":2.0,"turns":1.0},{"damage":0.0,"enemies":"2 Louse","floor":5.0,"turns":1.0},{"damage":24.0,"enemies":"Gremlin Nob","floor":7.0,"turns":4.0},{"damage":11.0,"enemies":"Large Slime","floor":11.0,"turns":6.0},{"damage":30.0,"enemies":"3 Sentries","floor":12.0,"turns":7.0},{"damage":23.0,"enemies":"Slime Boss","floor":16.0,"turns":11.0},{"damage":20,"enemies":"Spheric Guardian","floor":18,"turns":6},{"damage":5,"enemies":"Shell Parasite","floor":22,"turns":5},{"damage":16,"enemies":"Gremlin Leader","floor":24,"turns":7},{"damage":14,"enemies":"Shelled Parasite and Fungi","floor":28,"turns":4},{"damage":38,"enemies":"Book of Stabbing","floor":30,"turns":5},{"damage":5,"enemies":"Snecko","floor":31,"turns":8},{"damage":48,"enemies":"Champ","floor":33,"turns":23},{"damage":34,"enemies":"Orb Walker","floor":35,"turns":5},{"damage":55,"enemies":"3 Shapes","floor":37,"turns":8},{"damage":27,"enemies":"3 Darklings","floor":38,"turns":8},{"damage":6,"enemies":"Spire Growth","floor":39,"turns":5},{"damage":13,"enemies":"Giant Head","floor":42,"turns":7},{"damage":6,"enemies":"Writhing Mass","floor":44,"turns":6},{"damage":11,"enemies":"4 Shapes","floor":45,"turns":8},{"damage":60,"enemies":"3 Darklings","floor":46,"turns":7},{"damage":7,"enemies":"2 Orb Walkers","floor":48,"turns":3},{"damage":86,"enemies":"Time Eater","floor":50,"turns":15},{"damage":70,"enemies":"Awakened One","floor":51,"turns":6}],"seed_played":"-7532083333933990136","potions_obtained":[{"floor":5.0,"key":"GamblersBrew"},{"floor":7.0,"key":"Energy Potion"},{"floor":12.0,"key":"LiquidBronze"},{"floor":18,"key":"Poison Potion"},{"floor":24,"key":"BloodPotion"},{"floor":28,"key":"Ancient Potion"},{"floor":34,"key":"Regen Potion"},{"floor":35,"key":"Swift Potion"},{"floor":37,"key":"Strength Potion"},{"floor":44,"key":"PowerPotion"},{"floor":45,"key":"Weak Potion"},{"floor":46,"key":"GamblersBrew"},{"floor":48,"key":"SmokeBomb"}],"is_trial":false,"path_per_floor":["M","M","?","?","M","R","E","R","T","R","M","E","?","$","R","B",null,"M","?","?","?","M","R","E","$","T","R","M","R","E","M","R","B",null,"M","$","M","M","M","R","$","E","T","M","M","M","R","?","R","B","B"],"character_chosen":"IRONCLAD","items_purchased":["Corruption","Shrug It Off","AttackPotion","War Paint","Flash of Steel","Pen Nib","Sentinel"],"campfire_rested":3,"item_purchase_floors":[14,14,14,25,25,36,41],"current_hp_per_floor":[74,75,49,49,55,55,47,47,47,47,46,26,26,26,26,13,76,66,66,66,66,71,71,76,76,76,76,79,79,47,51,51,9,89,61,61,26,41,41,76,76,79,79,79,83,34,70,83,119,49,0],"gold":187,"neow_bonus":"THREE_ENEMY_KILL","is_prod":false,"is_daily":false,"chose_seed":false,"campfire_upgraded":8,"win_rate":0,"timestamp":1548699854,"path_taken":["M","M","?","?","M","R","E","R","T","R","M","E","?","$","R","BOSS","M","?","?","?","M","R","E","?","T","R","?","R","E","M","R","BOSS","M","$","M","M","?","R","$","E","T","M","M","M","R","?","R","BOSS","BOSS"],"build_version":"2019-01-23","purchased_purges":2,"victory":false,"max_hp_per_floor":[75,75,75,75,75,75,85,85,85,85,89,93,93,93,93,97,97,101,101,101,101,105,105,105,105,105,105,109,109,109,109,109,109,114,114,114,118,118,118,118,118,118,118,118,122,122,122,122,122,122,122],"card_choices":[{"not_picked":["Havoc","Twin Strike"],"picked":"Cleave","floor":1.0},{"not_picked":["Twin Strike","Battle Trance"],"picked":"Clothesline","floor":2.0},{"not_picked":["Clash","Fire Breathing"],"picked":"Pommel Strike","floor":5.0},{"not_picked":["Evolve","Twin Strike"],"picked":"Feed","floor":7.0},{"not_picked":["Twin Strike","Clothesline"],"picked":"Iron Wave","floor":11.0},{"not_picked":["Hemokinesis","Clash"],"picked":"Rampage","floor":12.0},{"not_picked":["Dark Embrace","Feed"],"picked":"Fiend Fire","floor":16.0},{"not_picked":["Flex","Bloodletting"],"picked":"Shrug It Off","floor":18},{"not_picked":["Heavy Blade","Entrench"],"picked":"Shrug It Off","floor":22},{"not_picked":["Body Slam","Cleave"],"picked":"Infernal Blade","floor":24},{"not_picked":["Iron Wave","Flex+1","Wild Strike"],"picked":"SKIP","floor":28},{"not_picked":["Pummel","Corruption"],"picked":"Armaments","floor":30},{"not_picked":["Perfected Strike","Whirlwind","Cleave"],"picked":"SKIP","floor":31},{"not_picked":["Limit Break","Exhume"],"picked":"Offering","floor":33},{"not_picked":["Headbutt","Iron Wave+1","Wild Strike"],"picked":"SKIP","floor":35},{"not_picked":["Iron Wave+1","Wild Strike"],"picked":"Headbutt","floor":35},{"not_picked":["Power Through+1","Intimidate"],"picked":"Feel No Pain","floor":37},{"not_picked":["Searing Blow","Twin Strike"],"picked":"Warcry","floor":38},{"not_picked":["Pummel","Iron Wave+1","Twin Strike"],"picked":"SKIP","floor":39},{"not_picked":["Metallicize","Ghostly Armor"],"picked":"Shockwave","floor":42},{"not_picked":["Inflame","Thunderclap"],"picked":"Havoc+1","floor":44},{"not_picked":["Cleave","Sword Boomerang","Carnage"],"picked":"SKIP","floor":45},{"not_picked":["Rampage","Anger"],"picked":"Offering","floor":46},{"not_picked":["Pommel Strike+1","Carnage+1"],"picked":"Burning Pact+1","floor":48}],"player_experience":827590,"relics_obtained":[{"floor":7.0,"key":"Pear"},{"floor":9.0,"key":"Sundial"},{"floor":12.0,"key":"Bronze Scales"},{"floor":24,"key":"Potion Belt"},{"floor":26,"key":"Art of War"},{"floor":30,"key":"Ancient Tea Set"},{"floor":42,"key":"Bottled Lightning"},{"floor":43,"key":"Anchor"},{"floor":48,"key":"Pocketwatch"}],"event_choices":[{"damage_healed":0.0,"max_hp_gain":0.0,"max_hp_loss":0.0,"gold_gain":0.0,"event_name":"Golden Idol","player_choice":"Take Damage","floor":3.0,"gold_loss":0.0,"damage_taken":26.0,"relics_obtained":["Golden Idol"]},{"damage_healed":0.0,"max_hp_gain":0.0,"max_hp_loss":0.0,"gold_gain":0.0,"event_name":"Living Wall","player_choice":"Grow","floor":4.0,"gold_loss":0.0,"damage_taken":0.0,"cards_upgraded":["Bash"]},{"damage_healed":0.0,"max_hp_gain":0.0,"max_hp_loss":0.0,"gold_gain":75.0,"event_name":"Golden Wing","player_choice":"Gained Gold","floor":13.0,"gold_loss":0.0,"damage_taken":0.0},{"damage_healed":0,"gold_gain":0,"player_choice":"Ignored","damage_taken":0,"max_hp_gain":0,"max_hp_loss":0,"event_name":"Ghosts","floor":19,"gold_loss":0},{"damage_healed":0,"gold_gain":50,"player_choice":"Stole From Cult","damage_taken":0,"max_hp_gain":0,"max_hp_loss":0,"event_name":"Nest","floor":20,"gold_loss":0},{"damage_healed":0,"gold_gain":0,"player_choice":"Simplicity","damage_taken":0,"max_hp_gain":0,"max_hp_loss":0,"event_name":"Back to Basics","floor":21,"gold_loss":0,"cards_upgraded":["Strike_R","Defend_R","Defend_R","Defend_R","Defend_R"]},{"damage_healed":0,"gold_gain":0,"player_choice":"Fight","damage_taken":0,"max_hp_gain":0,"max_hp_loss":0,"event_name":"Mysterious Sphere","floor":48,"gold_loss":0}],"is_beta":false,"boss_relics":[{"not_picked":["Fusion Hammer","White Beast Statue"],"picked":"Astrolabe"},{"not_picked":["Eternal Feather","Lizard Tail"],"picked":"Tiny House"}],"items_purged_floors":[14,36],"is_endless":false,"potions_floor_spawned":[5,7,12,18,24,28,35,37,44,45,46,48],"killed_by":"Awakened One","ascension_level":20}