{"gold_per_floor":[116,116,116,116,136,136,151,151,174,202,22,52,79,91,91,91],"floor_reached":16,"playtime":673,"items_purged":[],"score":124,"play_id":"c8f1de56-0b3c-4699-aaa0-e573e4a9fae7","local_time":"20190216122753","is_ascension_mode":true,"campfire_choices":[{"data":"Noxious Fumes","floor":6.0,"key":"SMITH"},{"data":"Poisoned Stab","floor":8.0,"key":"SMITH"},{"data":"Wraith Form v2","floor":15,"key":"SMITH"}],"neow_cost":"NONE","seed_source_timestamp":0,"circlet_count":0,"master_deck":["Defend_G","Defend_G","Defend_G","Defend_G","Defend_G","Strike_G","Strike_G","Strike_G+1","Strike_G+1","Strike_G","Survivor","Neutralize","Choke","Noxious Fumes+1","Poisoned Stab+1","Wraith Form v2+1","Deadly Poison","Catalyst","Dodge and Roll"],"special_seed":0,"relics":["Ring of the Snake","NeowsBlessing","Lantern","Juzu Bracelet","Vajra","Bronze Scales","The Courier","Centennial Puzzle"],"potions_floor_usage":[10,10,16,16],"damage_taken":[{"damage":0.0,"enemies":"Small Slimes","floor":1.0,"turns":1.0},{"damage":0.0,"enemies":"2 Louse","floor":5.0,"turns":1.0},{"damage":0.0,"enemies":"Cultist","floor":7.0,"turns":1.0},{"damage":2,"enemies":"3 Sentries","floor":10,"turns":6},{"damage":22,"enemies":"Gremlin Nob","floor":12,"turns":4},{"damage":1,"enemies":"Exordium Wildlife","floor":14,"turns":2},{"damage":20,"enemies":"Slime Boss","floor":16,"turns":6}],"seed_played":"72501693039527618","potions_obtained":[{"floor":4.0,"key":"Explosive Potion"},{"floor":4.0,"key":"Fire Potion"},{"floor":4.0,"key":"Ancient Potion"},{"floor":10,"key":"SkillPotion"},{"floor":12,"key":"Fire Potion"}],"is_trial":false,"path_per_floor":["M","?","?","?","M","R","M","R","T","E","$","E","T","M","R","B"],"character_chosen":"THE_SILENT","items_purchased":["Bronze Scales","Deadly Poison"],"campfire_rested":0,"item_purchase_floors":[11,11],"current_hp_per_floor":[70,56,44,44,44,44,44,44,44,42,42,20,20,19,19,0],"gold":91,"neow_bonus":"THREE_ENEMY_KILL","is_prod":false,"is_daily":false,"chose_seed":false,"campfire_upgraded":3,"win_rate":0,"timestamp":1550348873,"path_taken":["M","?","?","?","?","R","M","R","T","E","$","E","?","M","R","BOSS"],"build_version":"2019-01-23","purchased_purges":0,"victory":false,"max_hp_per_floor":[70,70,70,70,70,70,70,70,70,70,70,70,70,70,70,70],"card_choices":[{"not_picked":["Poisoned Stab","Masterful Stab"],"picked":"Choke","floor":1.0},{"not_picked":["Backflip","Dagger Spray"],"picked":"Noxious Fumes","floor":5.0},{"not_picked":["Concentrate","Escape Plan"],"picked":"Poisoned Stab","floor":7.0},{"not_picked":["Backflip","Bane"],"picked":"Wraith Form v2","floor":10},{"not_picked":["Backflip","Choke"],"picked":"Catalyst","floor":12},{"not_picked":["Bane","Prepared"],"picked":"Dodge and Roll","floor":14}],"player_experience":168388,"relics_obtained":[{"floor":9.0,"key":"Juzu Bracelet"},{"floor":10,"key":"Vajra"},{"floor":12,"key":"The Courier"},{"floor":13,"key":"Centennial Puzzle"}],"event_choices":[{"damage_healed":0.0,"max_hp_gain":0.0,"max_hp_loss":0.0,"gold_gain":0.0,"event_name":"Shining Light","player_choice":"Entered Light","floor":2.0,"gold_loss":0.0,"damage_taken":14.0,"cards_upgraded":["Strike_G","Strike_G"]},{"damage_healed":0.0,"max_hp_gain":0.0,"max_hp_loss":0.0,"gold_gain":0.0,"event_name":"Scrap Ooze","player_choice":"Success","floor":3.0,"gold_loss":0.0,"damage_taken":12.0,"relics_obtained":["Lantern"]},{"damage_healed":0.0,"max_hp_gain":0.0,"max_hp_loss":0.0,"gold_gain":0.0,"event_name":"Lab","player_choice":"Got Potions","floor":4.0,"gold_loss":0.0,"damage_taken":0.0}],"is_beta":false,"boss_relics":[],"items_purged_floors":[],"is_endless":false,"potions_floor_spawned":[5,10,12],"killed_by":"Slime Boss","ascension_level":3}