{"gold_per_floor":[116,126,143,143,156,156,174,205,205,505,505,529,549,10,10,10],"floor_reached":16,"playtime":1180,"items_purged":["Strike_R"],"score":104,"play_id":"94eb02d7-9773-4012-9600-42884fbb2346","local_time":"20190217013216","is_ascension_mode":false,"campfire_choices":[{"data":"Armaments","floor":6,"key":"SMITH"},{"floor":10,"key":"DIG"},{"data":"Armaments","floor":15,"key":"SMITH"}],"neow_cost":"NONE","seed_source_timestamp":158875228921212,"circlet_count":0,"master_deck":["Strike_R","Strike_R","Strike_R","Strike_R","Defend_R","Defend_R","Defend_R","Defend_R","Bash","Body Slam","Armaments+1","Corruption","Body Slam","Iron Wave","Body Slam","Cleave","Dual Wield","Armaments+1"],"relics":["Burning Blood","Golden Idol","Anchor","Shovel","Old Coin","Nunchaku","Tiny Chest","MealTicket"],"potions_floor_usage":[8,8,16,16],"damage_taken":[{"damage":0,"enemies":"Small Slimes","floor":1,"turns":3},{"damage":4,"enemies":"2 Louse","floor":2,"turns":3},{"damage":3,"enemies":"Cultist","floor":3,"turns":5},{"damage":8,"enemies":"2 Fungi Beasts","floor":5,"turns":5},{"damage":6,"enemies":"Exordium Thugs","floor":7,"turns":4},{"damage":19,"enemies":"Lagavulin","floor":8,"turns":6},{"damage":17,"enemies":"Large Slime","floor":12,"turns":8},{"damage":0,"enemies":"3 Louse","floor":13,"turns":1},{"damage":55,"enemies":"The Guardian","floor":16,"turns":8}],"seed_played":"4731069889247234882","potions_obtained":[{"floor":1,"key":"BloodPotion"},{"floor":2,"key":"PowerPotion"},{"floor":5,"key":"SpeedPotion"},{"floor":12,"key":"Strength Potion"}],"is_trial":false,"path_per_floor":["M","M","M","?","M","R","M","E","T","R","?","M","M","$","R","B"],"character_chosen":"IRONCLAD","items_purchased":["Armaments","Tiny Chest","MealTicket","FairyPotion"],"campfire_rested":0,"item_purchase_floors":[14,14,14,14],"current_hp_per_floor":[80,80,80,60,58,58,58,45,45,45,42,31,37,37,37,0],"gold":10,"neow_bonus":"THREE_CARDS","is_prod":false,"is_daily":false,"chose_seed":false,"campfire_upgraded":2,"win_rate":0.0,"timestamp":1550363536,"path_taken":["M","M","M","?","M","R","M","E","T","R","?","M","M","$","R","BOSS"],"build_version":"2019-01-23","purchased_purges":1,"victory":false,"max_hp_per_floor":[80,80,80,80,80,80,80,80,80,80,80,80,80,80,80,80],"card_choices":[{"not_picked":["Thunderclap","Clash"],"picked":"Body Slam","floor":0},{"not_picked":["Second Wind","Warcry"],"picked":"Armaments","floor":1},{"not_picked":["Infernal Blade","Pummel"],"picked":"Corruption","floor":2},{"not_picked":["Spot Weakness","True Grit"],"picked":"Body Slam","floor":3},{"not_picked":["True Grit","Warcry"],"picked":"Iron Wave","floor":5},{"not_picked":["Clash","Headbutt","Power Through"],"picked":"SKIP","floor":7},{"not_picked":["Sword Boomerang","Bludgeon"],"picked":"Body Slam","floor":8},{"not_picked":["Sword Boomerang","Flex"],"picked":"Cleave","floor":12},{"not_picked":["Anger","Searing Blow"],"picked":"Dual Wield","floor":13}],"player_experience":32607,"relics_obtained":[{"floor":8,"key":"Anchor"},{"floor":9,"key":"Shovel"},{"floor":10,"key":"Old Coin"}],"event_choices":[{"damage_healed":0,"gold_gain":0,"player_choice":"Take Damage","damage_taken":20,"relics_obtained":["Golden Idol"],"max_hp_gain":0,"max_hp_loss":0,"event_name":"Golden Idol","floor":4,"gold_loss":0},{"damage_healed":0,"gold_gain":0,"player_choice":"Success","damage_taken":3,"relics_obtained":["Nunchaku"],"max_hp_gain":0,"max_hp_loss":0,"event_name":"Scrap Ooze","floor":11,"gold_loss":0}],"is_beta":false,"boss_relics":[],"items_purged_floors":[14],"is_endless":false,"potions_floor_spawned":[1,2,5,12],"killed_by":"The Guardian","ascension_level":0}