{"gold_per_floor":[118,131,131,146,165,165,194,194,194,205,205,205,240,255,255,355,355,368,380,380,390,28,28,28],"floor_reached":24,"playtime":1755,"items_purged":["Decay"],"score":250,"play_id":"d748f816-7194-48c9-808f-2c5369baceb0","local_time":"20190213135537","is_ascension_mode":true,"campfire_choices":[{"data":"Zap","floor":6,"key":"SMITH"},{"data":"Tempest","floor":8,"key":"SMITH"},{"data":"Consume","floor":12,"key":"SMITH"},{"data":"Go for the Eyes","floor":15,"key":"SMITH"},{"data":"Reinforced Body","floor":23,"key":"SMITH"}],"neow_cost":"NONE","seed_source_timestamp":1276069884690800,"circlet_count":0,"master_deck":["Strike_B","Strike_B","Strike_B","Strike_B","Defend_B","Defend_B","Defend_B","Defend_B","Zap+1","Dualcast","Consume+1","Cold Snap","White Noise","Hologram","Tempest+1","Go for the Eyes+1","Loop+1","Reinforced Body+1","Echo Form+1","Go for the Eyes+1","BootSequence+1","Cold Snap"],"relics":["Cracked Core","NeowsBlessing","CultistMask","Bird Faced Urn","Mummified Hand","Mercury Hourglass","Frozen Egg 2","Inserter","Gremlin Horn"],"potions_floor_usage":[7,13,24],"damage_taken":[{"damage":0,"enemies":"Jaw Worm","floor":1,"turns":1},{"damage":0,"enemies":"Cultist","floor":2,"turns":1},{"damage":0,"enemies":"Small Slimes","floor":4,"turns":1},{"damage":21,"enemies":"3 Louse","floor":5,"turns":4},{"damage":23,"enemies":"Gremlin Nob","floor":7,"turns":4},{"damage":0,"enemies":"Large Slime","floor":10,"turns":4},{"damage":22,"enemies":"Lagavulin","floor":13,"turns":5},{"damage":1,"enemies":"Red Slaver","floor":14,"turns":4},{"damage":6,"enemies":"Hexaghost","floor":16,"turns":8},{"damage":3,"enemies":"Chosen","floor":18,"turns":5},{"damage":17,"enemies":"3 Byrds","floor":19,"turns":4},{"damage":40,"enemies":"Shelled Parasite and Fungi","floor":21,"turns":6},{"damage":38,"enemies":"Slavers","floor":24,"turns":2}],"seed_played":"5266466802437729195","potions_obtained":[{"floor":4,"key":"Block Potion"},{"floor":10,"key":"Fruit Juice"},{"floor":14,"key":"SmokeBomb"},{"floor":16,"key":"Regen Potion"},{"floor":18,"key":"EssenceOfSteel"}],"is_trial":false,"path_per_floor":["M","M","?","M","M","R","E","R","T","M","T","R","E","M","R","B",null,"M","M","?","M","$","R","E"],"character_chosen":"DEFECT","items_purchased":["Gremlin Horn","Cold Snap"],"campfire_rested":0,"item_purchase_floors":[22,22],"current_hp_per_floor":[75,75,75,75,54,54,31,31,31,31,31,31,14,17,17,15,80,77,63,63,27,27,27,0],"gold":28,"neow_bonus":"THREE_ENEMY_KILL","is_prod":false,"is_daily":false,"chose_seed":false,"campfire_upgraded":5,"win_rate":0,"timestamp":1550062537,"path_taken":["M","M","?","M","M","R","E","R","T","?","?","R","E","?","R","BOSS","M","M","?","?","$","R","E"],"build_version":"2019-01-23","purchased_purges":1,"victory":false,"max_hp_per_floor":[75,75,75,75,75,75,75,75,75,75,75,75,80,80,80,80,80,80,80,80,80,80,80,80],"card_choices":[{"not_picked":["Conserve Battery","Steam"],"picked":"Consume","floor":1},{"not_picked":["Redo","Ball Lightning"],"picked":"Cold Snap","floor":2},{"not_picked":["Leap","Coolheaded"],"picked":"White Noise","floor":4},{"not_picked":["Machine Learning","Force Field"],"picked":"Hologram","floor":5},{"not_picked":["Lockon","Barrage"],"picked":"Tempest","floor":7},{"not_picked":["Conserve Battery","Rebound"],"picked":"Go for the Eyes","floor":10},{"not_picked":["Auto Shields","Blizzard"],"picked":"Loop","floor":13},{"not_picked":["Rebound","Steam Power"],"picked":"Reinforced Body","floor":14},{"not_picked":["Rainbow","Electrodynamics+1"],"picked":"Echo Form+1","floor":16},{"not_picked":["Barrage","Chaos+1","Static Discharge+1"],"picked":"SKIP","floor":18},{"not_picked":["Steam Power","Storm+1"],"picked":"Go for the Eyes+1","floor":19},{"not_picked":["Gash+1","Genetic Algorithm"],"picked":"BootSequence+1","floor":21}],"player_experience":140006,"relics_obtained":[{"floor":7,"key":"Bird Faced Urn"},{"floor":9,"key":"Mummified Hand"},{"floor":11,"key":"Mercury Hourglass"},{"floor":13,"key":"Frozen Egg 2"}],"event_choices":[{"damage_healed":0,"gold_gain":0,"player_choice":"Trade","damage_taken":0,"relics_obtained":["CultistMask"],"max_hp_gain":0,"max_hp_loss":0,"event_name":"FaceTrader","floor":3,"gold_loss":0},{"damage_healed":0,"gold_gain":0,"player_choice":"Cursed","damage_taken":0,"max_hp_gain":0,"max_hp_loss":0,"event_name":"Wheel of Change","floor":20,"gold_loss":0,"cards_obtained":["Decay"]}],"is_beta":false,"boss_relics":[{"not_picked":["Tiny House","Nuclear Battery"],"picked":"Inserter"}],"items_purged_floors":[22],"is_endless":false,"potions_floor_spawned":[4,10,14,16,18],"killed_by":"Slavers","ascension_level":4}