{"gold_per_floor":[110,120,86,86,105,131,131,148,175,195,215,235,255,281,281,379,379,390,390,410,260,277,304,304,330,382,332,332],"floor_reached":28,"playtime":2043,"items_purged":["Strike_B"],"score":286,"play_id":"4d27660a-ca44-4d61-8760-0af1493f7363","local_time":"20190203221217","is_ascension_mode":true,"campfire_choices":[{"data":"Streamline","floor":7,"key":"SMITH"},{"data":"Blizzard","floor":15,"key":"SMITH"},{"data":"Blizzard","floor":24,"key":"SMITH"}],"neow_cost":"NONE","seed_source_timestamp":602420349313935,"circlet_count":0,"master_deck":["Strike_B","Strike_B","Strike_B","Defend_B","Defend_B","Defend_B","Defend_B","Zap","Dualcast","Glacier","Coolheaded","Fusion","Rip and Tear","Streamline+1","Beam Cell","Streamline","Hologram","Coolheaded","Steam","Blizzard+1","Electrodynamics","Normality","FTL","Blizzard+1","Sweeping Beam+1"],"relics":["Cracked Core","NeowsBlessing","Bag of Marbles","Omamori","Lantern","Calling Bell","Vajra","Sundial","Du-Vu Doll","Darkstone Periapt","Boot","Orichalcum"],"potions_floor_usage":[11,13,14,16,16,16,23,23],"damage_taken":[{"damage":0,"enemies":"2 Louse","floor":1,"turns":1},{"damage":0,"enemies":"Cultist","floor":2,"turns":1},{"damage":0,"enemies":"Small Slimes","floor":5,"turns":1},{"damage":32,"enemies":"3 Sentries","floor":6,"turns":8},{"damage":4,"enemies":"Exordium Wildlife","floor":8,"turns":3},{"damage":8,"enemies":"2 Fungi Beasts","floor":10,"turns":3},{"damage":8,"enemies":"3 Louse","floor":11,"turns":2},{"damage":0,"enemies":"Exordium Thugs","floor":12,"turns":2},{"damage":13,"enemies":"Lots of Slimes","floor":13,"turns":3},{"damage":7,"enemies":"Lagavulin","floor":14,"turns":6},{"damage":2,"enemies":"The Guardian","floor":16,"turns":14},{"damage":14,"enemies":"3 Byrds","floor":18,"turns":4},{"damage":9,"enemies":"Spheric Guardian","floor":20,"turns":5},{"damage":2,"enemies":"Centurion and Healer","floor":22,"turns":5},{"damage":22,"enemies":"Slavers","floor":23,"turns":3},{"damage":22,"enemies":"Gremlin Leader","floor":25,"turns":5},{"damage":9,"enemies":"Sentry and Sphere","floor":28,"turns":2}],"seed_played":"7458796124461742391","potions_obtained":[{"floor":1,"key":"EssenceOfSteel"},{"floor":2,"key":"PowerPotion"},{"floor":8,"key":"Explosive Potion"},{"floor":12,"key":"Dexterity Potion"},{"floor":13,"key":"Fire Potion"},{"floor":14,"key":"Strength Potion"},{"floor":19,"key":"Energy Potion"},{"floor":19,"key":"Weak Potion"},{"floor":19,"key":"GamblersBrew"},{"floor":25,"key":"FearPotion"}],"is_trial":false,"path_per_floor":["M","M","$","?","M","E","R","M","T","M","M","M","M","E","R","B",null,"M","?","M","$","M","E","R","E","T","?","M"],"character_chosen":"DEFECT","items_purchased":["Fusion","Blizzard"],"campfire_rested":0,"item_purchase_floors":[3,21],"current_hp_per_floor":[75,75,75,75,75,43,43,39,39,31,23,23,10,3,3,1,75,61,61,52,52,50,28,28,6,6,6,0],"gold":332,"neow_bonus":"THREE_ENEMY_KILL","is_prod":false,"is_daily":false,"chose_seed":false,"campfire_upgraded":3,"win_rate":0,"timestamp":1549260737,"path_taken":["M","M","$","?","M","E","R","?","T","M","M","M","M","E","R","BOSS","M","?","?","$","M","E","R","E","T","?","M"],"build_version":"2019-01-23","purchased_purges":1,"victory":false,"max_hp_per_floor":[75,75,75,75,75,75,75,75,75,75,75,75,75,75,75,75,75,75,75,75,75,75,75,75,75,75,75,75],"card_choices":[{"not_picked":["Genetic Algorithm","Sunder"],"picked":"Glacier","floor":1},{"not_picked":["Steam","Go for the Eyes"],"picked":"Coolheaded","floor":2},{"not_picked":["Reinforced Body","Scrape"],"picked":"Rip and Tear","floor":5},{"not_picked":["Stack","Aggregate"],"picked":"Streamline","floor":6},{"not_picked":["Stack","Steam"],"picked":"Beam Cell","floor":8},{"not_picked":["Turbo","Coolheaded"],"picked":"Streamline","floor":10},{"not_picked":["Streamline","White Noise"],"picked":"Hologram","floor":11},{"not_picked":["Undo","Compile Driver"],"picked":"Coolheaded","floor":12},{"not_picked":["Compile Driver","Streamline"],"picked":"Steam","floor":13},{"not_picked":["Consume","Self Repair"],"picked":"Blizzard","floor":14},{"not_picked":["Reboot","Amplify"],"picked":"Electrodynamics","floor":16},{"not_picked":["Ball Lightning","Melter","Go for the Eyes"],"picked":"SKIP","floor":18},{"not_picked":["Melter+1","Leap+1"],"picked":"FTL","floor":20},{"not_picked":["Rebound","Compile Driver+1","White Noise"],"picked":"SKIP","floor":22},{"not_picked":["Melter","Storm"],"picked":"Sweeping Beam+1","floor":23},{"not_picked":["Hello World","Conserve Battery","Barrage"],"picked":"SKIP","floor":25}],"player_experience":56969,"relics_obtained":[{"floor":6,"key":"Bag of Marbles"},{"floor":9,"key":"Omamori"},{"floor":14,"key":"Lantern"},{"floor":17,"key":"Vajra"},{"floor":17,"key":"Sundial"},{"floor":17,"key":"Du-Vu Doll"},{"floor":23,"key":"Darkstone Periapt"},{"floor":25,"key":"Boot"},{"floor":26,"key":"Orichalcum"}],"event_choices":[{"damage_healed":0,"gold_gain":0,"player_choice":"Full Heal","damage_taken":0,"max_hp_gain":0,"max_hp_loss":0,"event_name":"Wheel of Change","floor":4,"gold_loss":0},{"damage_healed":0,"gold_gain":0,"player_choice":"Got Potions","damage_taken":0,"max_hp_gain":0,"max_hp_loss":0,"event_name":"Lab","floor":19,"gold_loss":0},{"damage_healed":0,"gold_gain":0,"player_choice":"Bet on Owner","damage_taken":0,"max_hp_gain":0,"max_hp_loss":0,"event_name":"The Joust","floor":27,"gold_loss":50}],"is_beta":false,"boss_relics":[{"not_picked":["Snecko Eye","Runic Dome"],"picked":"Calling Bell"}],"items_purged_floors":[21],"is_endless":false,"potions_floor_spawned":[1,2,8,10,12,13,14,20,25],"killed_by":"Sentry and Sphere","ascension_level":1}