{"gold_per_floor":[117,134,147,163,18,18,68,102,139,151,338,55,55,80,80,179,179,199,217,227,244,59,59,76,151,151,165,200,200,227,241,241,343,343,357,373,208,208,208],"floor_reached":39,"playtime":2441,"items_purged":["Pain","Strike_G","Strike_G","Doubt"],"score":620,"play_id":"460cc3cb-1e1b-472e-af5c-35434a04da46","local_time":"20190213150959","is_ascension_mode":true,"campfire_choices":[{"data":"Noxious Fumes","floor":6,"key":"SMITH"},{"data":"Dagger Spray","floor":10,"key":"SMITH"},{"data":"Neutralize","floor":15,"key":"SMITH"},{"data":"Wraith Form v2","floor":23,"key":"SMITH"},{"data":"Noxious Fumes","floor":32,"key":"SMITH"}],"neow_cost":"CURSE","seed_source_timestamp":74853838945004,"circlet_count":0,"master_deck":["Defend_G","Defend_G","Defend_G","Defend_G","Strike_G","Survivor","Neutralize+1","Cloak And Dagger","Quick Slash","Caltrops","Noxious Fumes+1","Dagger Spray+1","Skewer+1","Venomology","Wraith Form v2+1","Crippling Poison+1","Noxious Fumes+1","Noxious Fumes","Well Laid Plans+1","Ghostly","Ghostly","Ghostly","Ghostly","Ghostly","Blur","Noxious Fumes+1","Night Terror","All Out Attack+1","Terror+1","Escape Plan+1","Predator+1","Footwork+1","Noxious Fumes","Sadistic Nature"],"relics":["Ring of the Snake","Du-Vu Doll","Juzu Bracelet","MawBank","Lantern","Membership Card","Darkstone Periapt","Velvet Choker","Lee\u0027s Waffle","Mummified Hand","Thread and Needle","Blood Vial","Astrolabe","Snake Skull"],"potions_floor_usage":[8,16,16,18,21,24,27,27,28,28,28,31,33,36],"damage_taken":[{"damage":5,"enemies":"Cultist","floor":1,"turns":4},{"damage":5,"enemies":"Small Slimes","floor":2,"turns":3},{"damage":4,"enemies":"Jaw Worm","floor":3,"turns":4},{"damage":5,"enemies":"2 Fungi Beasts","floor":4,"turns":3},{"damage":31,"enemies":"Lagavulin","floor":8,"turns":8},{"damage":17,"enemies":"3 Sentries","floor":14,"turns":5},{"damage":1,"enemies":"The Guardian","floor":16,"turns":10},{"damage":3,"enemies":"Chosen","floor":18,"turns":5},{"damage":14,"enemies":"Spheric Guardian","floor":19,"turns":4},{"damage":31,"enemies":"Snake Plant","floor":20,"turns":5},{"damage":7,"enemies":"Centurion and Healer","floor":21,"turns":5},{"damage":9,"enemies":"Snecko","floor":24,"turns":4},{"damage":8,"enemies":"3 Cultists","floor":27,"turns":4},{"damage":22,"enemies":"Slavers","floor":28,"turns":4},{"damage":0,"enemies":"Gremlin Leader","floor":30,"turns":6},{"damage":0,"enemies":"Snake Plant","floor":31,"turns":3},{"damage":21,"enemies":"Automaton","floor":33,"turns":10},{"damage":0,"enemies":"Orb Walker","floor":35,"turns":4},{"damage":7,"enemies":"3 Darklings","floor":36,"turns":5},{"damage":33,"enemies":"Jaw Worm Horde","floor":39,"turns":3}],"seed_played":"7884279644730065755","potions_obtained":[{"floor":1,"key":"Regen Potion"},{"floor":2,"key":"EssenceOfSteel"},{"floor":20,"key":"Fire Potion"},{"floor":33,"key":"Strength Potion"},{"floor":36,"key":"Block Potion"}],"is_trial":false,"path_per_floor":["M","M","M","M","$","R","T","E","T","R","?","$","?","E","R","B",null,"M","M","M","M","$","R","M","?","T","M","E","?","E","M","R","B",null,"M","M","$","?","M"],"character_chosen":"THE_SILENT","items_purchased":["Noxious Fumes","Membership Card","Skewer","Lee\u0027s Waffle","Noxious Fumes","Snake Skull","Noxious Fumes"],"campfire_rested":0,"item_purchase_floors":[5,12,12,22,22,37,37],"current_hp_per_floor":[65,60,56,51,51,51,51,35,35,35,35,35,35,18,18,17,57,54,40,9,2,77,77,68,61,61,53,31,31,31,33,33,14,32,34,29,29,29,0],"gold":208,"neow_bonus":"ONE_RARE_RELIC","is_prod":false,"is_daily":false,"chose_seed":false,"campfire_upgraded":5,"win_rate":0,"timestamp":1550099399,"path_taken":["M","M","M","M","$","R","?","E","T","R","?","$","?","E","R","BOSS","M","M","M","M","$","R","M","?","T","M","E","?","E","M","R","BOSS","M","M","$","?","M"],"build_version":"2019-01-23","purchased_purges":4,"victory":false,"max_hp_per_floor":[70,70,70,70,70,70,70,70,70,70,70,70,70,70,70,70,70,70,70,70,70,77,77,77,77,77,77,77,38,38,38,38,38,38,38,38,38,38,38],"card_choices":[{"not_picked":["Acrobatics","Prepared","Endless Agony"],"picked":"SKIP","floor":1},{"not_picked":["Distraction","Deflect"],"picked":"Cloak And Dagger","floor":2},{"not_picked":["Outmaneuver","Flechettes"],"picked":"Quick Slash","floor":3},{"not_picked":["Riddle With Holes","Catalyst"],"picked":"Caltrops","floor":4},{"not_picked":["Blade Dance","Setup"],"picked":"Dagger Spray","floor":8},{"not_picked":["All Out Attack","Slice"],"picked":"Venomology","floor":14},{"not_picked":["Venomology","Storm of Steel"],"picked":"Wraith Form v2","floor":16},{"not_picked":["Blade Dance","Noxious Fumes"],"picked":"Crippling Poison+1","floor":18},{"not_picked":["Deflect","Cloak And Dagger","Flying Knee"],"picked":"SKIP","floor":19},{"not_picked":["Footwork","Choke"],"picked":"Noxious Fumes+1","floor":20},{"not_picked":["Prepared","Dodge and Roll","Predator"],"picked":"SKIP","floor":21},{"not_picked":["Infinite Blades","Backflip"],"picked":"Well Laid Plans+1","floor":24},{"not_picked":["Noxious Fumes","Endless Agony","Setup"],"picked":"SKIP","floor":27},{"not_picked":["Deflect+1","Setup","Prepared+1"],"picked":"SKIP","floor":28},{"not_picked":["Caltrops","Flechettes"],"picked":"Blur","floor":30},{"not_picked":["Bane","All Out Attack+1"],"picked":"Noxious Fumes","floor":31},{"not_picked":["Tools of the Trade","A Thousand Cuts"],"picked":"Night Terror","floor":33},{"not_picked":["Setup","Slice"],"picked":"Predator+1","floor":35},{"not_picked":["Bane+1","Noxious Fumes"],"picked":"Footwork+1","floor":36},{"not_picked":["Jack Of All Trades","Impatience"],"picked":"Sadistic Nature","floor":38}],"player_experience":139286,"relics_obtained":[{"floor":7,"key":"Juzu Bracelet"},{"floor":8,"key":"MawBank"},{"floor":9,"key":"Lantern"},{"floor":14,"key":"Darkstone Periapt"},{"floor":26,"key":"Mummified Hand"},{"floor":28,"key":"Thread and Needle"},{"floor":30,"key":"Blood Vial"}],"event_choices":[{"damage_healed":0,"gold_gain":175,"player_choice":"AGREE","damage_taken":0,"max_hp_gain":0,"max_hp_loss":0,"event_name":"Liars Game","floor":11,"gold_loss":0,"cards_obtained":["Doubt"]},{"damage_healed":0,"gold_gain":0,"player_choice":"Grow","damage_taken":0,"max_hp_gain":0,"max_hp_loss":0,"event_name":"Living Wall","floor":13,"gold_loss":0,"cards_upgraded":["Skewer"]},{"damage_healed":0,"gold_gain":75,"player_choice":"Touch","damage_taken":7,"max_hp_gain":0,"max_hp_loss":0,"event_name":"FaceTrader","floor":25,"gold_loss":0},{"damage_healed":0,"gold_gain":0,"player_choice":"Became a Ghost","damage_taken":0,"max_hp_gain":0,"max_hp_loss":39,"event_name":"Ghosts","floor":29,"gold_loss":0,"cards_obtained":["Ghostly","Ghostly","Ghostly","Ghostly","Ghostly"]},{"damage_healed":0,"gold_gain":0,"player_choice":"Memory 1","damage_taken":0,"max_hp_gain":0,"max_hp_loss":0,"event_name":"SensoryStone","floor":38,"gold_loss":0}],"is_beta":false,"boss_relics":[{"not_picked":["Runic Dome","Orrery"],"picked":"Velvet Choker"},{"not_picked":["Empty Cage","Runic Pyramid"],"picked":"Astrolabe"}],"items_purged_floors":[5,12,22,37],"is_endless":false,"potions_floor_spawned":[1,2,20,21,28,33,36],"killed_by":"Jaw Worm Horde","ascension_level":5}