{"gold_per_floor":[11,31,51,51,71,98,98,128,153,163,163,175,52,86,98,208,220,251,16,27,27,40,40,51,51,51,51,68,95,109,208,208,305,305,322,322,322,338,349,376,105,116,170,184,217,217,217,236,236,236,236,236,18,44,44],"floor_reached":55,"playtime":3569,"items_purged":["Pain"],"score":994,"play_id":"dd8c545b-63aa-4309-a7b8-a3410fa063c5","local_time":"20181130152150","is_ascension_mode":true,"campfire_choices":[{"data":"Perfected Strike","floor":7,"key":"SMITH"},{"data":"Armaments","floor":11,"key":"SMITH"},{"data":"Discovery","floor":15,"key":"SMITH"},{"data":"Corruption","floor":23,"key":"SMITH"},{"data":"Perfected Strike","floor":25,"key":"SMITH"},{"floor":27,"key":"REST"},{"data":"Evolve","floor":32,"key":"SMITH"},{"floor":47,"key":"RECALL"},{"floor":49,"key":"REST"},{"data":"Uppercut","floor":52,"key":"SMITH"}],"neow_cost":"NO_GOLD","seed_source_timestamp":554133031454553,"circlet_count":0,"master_deck":["Strike_R","Strike_R","Strike_R","Strike_R","Strike_R","Defend_R","Defend_R+1","Defend_R","Bash","Dark Shackles","Panacea","Ghostly Armor","Thunderclap","Armaments+1","True Grit","Perfected Strike+1","Shrug It Off","Discovery+1","Evolve+1","Double Tap","Perfected Strike+1","Twin Strike","Perfected Strike+1","Corruption+1","Pommel Strike+1","Wild Strike+1","Wild Strike+1","Wild Strike","Shrug It Off","Shrug It Off","Shrug It Off","Feed","Rage+1","Master of Strategy","Thinking Ahead","Blind","Shrug It Off","Uppercut+1","Intimidate+1","Shrug It Off+1","Ghostly Armor","Shrug It Off","Perfected Strike"],"relics":["Burning Blood","Dream Catcher","Boot","Bag of Preparation","MawBank","Orrery","DollysMirror","Dodecahedron","Lantern","Sozu","WarpedTongs","Singing Bowl","Bag of Marbles","ClockworkSouvenir","War Paint"],"potions_floor_usage":[6,18,22,24,29,29,33,40,54],"damage_taken":[{"damage":6,"enemies":"Jaw Worm","floor":1,"turns":4},{"damage":0,"enemies":"Cultist","floor":2,"turns":4},{"damage":0,"enemies":"Small Slimes","floor":3,"turns":3},{"damage":0,"enemies":"Red Slaver","floor":5,"turns":4},{"damage":32,"enemies":"Gremlin Nob","floor":6,"turns":5},{"damage":18,"enemies":"Lagavulin","floor":8,"turns":6},{"damage":0,"enemies":"Large Slime","floor":10,"turns":6},{"damage":0,"enemies":"Blue Slaver","floor":12,"turns":4},{"damage":3,"enemies":"Gremlin Nob","floor":14,"turns":3},{"damage":26,"enemies":"The Guardian","floor":16,"turns":11},{"damage":0,"enemies":"Shell Parasite","floor":18,"turns":3},{"damage":5,"enemies":"3 Byrds","floor":20,"turns":4},{"damage":32,"enemies":"3 Cultists","floor":22,"turns":5},{"damage":9,"enemies":"Cultist and Chosen","floor":24,"turns":4},{"damage":0,"enemies":"Centurion and Healer","floor":28,"turns":4},{"damage":2,"enemies":"Book of Stabbing","floor":29,"turns":3},{"damage":0,"enemies":"Sentry and Sphere","floor":30,"turns":2},{"damage":0,"enemies":"Champ","floor":33,"turns":9},{"damage":0,"enemies":"Orb Walker","floor":35,"turns":1},{"damage":3,"enemies":"3 Shapes","floor":38,"turns":4},{"damage":2,"enemies":"Jaw Worm Horde","floor":39,"turns":3},{"damage":11,"enemies":"Nemesis","floor":40,"turns":4},{"damage":38,"enemies":"Transient","floor":42,"turns":5},{"damage":1,"enemies":"Writhing Mass","floor":44,"turns":5},{"damage":10,"enemies":"Giant Head","floor":45,"turns":7},{"damage":0,"enemies":"Maw","floor":48,"turns":8},{"damage":66,"enemies":"Donu and Deca","floor":50,"turns":10},{"damage":36,"enemies":"Shield and Spear","floor":54,"turns":7},{"damage":90,"enemies":"The Heart","floor":55,"turns":8}],"seed_played":"-435284982721829805","potions_obtained":[{"floor":3,"key":"GamblersBrew"},{"floor":5,"key":"Swift Potion"},{"floor":8,"key":"AttackPotion"},{"floor":14,"key":"SmokeBomb"},{"floor":18,"key":"SpeedPotion"},{"floor":20,"key":"EntropicBrew"},{"floor":22,"key":"BloodPotion"},{"floor":29,"key":"Block Potion"}],"is_trial":false,"path_per_floor":["M","M","M","?","M","E","R","E","T","M","R","M","$","E","R","B",null,"M","$","M","$","M","R","M","R","T","R","M","E","M","?","R","B",null,"M","?","?","M","M","E","$","M","T","M","E","?","R","M","R","B",null,"R","$","E","B"],"character_chosen":"IRONCLAD","items_purchased":["Discovery","Evolve","DollysMirror","Corruption","Shrug It Off","Uppercut","Intimidate","ClockworkSouvenir","Shrug It Off"],"campfire_rested":2,"item_purchase_floors":[13,13,19,19,41,41,41,53,53],"current_hp_per_floor":[80,80,80,80,80,54,54,42,42,48,48,54,54,57,57,37,80,80,80,80,80,54,54,59,59,59,80,80,80,80,80,80,80,80,80,70,70,76,80,80,80,50,50,60,56,56,56,64,93,36,100,100,100,70,0],"gold":44,"neow_bonus":"RANDOM_COLORLESS_2","is_prod":false,"is_daily":false,"chose_seed":false,"campfire_upgraded":7,"win_rate":0,"timestamp":1543609310,"path_taken":["M","M","M","?","M","E","R","E","T","M","R","M","$","E","R","BOSS","M","$","M","?","M","R","M","R","T","R","M","E","M","?","R","BOSS","M","?","?","?","M","E","$","M","T","M","E","?","R","M","R","BOSS","R","$","E","BOSS"],"build_version":"2018-11-15","purchased_purges":1,"victory":false,"max_hp_per_floor":[80,80,80,80,80,80,80,80,80,80,80,80,80,80,80,80,80,80,80,80,80,80,80,80,80,80,80,80,80,80,80,80,80,80,80,80,80,83,83,88,88,90,90,95,95,95,95,97,97,100,100,100,100,100,100],"card_choices":[{"not_picked":["Fire Breathing","Pommel Strike"],"picked":"Ghostly Armor","floor":1},{"not_picked":["Anger","True Grit"],"picked":"Thunderclap","floor":2},{"not_picked":["Burning Pact","Iron Wave"],"picked":"Armaments","floor":3},{"not_picked":["Sword Boomerang","Pommel Strike"],"picked":"True Grit","floor":5},{"not_picked":["Cleave","Bloodletting"],"picked":"Perfected Strike","floor":6},{"not_picked":["Combust","Anger","Sword Boomerang"],"picked":"SKIP","floor":8},{"not_picked":["Warcry","Thunderclap"],"picked":"Shrug It Off","floor":10},{"not_picked":["Clash","Warcry","Clothesline"],"picked":"SKIP","floor":12},{"not_picked":["Evolve","Sword Boomerang","Body Slam"],"picked":"SKIP","floor":14},{"not_picked":["Feed","Fiend Fire"],"picked":"Double Tap","floor":16},{"not_picked":["Sword Boomerang","Flex"],"picked":"Perfected Strike","floor":17},{"not_picked":["Heavy Blade","Rampage"],"picked":"Twin Strike","floor":17},{"not_picked":["Hemokinesis","Body Slam","Dark Embrace"],"picked":"SKIP","floor":18},{"not_picked":["Corruption","Anger"],"picked":"Pommel Strike+1","floor":20},{"not_picked":["Thunderclap","Pommel Strike"],"picked":"Wild Strike+1","floor":22},{"not_picked":["Clash","True Grit"],"picked":"Wild Strike+1","floor":24},{"not_picked":["Thunderclap","Clash"],"picked":"Wild Strike","floor":27},{"not_picked":["Iron Wave","Clash"],"picked":"Shrug It Off","floor":28},{"not_picked":["Blood for Blood+1","Double Tap"],"picked":"Shrug It Off","floor":29},{"not_picked":["Anger","Dual Wield"],"picked":"Shrug It Off","floor":30},{"not_picked":["Dark Embrace","Limit Break"],"picked":"Feed","floor":33},{"not_picked":["Flex+1","Perfected Strike"],"picked":"Rage+1","floor":35},{"not_picked":["Transmutation","Dramatic Entrance"],"picked":"Master of Strategy","floor":36},{"not_picked":["Chrysalis","Madness"],"picked":"Thinking Ahead","floor":36},{"not_picked":["Chrysalis","Violence"],"picked":"Blind","floor":36},{"not_picked":["Sword Boomerang+1","Iron Wave","Clash"],"picked":"SKIP","floor":38},{"not_picked":["Sever Soul","Searing Blow+1","Fire Breathing+1"],"picked":"SKIP","floor":39},{"not_picked":["Havoc+1","Wild Strike","Searing Blow+1"],"picked":"Singing Bowl","floor":40},{"not_picked":["Flex","Wild Strike+1","Dual Wield+1"],"picked":"Singing Bowl","floor":42},{"not_picked":["Dual Wield+1","Burning Pact","Clash+1"],"picked":"Singing Bowl","floor":44},{"not_picked":["Whirlwind+1","Immolate"],"picked":"Shrug It Off+1","floor":45},{"not_picked":["Clash","Heavy Blade+1","Second Wind+1"],"picked":"Singing Bowl","floor":48},{"not_picked":["Twin Strike+1","Feel No Pain"],"picked":"Ghostly Armor","floor":49},{"not_picked":["Searing Blow","Berserk"],"picked":"Perfected Strike","floor":54}],"player_experience":3604537,"relics_obtained":[{"floor":6,"key":"Dream Catcher"},{"floor":8,"key":"Boot"},{"floor":9,"key":"Bag of Preparation"},{"floor":14,"key":"MawBank"},{"floor":26,"key":"Dodecahedron"},{"floor":29,"key":"Lantern"},{"floor":40,"key":"Singing Bowl"},{"floor":45,"key":"Bag of Marbles"},{"floor":54,"key":"War Paint"}],"event_choices":[{"cards_removed":["Defend_R"],"damage_healed":0,"gold_gain":0,"player_choice":"Card Removal","damage_taken":0,"max_hp_gain":0,"max_hp_loss":0,"event_name":"Wheel of Change","floor":4,"gold_loss":0},{"damage_healed":0,"gold_gain":99,"player_choice":"Stole From Cult","damage_taken":0,"max_hp_gain":0,"max_hp_loss":0,"event_name":"Nest","floor":31,"gold_loss":0},{"damage_healed":0,"gold_gain":0,"player_choice":"Memory 3","damage_taken":10,"max_hp_gain":0,"max_hp_loss":0,"event_name":"SensoryStone","floor":36,"gold_loss":0},{"damage_healed":0,"gold_gain":0,"player_choice":"Rummage","damage_taken":0,"relics_obtained":["WarpedTongs"],"max_hp_gain":0,"max_hp_loss":0,"event_name":"Accursed Blacksmith","floor":37,"gold_loss":0,"cards_obtained":["Pain"]},{"damage_healed":0,"gold_gain":0,"player_choice":"Ignored","damage_taken":0,"max_hp_gain":0,"max_hp_loss":0,"event_name":"Mysterious Sphere","floor":46,"gold_loss":0}],"is_beta":true,"boss_relics":[{"not_picked":["Calling Bell","Pandora\u0027s Box"],"picked":"Orrery"},{"not_picked":["Philosopher\u0027s Stone","Lizard Tail"],"picked":"Sozu"}],"items_purged_floors":[41],"is_endless":false,"potions_floor_spawned":[3,5,8,14,18,20,22,29,38,42,44,54],"killed_by":"The Heart","ascension_level":1}