{"gold_per_floor":[113,133,144,144,164,164,175,188,188,208,44,60,60],"floor_reached":13,"playtime":582,"items_purged":[],"score":85,"play_id":"b86737d3-68ab-4e01-92b6-7807ddfcd336","local_time":"20190121163303","is_ascension_mode":true,"campfire_choices":[{"data":"Offering","floor":6,"key":"SMITH"}],"neow_cost":"NONE","seed_source_timestamp":537918495656469,"circlet_count":0,"master_deck":["Strike_R","Strike_R","Strike_R","Strike_R","Strike_R","Defend_R","Defend_R","Defend_R","Defend_R","Bash","Rupture","Headbutt","Flex","Shrug It Off","Offering+1","Metallicize","Flame Barrier","Mayhem","Hemokinesis"],"relics":["Burning Blood","Gremlin Horn"],"potions_floor_usage":[5,10,12,13],"damage_taken":[{"damage":16,"enemies":"Small Slimes","floor":1,"turns":3},{"damage":10,"enemies":"Cultist","floor":2,"turns":4},{"damage":11,"enemies":"Jaw Worm","floor":3,"turns":3},{"damage":24,"enemies":"Large Slime","floor":5,"turns":7},{"damage":7,"enemies":"Blue Slaver","floor":7,"turns":3},{"damage":11,"enemies":"Lots of Slimes","floor":8,"turns":4},{"damage":20,"enemies":"Large Slime","floor":10,"turns":3},{"damage":6,"enemies":"2 Fungi Beasts","floor":12,"turns":2},{"damage":18,"enemies":"Gremlin Nob","floor":13,"turns":4}],"seed_played":"3690475247615516812","potions_obtained":[{"floor":2,"key":"Strength Potion"},{"floor":3,"key":"SkillPotion"},{"floor":4,"key":"SkillPotion"},{"floor":4,"key":"Fire Potion"},{"floor":8,"key":"SkillPotion"},{"floor":10,"key":"SneckoOil"}],"is_trial":false,"path_per_floor":["M","M","M","?","M","R","M","M","T","M","$","M","E"],"character_chosen":"IRONCLAD","items_purchased":["Mayhem"],"campfire_rested":0,"item_purchase_floors":[11],"current_hp_per_floor":[70,66,61,61,43,43,42,37,37,23,23,23,5],"gold":60,"neow_bonus":"THREE_CARDS","is_prod":false,"is_daily":false,"chose_seed":false,"campfire_upgraded":1,"win_rate":0,"timestamp":1548109983,"path_taken":["M","M","M","?","M","R","M","M","T","M","$","M","E"],"build_version":"2018-11-15","purchased_purges":0,"victory":false,"max_hp_per_floor":[80,80,80,80,80,80,80,80,80,80,80,80,80],"card_choices":[{"not_picked":["Cleave","Shrug It Off"],"picked":"Rupture","floor":0},{"not_picked":["Pommel Strike","Second Wind"],"picked":"Headbutt","floor":1},{"not_picked":["Iron Wave","Anger"],"picked":"Flex","floor":2},{"not_picked":["Entrench","Intimidate"],"picked":"Shrug It Off","floor":3},{"not_picked":["Twin Strike","Body Slam"],"picked":"Offering","floor":5},{"not_picked":["Havoc","Headbutt"],"picked":"Metallicize","floor":7},{"not_picked":["Headbutt","Twin Strike","Iron Wave"],"picked":"SKIP","floor":8},{"not_picked":["Shrug It Off","Wild Strike"],"picked":"Flame Barrier","floor":10},{"not_picked":["Intimidate","Dropkick"],"picked":"Hemokinesis","floor":12}],"player_experience":302419,"relics_obtained":[{"floor":9,"key":"Gremlin Horn"}],"event_choices":[{"damage_healed":0,"gold_gain":0,"player_choice":"Got Potions","damage_taken":0,"max_hp_gain":0,"max_hp_loss":0,"event_name":"Lab","floor":4,"gold_loss":0}],"is_beta":false,"boss_relics":[],"items_purged_floors":[],"is_endless":false,"potions_floor_spawned":[2,3,8,10],"killed_by":"Gremlin Nob","ascension_level":1}