{"gold_per_floor":[110,185,204,204,218,218,253,23,23,42,42,57,57,70,70,169,169,183,198,198,198,213,247,247,262,262,289,302,401,401],"floor_reached":30,"playtime":1568,"items_purged":["Strike_B"],"score":299,"play_id":"52647312-c82d-4c5c-a535-351143657d5b","local_time":"20190216181453","is_ascension_mode":true,"campfire_choices":[{"data":"Coolheaded","floor":6,"key":"SMITH"},{"data":"Coolheaded","floor":13,"key":"SMITH"},{"data":"Streamline","floor":15,"key":"SMITH"},{"floor":24,"key":"REST"}],"neow_cost":"NONE","seed_source_timestamp":115574891656187,"circlet_count":0,"master_deck":["Strike_B+1","Defend_B+1","Defend_B+1","Defend_B+1","Defend_B+1","Zap+1","Dualcast","Reinforced Body","Compile Driver","Coolheaded+1","Streamline+1","Coolheaded+1","Conserve Battery","Creative AI","Hologram+1","Leap+1","Consume","Ball Lightning","Capacitor","Auto Shields"],"relics":["Cracked Core","Pocketwatch","Bronze Scales","Shovel","Lizard Tail","Question Card","Pear","Juzu Bracelet"],"potions_floor_usage":[7,14,18,22,22,22],"damage_taken":[{"damage":0,"enemies":"Cultist","floor":1,"turns":5},{"damage":4,"enemies":"2 Louse","floor":3,"turns":3},{"damage":0,"enemies":"Jaw Worm","floor":5,"turns":3},{"damage":15,"enemies":"Gremlin Nob","floor":7,"turns":4},{"damage":0,"enemies":"Red Slaver","floor":10,"turns":3},{"damage":2,"enemies":"2 Fungi Beasts","floor":12,"turns":3},{"damage":0,"enemies":"3 Louse","floor":14,"turns":3},{"damage":3,"enemies":"The Guardian","floor":16,"turns":9},{"damage":13,"enemies":"Spheric Guardian","floor":18,"turns":4},{"damage":1,"enemies":"3 Byrds","floor":19,"turns":3},{"damage":9,"enemies":"Snake Plant","floor":22,"turns":3},{"damage":28,"enemies":"Slavers","floor":23,"turns":5},{"damage":15,"enemies":"Snecko","floor":25,"turns":8},{"damage":15,"enemies":"Book of Stabbing","floor":27,"turns":7},{"damage":9,"enemies":"Sentry and Sphere","floor":28,"turns":8},{"damage":73,"enemies":"Gremlin Leader","floor":30,"turns":7}],"seed_played":"6216599481839224758","potions_obtained":[{"floor":1,"key":"AttackPotion"},{"floor":3,"key":"Poison Potion"},{"floor":11,"key":"Regen Potion"},{"floor":11,"key":"Block Potion"},{"floor":14,"key":"Energy Potion"},{"floor":18,"key":"SkillPotion"},{"floor":23,"key":"Ancient Potion"}],"is_trial":false,"path_per_floor":["M","?","M","?","M","R","E","$","T","M","?","M","R","M","R","B",null,"M","M","?","?","M","E","R","M","T","E","M","?","E"],"character_chosen":"DEFECT","items_purchased":["Bronze Scales"],"campfire_rested":1,"item_purchase_floors":[8],"current_hp_per_floor":[75,64,60,60,60,60,45,45,45,45,45,43,43,52,52,49,75,62,61,61,61,52,24,46,31,41,26,17,17,0],"gold":401,"neow_bonus":"TRANSFORM_CARD","is_prod":false,"is_daily":false,"chose_seed":false,"campfire_upgraded":3,"win_rate":0,"timestamp":1550337293,"path_taken":["M","?","M","?","?","R","E","$","T","M","?","M","R","?","R","BOSS","M","M","?","?","M","E","R","M","T","E","M","?","E"],"build_version":"2019-01-23","purchased_purges":1,"victory":false,"max_hp_per_floor":[75,75,75,75,75,75,75,75,75,75,75,75,75,75,75,75,75,75,75,75,75,75,75,75,75,85,85,85,85,85],"card_choices":[{"not_picked":["Hello World","Go for the Eyes"],"picked":"Compile Driver","floor":1},{"not_picked":["Static Discharge","Redo"],"picked":"Coolheaded","floor":3},{"not_picked":["Force Field","Lockon","Steam Power"],"picked":"SKIP","floor":5},{"not_picked":["Heatsinks","Fusion"],"picked":"Streamline","floor":7},{"not_picked":["Steam","FTL"],"picked":"Coolheaded","floor":10},{"not_picked":["Scrape","Doom and Gloom"],"picked":"Conserve Battery","floor":12},{"not_picked":["Barrage","Chaos","Beam Cell"],"picked":"SKIP","floor":14},{"not_picked":["Multi-Cast","Rainbow"],"picked":"Creative AI","floor":16},{"not_picked":["Force Field","Rip and Tear"],"picked":"Hologram+1","floor":18},{"not_picked":["Force Field+1","Coolheaded","Blizzard"],"picked":"SKIP","floor":19},{"not_picked":["Blizzard+1","Beam Cell+1"],"picked":"Leap+1","floor":22},{"not_picked":["Undo","Meteor Strike"],"picked":"Consume","floor":23},{"not_picked":["Compile Driver","Leap+1","Stack+1"],"picked":"Ball Lightning","floor":25},{"not_picked":["Streamline+1","Chaos","White Noise"],"picked":"Capacitor","floor":27},{"not_picked":["Scrape","Beam Cell+1","Steam"],"picked":"Auto Shields","floor":28}],"player_experience":204182,"relics_obtained":[{"floor":7,"key":"Pocketwatch"},{"floor":9,"key":"Shovel"},{"floor":23,"key":"Question Card"},{"floor":26,"key":"Pear"},{"floor":27,"key":"Juzu Bracelet"}],"event_choices":[{"damage_healed":0,"gold_gain":75,"player_choice":"Gather Gold","damage_taken":11,"max_hp_gain":0,"max_hp_loss":0,"event_name":"World of Goop","floor":2,"gold_loss":0},{"damage_healed":0,"gold_gain":0,"player_choice":"Forge","damage_taken":0,"max_hp_gain":0,"max_hp_loss":0,"event_name":"Accursed Blacksmith","floor":4,"gold_loss":0,"cards_upgraded":["Zap"]},{"damage_healed":0,"gold_gain":0,"player_choice":"Got Potions","damage_taken":0,"max_hp_gain":0,"max_hp_loss":0,"event_name":"Lab","floor":11,"gold_loss":0},{"damage_healed":0,"gold_gain":0,"player_choice":"Simplicity","damage_taken":0,"max_hp_gain":0,"max_hp_loss":0,"event_name":"Back to Basics","floor":20,"gold_loss":0,"cards_upgraded":["Strike_B","Strike_B","Defend_B","Defend_B","Defend_B","Defend_B"]},{"cards_removed":["Strike_B"],"damage_healed":0,"gold_gain":0,"player_choice":"Offered Basic","damage_taken":0,"max_hp_gain":0,"max_hp_loss":0,"event_name":"Bonfire Elementals","floor":21,"gold_loss":0},{"damage_healed":0,"gold_gain":99,"player_choice":"Stole From Cult","damage_taken":0,"max_hp_gain":0,"max_hp_loss":0,"event_name":"Nest","floor":29,"gold_loss":0}],"is_beta":false,"boss_relics":[{"not_picked":["Runic Dome","Calling Bell"],"picked":"Lizard Tail"}],"items_purged_floors":[8],"is_endless":false,"potions_floor_spawned":[1,3,14,16,18,23],"killed_by":"Gremlin Leader","ascension_level":2}