{"gold_per_floor":[212,41,55,55,55,55,111,111,137,102,120,150,166,200,200,301,301,321,321,331,348,448,448,448,448,448,448,34,66,82,110,110,205,205,215,215,229,239,257,291,325,350,350,369,395,395,430,19,19,19,19,19,19,44,44],"floor_reached":56,"playtime":4072,"items_purged":["Decay"],"score":1855,"play_id":"131148c4-80af-409a-bd62-fe1b3f93b192","local_time":"20181230111434","is_ascension_mode":true,"campfire_choices":[{"data":"Noxious Fumes","floor":6,"key":"SMITH"},{"data":"Catalyst","floor":8,"key":"SMITH"},{"data":"Deadly Poison","floor":15,"key":"SMITH"},{"data":"Neutralize","floor":23,"key":"SMITH"},{"data":"Sucker Punch","floor":25,"key":"SMITH"},{"data":"Footwork","floor":32,"key":"SMITH"},{"floor":49,"key":"RECALL"},{"data":"Footwork","floor":52,"key":"SMITH"}],"neow_cost":"NONE","seed_source_timestamp":1206166990347451,"circlet_count":0,"master_deck":["Defend_G","Defend_G","Defend_G","Defend_G","Defend_G","Strike_G","Strike_G","Survivor","Neutralize+1","Poisoned Stab","Noxious Fumes+1","Catalyst+1","Deadly Poison+1","Deadly Poison","Corpse Explosion","Sucker Punch+1","Footwork+1","Footwork+1","Burst","Backflip","Distraction","Dodge and Roll","Ghostly","Ghostly","Ghostly","Ghostly","Ghostly","Glass Knife","Burst+1","Ghostly","Escape Plan","Outmaneuver","Adrenaline","Cloak And Dagger+1","Crippling Poison","Deflect+1","Outmaneuver+1","PiercingWail","Catalyst+1","Escape Plan+1","Adrenaline","Wraith Form v2","Apotheosis","Dagger Throw","Sucker Punch+1"],"relics":["Ring of the Snake","Tiny Chest","Bronze Scales","Sundial","StoneCalendar","Coffee Dripper","Dead Branch","Gremlin Horn","Ice Cream","DollysMirror","Orichalcum","WingedGreaves","Shuriken","Runic Pyramid","Ginger","Pear","Mercury Hourglass","Unceasing Top","The Specimen","Medical Kit","Snake Skull"],"potions_floor_usage":[12,18,22,22,22,55,55,55],"damage_taken":[{"damage":2,"enemies":"Jaw Worm","floor":1,"turns":6},{"damage":0,"enemies":"2 Louse","floor":3,"turns":2},{"damage":17,"enemies":"3 Sentries","floor":7,"turns":7},{"damage":0,"enemies":"Small Slimes","floor":11,"turns":2},{"damage":12,"enemies":"Gremlin Nob","floor":12,"turns":4},{"damage":0,"enemies":"3 Louse","floor":13,"turns":3},{"damage":10,"enemies":"3 Sentries","floor":14,"turns":6},{"damage":0,"enemies":"Slime Boss","floor":16,"turns":5},{"damage":1,"enemies":"Shell Parasite","floor":18,"turns":5},{"damage":0,"enemies":"3 Byrds","floor":20,"turns":2},{"damage":2,"enemies":"Snecko","floor":21,"turns":3},{"damage":8,"enemies":"Colosseum Slavers","floor":22,"turns":2},{"damage":12,"enemies":"Colosseum Nobs","floor":22,"turns":3},{"damage":0,"enemies":"Slavers","floor":29,"turns":3},{"damage":8,"enemies":"Centurion and Healer","floor":30,"turns":5},{"damage":0,"enemies":"Gremlin Leader","floor":31,"turns":4},{"damage":0,"enemies":"Collector","floor":33,"turns":7},{"damage":0,"enemies":"Orb Walker","floor":35,"turns":3},{"damage":0,"enemies":"3 Shapes","floor":37,"turns":4},{"damage":0,"enemies":"Maw","floor":38,"turns":7},{"damage":0,"enemies":"Jaw Worm Horde","floor":39,"turns":4},{"damage":0,"enemies":"Nemesis","floor":40,"turns":5},{"damage":0,"enemies":"Giant Head","floor":41,"turns":7},{"damage":0,"enemies":"Reptomancer","floor":42,"turns":4},{"damage":0,"enemies":"Writhing Mass","floor":44,"turns":3},{"damage":0,"enemies":"Nemesis","floor":45,"turns":5},{"damage":0,"enemies":"Giant Head","floor":47,"turns":6},{"damage":0,"enemies":"Time Eater","floor":50,"turns":5},{"damage":0,"enemies":"Shield and Spear","floor":54,"turns":4},{"damage":6,"enemies":"The Heart","floor":55,"turns":7}],"seed_played":"-6856202280497976695","potions_obtained":[{"floor":11,"key":"EssenceOfSteel"},{"floor":12,"key":"Strength Potion"},{"floor":14,"key":"Block Potion"},{"floor":18,"key":"Poison Potion"},{"floor":20,"key":"Dexterity Potion"},{"floor":30,"key":"AttackPotion"},{"floor":31,"key":"LiquidBronze"},{"floor":35,"key":"Regen Potion"},{"floor":37,"key":"EssenceOfSteel"},{"floor":40,"key":"EssenceOfSteel"},{"floor":54,"key":"PowerPotion"}],"is_trial":false,"path_per_floor":["M","$","M","?","?","R","E","R","T","?","M","E","M","E","R","B",null,"M","?","M","M","?","R","?","R","T","?","$","E","M","E","R","B",null,"M","?","M","M","M","E","E","E","T","M","E","?","E","$","R","B",null,"R","$","E","B",null],"character_chosen":"THE_SILENT","items_purchased":["Noxious Fumes","Catalyst","Deadly Poison","DollysMirror","Orichalcum","Apotheosis","Medical Kit","Dagger Throw"],"campfire_rested":0,"item_purchase_floors":[2,2,2,28,28,48,48,48],"current_hp_per_floor":[68,68,68,61,66,66,49,49,49,67,67,55,55,45,45,45,75,74,74,74,72,52,52,37,37,37,37,37,37,29,29,29,29,37,37,37,37,37,37,37,47,47,47,47,47,47,47,47,47,47,47,47,47,47,41],"gold":44,"neow_bonus":"HUNDRED_GOLD","is_prod":false,"is_daily":false,"chose_seed":false,"campfire_upgraded":7,"win_rate":0,"timestamp":1546186474,"path_taken":["M","$","M","?","?","R","E","R","T","?","M","E","M","E","R","BOSS","M","?","M","M","?","R","?","R","T","?","?","E","M","E","R","BOSS","M","?","M","M","M","E","E","E","T","?","E","?","E","$","R","BOSS","R","$","E","BOSS"],"build_version":"2018-12-25","purchased_purges":1,"victory":true,"max_hp_per_floor":[70,70,70,70,75,75,75,75,75,75,75,75,75,75,75,75,75,75,75,75,75,75,75,37,37,37,37,37,37,37,37,37,37,37,37,37,37,37,37,37,47,47,47,47,47,47,47,47,47,47,47,47,47,47,47],"card_choices":[{"not_picked":["Quick Slash","Dagger Throw"],"picked":"Poisoned Stab","floor":1},{"not_picked":["Dodge and Roll","Flying Knee"],"picked":"Deadly Poison","floor":3},{"not_picked":["Caltrops","Blade Dance"],"picked":"Corpse Explosion","floor":7},{"not_picked":["Dagger Throw","Blade Dance"],"picked":"Sucker Punch","floor":11},{"not_picked":["Prepared","Calculated Gamble"],"picked":"Footwork","floor":12},{"not_picked":["Bane","Blur"],"picked":"Footwork","floor":13},{"not_picked":["Accuracy","Blade Dance","Underhanded Strike"],"picked":"SKIP","floor":14},{"not_picked":["Phantasmal Killer","Unload"],"picked":"Burst","floor":16},{"not_picked":["Bouncing Flask","Escape Plan"],"picked":"Backflip","floor":18},{"not_picked":["Bane","Slice","Flechettes"],"picked":"SKIP","floor":20},{"not_picked":["Heel Hook","Predator"],"picked":"Distraction","floor":21},{"not_picked":["Slice","Blade Dance"],"picked":"Dodge and Roll","floor":22},{"not_picked":["Reflex+1","Grand Finale"],"picked":"Escape Plan","floor":29},{"not_picked":["Bane","Flying Knee","Prepared"],"picked":"SKIP","floor":30},{"not_picked":["Cloak And Dagger","Bane"],"picked":"Outmaneuver","floor":31},{"not_picked":["Storm of Steel","Bullet Time"],"picked":"Adrenaline","floor":33},{"not_picked":["Prepared","Choke+1"],"picked":"Cloak And Dagger+1","floor":35},{"not_picked":["Reflex+1","Footwork"],"picked":"Crippling Poison","floor":37},{"not_picked":["Backstab+1","Slice"],"picked":"Deflect+1","floor":38},{"not_picked":["Acrobatics+1","Quick Slash+1"],"picked":"Outmaneuver+1","floor":39},{"not_picked":["Tactician+1","Outmaneuver+1"],"picked":"PiercingWail","floor":40},{"not_picked":["Quick Slash","Reflex+1"],"picked":"Catalyst+1","floor":41},{"not_picked":["Setup","Bane+1"],"picked":"Escape Plan+1","floor":42},{"not_picked":["Deflect","Dagger Spray"],"picked":"Dagger Throw+1","floor":44},{"not_picked":["Terror","Sucker Punch+1"],"picked":"Adrenaline","floor":45},{"not_picked":["Choke","Dagger Spray"],"picked":"Wraith Form v2","floor":47},{"not_picked":["Slice","Dagger Throw"],"picked":"Sucker Punch+1","floor":54}],"player_experience":3931200,"relics_obtained":[{"floor":7,"key":"Tiny Chest"},{"floor":9,"key":"Bronze Scales"},{"floor":12,"key":"Sundial"},{"floor":14,"key":"StoneCalendar"},{"floor":22,"key":"Dead Branch"},{"floor":22,"key":"Gremlin Horn"},{"floor":26,"key":"Ice Cream"},{"floor":29,"key":"WingedGreaves"},{"floor":31,"key":"Shuriken"},{"floor":40,"key":"Ginger"},{"floor":41,"key":"Pear"},{"floor":42,"key":"Mercury Hourglass"},{"floor":45,"key":"Unceasing Top"},{"floor":47,"key":"The Specimen"},{"floor":54,"key":"Snake Skull"}],"event_choices":[{"cards_removed":["Strike_G"],"damage_healed":0,"gold_gain":0,"player_choice":"Card Removal","damage_taken":7,"max_hp_gain":0,"max_hp_loss":0,"event_name":"Golden Wing","floor":4,"gold_loss":0},{"damage_healed":0,"gold_gain":0,"player_choice":"Donut","damage_taken":0,"max_hp_gain":5,"max_hp_loss":0,"event_name":"Big Fish","floor":5,"gold_loss":0},{"damage_healed":18,"gold_gain":0,"player_choice":"Healed","damage_taken":0,"max_hp_gain":0,"max_hp_loss":0,"event_name":"The Cleric","floor":10,"gold_loss":35},{"damage_healed":0,"gold_gain":0,"player_choice":"Smashed Altar","damage_taken":0,"max_hp_gain":0,"max_hp_loss":0,"event_name":"Forgotten Altar","floor":19,"gold_loss":0,"cards_obtained":["Decay"]},{"damage_healed":0,"gold_gain":0,"player_choice":"Fight","damage_taken":0,"max_hp_gain":0,"max_hp_loss":0,"event_name":"Colosseum","floor":22,"gold_loss":0},{"damage_healed":0,"gold_gain":0,"player_choice":"Fought Nobs","damage_taken":0,"max_hp_gain":0,"max_hp_loss":0,"event_name":"Colosseum","floor":22,"gold_loss":0},{"damage_healed":0,"gold_gain":0,"player_choice":"Became a Ghost","damage_taken":0,"max_hp_gain":0,"max_hp_loss":38,"event_name":"Ghosts","floor":24,"gold_loss":0,"cards_obtained":["Ghostly","Ghostly","Ghostly","Ghostly","Ghostly"]},{"damage_healed":0,"gold_gain":0,"cards_transformed":["Strike_G","Strike_G"],"player_choice":"Became Test Subject","damage_taken":0,"max_hp_gain":0,"max_hp_loss":0,"event_name":"Drug Dealer","floor":27,"gold_loss":0,"cards_obtained":["Glass Knife","Burst"]},{"damage_healed":0,"gold_gain":0,"player_choice":"Upgraded","damage_taken":0,"max_hp_gain":0,"max_hp_loss":0,"event_name":"Upgrade Shrine","floor":36,"gold_loss":0,"cards_upgraded":["Burst"]},{"cards_removed":["Dagger Throw"],"damage_healed":0,"gold_gain":0,"player_choice":"Removed Attack","damage_taken":0,"max_hp_gain":0,"max_hp_loss":0,"event_name":"Falling","floor":46,"gold_loss":0}],"is_beta":true,"boss_relics":[{"not_picked":["Orrery","Eternal Feather"],"picked":"Coffee Dripper"},{"not_picked":["Runic Dome","Pandora\u0027s Box"],"picked":"Runic Pyramid"}],"items_purged_floors":[28],"is_endless":false,"potions_floor_spawned":[11,12,14,18,20,30,31,35,37,39,40,47,54],"ascension_level":1}