{"gold_per_floor":[116,131,48,60,74,106,106,141,141,141,36,36,50,62,62,134,134,149,163,181,181],"floor_reached":21,"playtime":2047,"items_purged":[],"score":360,"play_id":"6c253344-8326-42dc-a7d1-aea9a4a6a55e","local_time":"20190222092158","is_ascension_mode":true,"campfire_choices":[{"data":"Noxious Fumes","floor":7,"key":"SMITH"},{"data":"Backflip","floor":10,"key":"SMITH"},{"data":"Footwork","floor":12,"key":"SMITH"},{"floor":15,"key":"REST"}],"neow_cost":"NONE","seed_source_timestamp":831971619685100,"circlet_count":0,"master_deck":["AscendersBane","Defend_G","Defend_G","Defend_G","Defend_G","Defend_G","Strike_G","Strike_G","Strike_G","Strike_G","Strike_G","Survivor","Neutralize+1","Flying Knee","Dagger Throw","Noxious Fumes+1","Cloak And Dagger","Quick Slash","Noxious Fumes","Backflip+1","Footwork+1","Backflip","Calculated Gamble","Deadly Poison","Corpse Explosion","Noxious Fumes","Catalyst","Dodge and Roll"],"relics":["Ring of the Snake","Paper Crane","Dodecahedron","Question Card","Coffee Dripper"],"potions_floor_usage":[6,6,16,20],"damage_taken":[{"damage":2,"enemies":"Cultist","floor":1,"turns":5},{"damage":0,"enemies":"Small Slimes","floor":2,"turns":5},{"damage":0,"enemies":"Jaw Worm","floor":4,"turns":4},{"damage":0,"enemies":"Exordium Wildlife","floor":5,"turns":4},{"damage":0,"enemies":"Gremlin Nob","floor":6,"turns":3},{"damage":17,"enemies":"Lagavulin","floor":8,"turns":7},{"damage":16,"enemies":"3 Louse","floor":13,"turns":4},{"damage":0,"enemies":"Looter","floor":14,"turns":5},{"damage":4,"enemies":"The Guardian","floor":16,"turns":9},{"damage":23,"enemies":"Chosen","floor":18,"turns":6},{"damage":1,"enemies":"3 Byrds","floor":19,"turns":4},{"damage":16,"enemies":"Shelled Parasite and Fungi","floor":20,"turns":5},{"damage":27,"enemies":"Snecko","floor":21,"turns":4}],"seed_played":"700706213898198379","potions_obtained":[{"floor":2,"key":"SteroidPotion"},{"floor":4,"key":"Ancient Potion"},{"floor":13,"key":"LiquidBronze"},{"floor":16,"key":"Strength Potion"},{"floor":18,"key":"EssenceOfSteel"}],"is_trial":false,"path_per_floor":["M","M","$","M","M","E","R","E","T","R","$","R","M","M","R","B",null,"M","M","M","M"],"character_chosen":"THE_SILENT","items_purchased":["Noxious Fumes","Cloak And Dagger","Footwork","Backflip"],"campfire_rested":1,"item_purchase_floors":[3,3,11,11],"current_hp_per_floor":[61,61,61,61,61,61,61,44,44,44,44,44,28,28,49,45,64,41,40,24,0],"gold":181,"neow_bonus":"UPGRADE_CARD","is_prod":false,"is_daily":false,"chose_seed":false,"campfire_upgraded":3,"win_rate":0,"timestamp":1550856118,"path_taken":["M","M","$","M","M","E","R","E","T","R","$","R","M","M","R","BOSS","M","M","M","M"],"build_version":"2019-01-23","purchased_purges":0,"victory":false,"max_hp_per_floor":[70,70,70,70,70,70,70,70,70,70,70,70,70,70,70,70,70,70,70,70,70],"card_choices":[{"not_picked":["Dodge and Roll","Bane"],"picked":"Flying Knee","floor":1},{"not_picked":["Flechettes","PiercingWail"],"picked":"Dagger Throw","floor":2},{"not_picked":["Underhanded Strike","Dagger Throw"],"picked":"Quick Slash","floor":4},{"not_picked":["Underhanded Strike","Flechettes","Bane"],"picked":"SKIP","floor":5},{"not_picked":["Escape Plan","Cloak And Dagger"],"picked":"Noxious Fumes","floor":6},{"not_picked":["Quick Slash","Blade Dance"],"picked":"Backflip","floor":8},{"not_picked":["Blade Dance","Expertise","Endless Agony"],"picked":"Calculated Gamble","floor":13},{"not_picked":["Sucker Punch","Eviscerate","Blade Dance"],"picked":"Deadly Poison","floor":14},{"not_picked":["A Thousand Cuts","Unload","Bullet Time"],"picked":"Corpse Explosion","floor":16},{"not_picked":["Accuracy+1","Cloak And Dagger","Endless Agony"],"picked":"Noxious Fumes","floor":18},{"not_picked":["Calculated Gamble","Sucker Punch","Flying Knee"],"picked":"Catalyst","floor":19},{"not_picked":["Flechettes","Acrobatics","Flying Knee"],"picked":"Dodge and Roll","floor":20}],"player_experience":215320,"relics_obtained":[{"floor":6,"key":"Paper Crane"},{"floor":8,"key":"Dodecahedron"},{"floor":9,"key":"Question Card"}],"event_choices":[],"is_beta":false,"boss_relics":[{"not_picked":["Fusion Hammer","Philosopher\u0027s Stone"],"picked":"Coffee Dripper"}],"items_purged_floors":[],"is_endless":false,"potions_floor_spawned":[2,4,13,16,18],"killed_by":"Snecko","ascension_level":13}