{"gold_per_floor":[116,131,131,131,144,144,188,207,232,232,272,291,305,330,330,459,459,473,487,501,501,525,525,568,586,586,86,86,86,109,34,34,158,158,172,185,185,204,329,373,121,121,145,183,183,227,560,586,586,586,586,586,68,95,95],"floor_reached":56,"playtime":6148,"items_purged":["Strike_G","Deadly Poison","Defend_G"],"score":1633,"play_id":"4453af45-b2b3-46e5-a6a4-2c1fd9287ae7","local_time":"20190122091126","is_ascension_mode":true,"campfire_choices":[{"data":"Neutralize","floor":6,"key":"SMITH"},{"data":"Bouncing Flask","floor":10,"key":"SMITH"},{"data":"Well Laid Plans","floor":15,"key":"SMITH"},{"data":"Sucker Punch","floor":23,"key":"SMITH"},{"data":"Noxious Fumes","floor":28,"key":"SMITH"},{"data":"Footwork","floor":32,"key":"SMITH"},{"floor":45,"key":"RECALL"},{"data":"Adrenaline","floor":49,"key":"SMITH"},{"data":"Dodge and Roll","floor":52,"key":"SMITH"}],"neow_cost":"TEN_PERCENT_HP_LOSS","seed_source_timestamp":3183605689061070,"circlet_count":0,"master_deck":["Survivor","Neutralize+1","Dodge and Roll+1","Bouncing Flask+1","Backstab","Sucker Punch+1","Blur","Well Laid Plans+1","Bullet Time","Outmaneuver+1","Deadly Poison+1","After Image+1","Poisoned Stab+1","Well Laid Plans+1","Blur+1","Die Die Die","Cloak And Dagger","Noxious Fumes+1","PiercingWail","Sadistic Nature","Footwork+1","Adrenaline+1","Flying Knee+1","Backflip+1","Blur","Distraction+1","Corpse Explosion","Backflip+1","Footwork","Deflect+1"],"relics":["Ring of the Snake","Anchor","Boot","Astrolabe","Nilry\u0027s Codex","Centennial Puzzle","Lantern","Art of War","Tiny Chest","Ancient Tea Set","Empty Cage","Du-Vu Doll","Strawberry","Mercury Hourglass","Potion Belt","Snake Skull","Paper Crane","Bag of Marbles","Chemical X","Letter Opener"],"potions_floor_usage":[7,11,16,18,20,24,24,35,35,40,55,55,55,55],"damage_taken":[{"damage":0,"enemies":"2 Louse","floor":1,"turns":3},{"damage":0,"enemies":"Small Slimes","floor":2,"turns":4},{"damage":0,"enemies":"Jaw Worm","floor":5,"turns":3},{"damage":18,"enemies":"3 Sentries","floor":7,"turns":14},{"damage":0,"enemies":"Gremlin Gang","floor":8,"turns":5},{"damage":0,"enemies":"Gremlin Nob","floor":11,"turns":3},{"damage":0,"enemies":"Blue Slaver","floor":12,"turns":3},{"damage":0,"enemies":"Exordium Wildlife","floor":13,"turns":2},{"damage":1,"enemies":"Large Slime","floor":14,"turns":4},{"damage":0,"enemies":"Hexaghost","floor":16,"turns":8},{"damage":0,"enemies":"Shell Parasite","floor":18,"turns":4},{"damage":0,"enemies":"3 Byrds","floor":19,"turns":5},{"damage":0,"enemies":"Snake Plant","floor":20,"turns":2},{"damage":6,"enemies":"Gremlin Leader","floor":24,"turns":13},{"damage":5,"enemies":"Shelled Parasite and Fungi","floor":25,"turns":6},{"damage":0,"enemies":"Colosseum Slavers","floor":29,"turns":4},{"damage":0,"enemies":"Champ","floor":33,"turns":11},{"damage":0,"enemies":"3 Darklings","floor":35,"turns":3},{"damage":5,"enemies":"Orb Walker","floor":36,"turns":4},{"damage":1,"enemies":"Jaw Worm Horde","floor":38,"turns":5},{"damage":0,"enemies":"Mind Bloom Boss Battle","floor":39,"turns":7},{"damage":1,"enemies":"Reptomancer","floor":40,"turns":5},{"damage":0,"enemies":"Giant Head","floor":44,"turns":9},{"damage":20,"enemies":"Reptomancer","floor":46,"turns":8},{"damage":0,"enemies":"Giant Head","floor":48,"turns":8},{"damage":0,"enemies":"Time Eater","floor":50,"turns":12},{"damage":0,"enemies":"Shield and Spear","floor":54,"turns":5},{"damage":0,"enemies":"The Heart","floor":55,"turns":13}],"seed_played":"1711652372663383433","potions_obtained":[{"floor":5,"key":"Swift Potion"},{"floor":7,"key":"Energy Potion"},{"floor":11,"key":"Explosive Potion"},{"floor":12,"key":"AttackPotion"},{"floor":13,"key":"Fire Potion"},{"floor":16,"key":"Fire Potion"},{"floor":18,"key":"Regen Potion"},{"floor":25,"key":"SkillPotion"},{"floor":33,"key":"Swift Potion"},{"floor":36,"key":"SneckoOil"},{"floor":40,"key":"EssenceOfSteel"},{"floor":48,"key":"Regen Potion"}],"is_trial":false,"path_per_floor":["?","?","M","M","?","T","?","T","$","?","?","T","?"],"character_chosen":"THE_SILENT","items_purchased":["Noxious Fumes","PiercingWail","Tiny Chest","Sadistic Nature","Footwork","Blur","GhostInAJar","Ancient Potion","SkillPotion","Chemical X","Footwork"],"campfire_rested":0,"item_purchase_floors":[27,27,27,27,31,41,41,53,53,53,53],"current_hp_per_floor":[63,63,56,56,56,56,38,38,38,38,38,38,38,37,37,37,58,58,58,58,42,42,42,51,46,46,46,46,46,46,46,46,46,58,58,53,53,52,52,58,58,58,58,58,58,38,38,38,38,38,65,65,65,65,65],"gold":95,"neow_bonus":"REMOVE_TWO","is_prod":false,"is_daily":false,"chose_seed":false,"campfire_upgraded":8,"win_rate":0,"timestamp":1548166286,"path_taken":["M","M","?","?","M","R","E","M","T","R","E","?","M","M","R","BOSS","M","?","M","?","?","R","E","M","T","$","R","?","?","?","R","BOSS","M","M","?","M","?","E","$","?","T","E","R","E","?","E","R","BOSS","R","$","E","BOSS"],"build_version":"2019-01-20","purchased_purges":3,"victory":true,"max_hp_per_floor":[63,63,63,58,58,58,58,58,58,58,58,58,58,58,58,58,58,58,58,58,58,58,58,58,58,58,58,58,58,58,58,58,58,58,58,58,58,58,58,65,65,65,65,65,65,65,65,65,65,65,65,65,65,65,65],"card_choices":[{"not_picked":["Eviscerate","Outmaneuver"],"picked":"Dodge and Roll","floor":1},{"not_picked":["Calculated Gamble","Prepared"],"picked":"Deadly Poison","floor":2},{"not_picked":["Caltrops","Tactician"],"picked":"Unload","floor":5},{"not_picked":["PiercingWail","Acrobatics"],"picked":"Bouncing Flask","floor":7},{"not_picked":["All Out Attack","Dodge and Roll"],"picked":"Backstab","floor":8},{"not_picked":["Slice","Expertise"],"picked":"Sucker Punch","floor":11},{"not_picked":["Outmaneuver","Dodge and Roll"],"picked":"Blur","floor":12},{"not_picked":["Sucker Punch","Prepared","Flechettes"],"picked":"SKIP","floor":13},{"not_picked":["All Out Attack","Backflip"],"picked":"Well Laid Plans","floor":14},{"not_picked":["Night Terror","Storm of Steel"],"picked":"Bullet Time","floor":16},{"not_picked":["Distraction","Prepared"],"picked":"Poisoned Stab+1","floor":18},{"not_picked":["Outmaneuver+1","Setup"],"picked":"Well Laid Plans+1","floor":19},{"not_picked":["Setup+1","Flying Knee+1"],"picked":"Blur+1","floor":20},{"not_picked":["Envenom","Dagger Spray"],"picked":"Die Die Die","floor":24},{"not_picked":["Dagger Throw+1","Underhanded Strike"],"picked":"Cloak And Dagger","floor":25},{"not_picked":["Blade Dance+1","Quick Slash","Sucker Punch"],"picked":"SKIP","floor":35},{"not_picked":["Blade Dance+1","Bane+1","Riddle With Holes"],"picked":"SKIP","floor":36},{"not_picked":["Setup+1","Calculated Gamble"],"picked":"Adrenaline","floor":38},{"not_picked":["Outmaneuver+1","Bane"],"picked":"Flying Knee+1","floor":39},{"not_picked":["Malaise","All Out Attack"],"picked":"Backflip+1","floor":40},{"not_picked":["Tactician+1","Well Laid Plans"],"picked":"Distraction+1","floor":44},{"not_picked":["Riddle With Holes","Acrobatics+1"],"picked":"Corpse Explosion","floor":46},{"not_picked":["Finisher+1","Acrobatics"],"picked":"Backflip+1","floor":48},{"not_picked":["Deadly Poison","Tactician"],"picked":"Deflect+1","floor":54}],"player_experience":4150815,"relics_obtained":[{"floor":7,"key":"Anchor"},{"floor":11,"key":"Boot"},{"floor":21,"key":"Nilry\u0027s Codex"},{"floor":22,"key":"Centennial Puzzle"},{"floor":24,"key":"Lantern"},{"floor":26,"key":"Art of War"},{"floor":30,"key":"Ancient Tea Set"},{"floor":39,"key":"Du-Vu Doll"},{"floor":40,"key":"Strawberry"},{"floor":42,"key":"Mercury Hourglass"},{"floor":43,"key":"Potion Belt"},{"floor":44,"key":"Snake Skull"},{"floor":46,"key":"Paper Crane"},{"floor":48,"key":"Bag of Marbles"},{"floor":54,"key":"Letter Opener"}],"event_choices":[{"cards_removed":["Defend_G"],"damage_healed":0,"gold_gain":0,"player_choice":"Card Removal","damage_taken":7,"max_hp_gain":0,"max_hp_loss":0,"event_name":"Golden Wing","floor":3,"gold_loss":0},{"damage_healed":0,"gold_gain":0,"player_choice":"Lose Max HP","damage_taken":0,"relics_obtained":["Golden Idol"],"max_hp_gain":0,"max_hp_loss":5,"event_name":"Golden Idol","floor":4,"gold_loss":0},{"damage_healed":0,"gold_gain":0,"player_choice":"Obtained Book","damage_taken":16,"max_hp_gain":0,"max_hp_loss":0,"event_name":"Cursed Tome","floor":21,"gold_loss":0},{"damage_healed":0,"gold_gain":0,"player_choice":"Fight","damage_taken":0,"max_hp_gain":0,"max_hp_loss":0,"event_name":"Colosseum","floor":29,"gold_loss":0},{"damage_healed":0,"gold_gain":0,"player_choice":"Fled From Nobs","damage_taken":0,"max_hp_gain":0,"max_hp_loss":0,"event_name":"Colosseum","floor":29,"gold_loss":0},{"cards_removed":["Unload"],"damage_healed":0,"gold_gain":0,"player_choice":"Removed Attack","damage_taken":0,"max_hp_gain":0,"max_hp_loss":0,"event_name":"Falling","floor":37,"gold_loss":0},{"damage_healed":0,"gold_gain":0,"player_choice":"Fight","damage_taken":0,"max_hp_gain":0,"max_hp_loss":0,"event_name":"MindBloom","floor":39,"gold_loss":0},{"damage_healed":0,"gold_gain":333,"player_choice":"Gave Idol","damage_taken":0,"max_hp_gain":0,"max_hp_loss":0,"event_name":"The Moai Head","floor":47,"relics_lost":["Golden Idol"],"gold_loss":0}],"is_beta":true,"boss_relics":[{"not_picked":["WristBlade","Orrery"],"picked":"Astrolabe"},{"not_picked":["Runic Pyramid","Velvet Choker"],"picked":"Empty Cage"}],"items_purged_floors":[27,41,53],"is_endless":false,"potions_floor_spawned":[5,7,11,12,13,16,18,19,25,33,36,40,48],"ascension_level":1}