{"gold_per_floor":[119,119,119,139,64,97,97,124,424,457,457,12,27,27,27,131,131,150,25,41,41,41,41,53,53,101,101,101,101,113,132,132,132],"floor_reached":33,"playtime":1681,"items_purged":["Regret","Strike_B","Strike_B"],"score":458,"play_id":"cb857836-8212-4798-ab70-6c2f057c885e","local_time":"20190219140831","is_ascension_mode":true,"campfire_choices":[{"data":"Zap","floor":7,"key":"SMITH"},{"floor":11,"key":"REST"},{"data":"Hologram","floor":15,"key":"SMITH"},{"data":"Fission","floor":23,"key":"SMITH"},{"floor":25,"key":"REST"},{"floor":29,"key":"REST"},{"data":"Coolheaded","floor":32,"key":"SMITH"}],"neow_cost":"NONE","seed_source_timestamp":325250411775779,"circlet_count":0,"master_deck":["AscendersBane","Strike_B+1","Defend_B","Defend_B","Defend_B","Defend_B","Zap+1","Dualcast","Streamline","Compile Driver+1","Amplify","Coolheaded","Conserve Battery","Hologram+1","Fission+1","Genetic Algorithm","Self Repair","Hologram+1","Doom and Gloom","Chill+1","Coolheaded+1"],"relics":["Cracked Core","NeowsBlessing","Bird Faced Urn","Bronze Scales","Whetstone","Old Coin","Mercury Hourglass","Gambling Chip","NlothsMask","Nuclear Battery","MutagenicStrength"],"potions_floor_usage":[8,10,20,31],"damage_taken":[{"damage":0,"enemies":"Small Slimes","floor":1,"turns":1},{"damage":0,"enemies":"2 Louse","floor":4,"turns":1},{"damage":0,"enemies":"Lagavulin","floor":6,"turns":1},{"damage":21,"enemies":"3 Sentries","floor":8,"turns":6},{"damage":35,"enemies":"Lagavulin","floor":10,"turns":5},{"damage":0,"enemies":"Cultist","floor":13,"turns":3},{"damage":18,"enemies":"The Guardian","floor":16,"turns":11},{"damage":9,"enemies":"Chosen","floor":18,"turns":6},{"damage":0,"enemies":"3 Byrds","floor":20,"turns":2},{"damage":16,"enemies":"Colosseum Slavers","floor":21,"turns":3},{"damage":25,"enemies":"Shelled Parasite and Fungi","floor":24,"turns":6},{"damage":0,"enemies":"Chosen and Byrds","floor":30,"turns":4},{"damage":7,"enemies":"Centurion and Healer","floor":31,"turns":5},{"damage":81,"enemies":"Collector","floor":33,"turns":7}],"seed_played":"-9080037929504374567","potions_obtained":[{"floor":1,"key":"SkillPotion"},{"floor":8,"key":"FearPotion"},{"floor":16,"key":"Strength Potion"},{"floor":18,"key":"Energy Potion"}],"is_trial":false,"path_per_floor":["M","?","?","M","$","E","R","E","T","E","R","$","M","?","R","B",null,"M","$","M","?","?","R","M","R","T","?","?","R","M","M","R","B"],"character_chosen":"DEFECT","items_purchased":["Gambling Chip","Conserve Battery"],"campfire_rested":3,"item_purchase_floors":[12,12],"current_hp_per_floor":[68,61,61,61,61,61,61,40,40,5,27,27,27,27,27,9,59,50,50,50,43,43,43,27,49,49,49,49,71,75,75,75,0],"gold":132,"neow_bonus":"THREE_ENEMY_KILL","is_prod":false,"is_daily":false,"chose_seed":false,"campfire_upgraded":4,"win_rate":0,"timestamp":1550563711,"path_taken":["M","?","?","M","$","E","R","E","T","E","R","$","M","?","R","BOSS","M","$","M","?","?","R","M","R","T","?","?","R","?","M","R","BOSS"],"build_version":"2019-01-23","purchased_purges":3,"victory":false,"max_hp_per_floor":[75,75,75,75,75,75,75,75,75,75,75,75,75,75,75,75,75,75,75,75,75,75,75,75,75,75,75,75,75,75,75,75,75],"card_choices":[{"not_picked":["Fusion","Cold Snap"],"picked":"Streamline","floor":1},{"not_picked":["Stack","Redo","Barrage"],"picked":"SKIP","floor":4},{"not_picked":["Scrape","Barrage"],"picked":"Compile Driver","floor":6},{"not_picked":["Coolheaded","Lockon"],"picked":"Amplify","floor":8},{"not_picked":["Gash","Ball Lightning"],"picked":"Coolheaded","floor":10},{"not_picked":["Go for the Eyes","Heatsinks"],"picked":"Hologram","floor":13},{"not_picked":["Thunder Strike","Reboot"],"picked":"Fission","floor":16},{"not_picked":["Heatsinks","Barrage"],"picked":"Genetic Algorithm","floor":18},{"not_picked":["Sweeping Beam","Consume"],"picked":"Self Repair","floor":20},{"not_picked":["Conserve Battery","Chaos"],"picked":"Hologram+1","floor":24},{"not_picked":["Barrage","Ball Lightning"],"picked":"Chill+1","floor":30},{"not_picked":["Cold Snap","Conserve Battery"],"picked":"Coolheaded","floor":31}],"player_experience":831773,"relics_obtained":[{"floor":6,"key":"Bronze Scales"},{"floor":8,"key":"Whetstone"},{"floor":9,"key":"Old Coin"},{"floor":10,"key":"Mercury Hourglass"}],"event_choices":[{"cards_removed":["Strike_B"],"damage_healed":0,"gold_gain":0,"player_choice":"Card Removal","damage_taken":7,"max_hp_gain":0,"max_hp_loss":0,"event_name":"Golden Wing","floor":2,"gold_loss":0},{"damage_healed":0,"gold_gain":0,"player_choice":"Box","damage_taken":0,"relics_obtained":["Bird Faced Urn"],"max_hp_gain":0,"max_hp_loss":0,"event_name":"Big Fish","floor":3,"gold_loss":0,"cards_obtained":["Regret"]},{"damage_healed":0,"gold_gain":0,"player_choice":"Trade","damage_taken":0,"relics_obtained":["NlothsMask"],"max_hp_gain":0,"max_hp_loss":0,"event_name":"FaceTrader","floor":14,"gold_loss":0},{"damage_healed":0,"gold_gain":0,"player_choice":"Fight","damage_taken":0,"max_hp_gain":0,"max_hp_loss":0,"event_name":"Colosseum","floor":21,"gold_loss":0},{"damage_healed":0,"gold_gain":0,"player_choice":"Fled From Nobs","damage_taken":0,"max_hp_gain":0,"max_hp_loss":0,"event_name":"Colosseum","floor":21,"gold_loss":0},{"damage_healed":0,"gold_gain":0,"player_choice":"Inject Mutagens","damage_taken":0,"relics_obtained":["MutagenicStrength"],"max_hp_gain":0,"max_hp_loss":0,"event_name":"Drug Dealer","floor":22,"gold_loss":0},{"damage_healed":0,"gold_gain":0,"player_choice":"Ignored","damage_taken":0,"max_hp_gain":0,"max_hp_loss":0,"event_name":"Ghosts","floor":27,"gold_loss":0},{"damage_healed":0,"gold_gain":0,"player_choice":"1 cards matched","damage_taken":0,"max_hp_gain":0,"max_hp_loss":0,"event_name":"Match and Keep!","floor":28,"gold_loss":0,"cards_obtained":["Doom and Gloom"]}],"is_beta":false,"boss_relics":[{"not_picked":["Orrery","Fusion Hammer"],"picked":"Nuclear Battery"}],"items_purged_floors":[5,12,19],"is_endless":false,"potions_floor_spawned":[1,8,16,18,21],"killed_by":"Collector","ascension_level":12}