{"gold_per_floor":[112,187,207,219,219,248,258,258,310,310,330,344,89,108,108,212,212,226,255,269,269,36,51,51,61,61,61,61,61,81,92,92,92],"floor_reached":33,"playtime":1930,"items_purged":["Strike_B","Strike_B"],"score":251,"play_id":"8bae539b-0f7e-4be9-809b-18d89543afd0","local_time":"20190209223056","is_ascension_mode":false,"campfire_choices":[{"data":"White Noise","floor":8,"key":"SMITH"},{"data":"Zap","floor":10,"key":"SMITH"},{"data":"Streamline","floor":15,"key":"SMITH"},{"floor":24,"key":"REST"},{"floor":32,"key":"REST"}],"neow_cost":"NONE","seed_source_timestamp":532649072332351,"circlet_count":0,"master_deck":["Strike_B+1","Defend_B+1","Defend_B+1","Defend_B+1","Defend_B+1","Zap+1","Dualcast","Streamline+1","Rip and Tear","Steam","Cold Snap","White Noise+1","BootSequence","Force Field","Buffer","White Noise+1","Coolheaded","Defragment","Steam","Hologram","Barrage","Defragment"],"relics":["Cracked Core","Oddly Smooth Stone","Mummified Hand","Orichalcum","Omamori","Cursed Key","Red Mask","Bottled Tornado","Bag of Marbles"],"potions_floor_usage":[6,6,16,18,33,33],"damage_taken":[{"damage":3,"enemies":"Small Slimes","floor":1,"turns":4},{"damage":0,"enemies":"Cultist","floor":3,"turns":3},{"damage":0,"enemies":"Jaw Worm","floor":4,"turns":2},{"damage":6,"enemies":"3 Sentries","floor":6,"turns":6},{"damage":10,"enemies":"Exordium Thugs","floor":7,"turns":4},{"damage":4,"enemies":"3 Louse","floor":11,"turns":3},{"damage":0,"enemies":"Large Slime","floor":12,"turns":5},{"damage":0,"enemies":"Looter","floor":14,"turns":2},{"damage":10,"enemies":"Hexaghost","floor":16,"turns":9},{"damage":15,"enemies":"3 Byrds","floor":18,"turns":4},{"damage":43,"enemies":"Masked Bandits","floor":19,"turns":5},{"damage":1,"enemies":"Spheric Guardian","floor":20,"turns":4},{"damage":3,"enemies":"Centurion and Healer","floor":23,"turns":10},{"damage":3,"enemies":"Sentry and Sphere","floor":25,"turns":7},{"damage":1,"enemies":"Shelled Parasite and Fungi","floor":30,"turns":6},{"damage":8,"enemies":"Centurion and Healer","floor":31,"turns":8},{"damage":30,"enemies":"Collector","floor":33,"turns":14}],"seed_played":"-1219494572571135998","potions_obtained":[{"floor":1,"key":"Poison Potion"},{"floor":3,"key":"Fire Potion"},{"floor":6,"key":"Poison Potion"},{"floor":12,"key":"Ancient Potion"},{"floor":14,"key":"Strength Potion"},{"floor":25,"key":"GamblersBrew"},{"floor":31,"key":"Dexterity Potion"}],"is_trial":false,"path_per_floor":["M","?","M","M","?","E","M","R","T","R","M","M","$","M","R","B",null,"M","?","M","?","$","M","R","M","T","?","?","T","M","M","R","B"],"character_chosen":"DEFECT","items_purchased":["Force Field","Omamori","Defragment","Steam"],"campfire_rested":2,"item_purchase_floors":[13,13,22,22],"current_hp_per_floor":[72,65,65,65,65,59,49,49,49,49,45,45,45,45,45,35,75,60,17,16,16,16,13,35,32,32,32,32,32,31,23,45,15],"gold":92,"neow_bonus":"RANDOM_COMMON_RELIC","is_prod":false,"is_daily":false,"chose_seed":false,"campfire_upgraded":3,"win_rate":0,"timestamp":1549747856,"path_taken":["M","?","?","M","?","E","M","R","T","R","M","M","$","M","R","BOSS","M","?","M","?","$","M","R","M","T","?","?","?","M","M","R","BOSS"],"build_version":"2019-01-23","purchased_purges":2,"victory":false,"max_hp_per_floor":[75,75,75,75,75,75,75,75,75,75,75,75,75,75,75,75,75,75,75,75,75,75,75,75,75,75,75,75,75,75,75,75,75],"card_choices":[{"not_picked":["Capacitor","Cold Snap"],"picked":"Streamline","floor":1},{"not_picked":["Beam Cell","Genetic Algorithm"],"picked":"Rip and Tear","floor":3},{"not_picked":["Conserve Battery","Streamline"],"picked":"Steam","floor":4},{"not_picked":["Rebound","Beam Cell"],"picked":"Cold Snap","floor":6},{"not_picked":["Steam","Gash"],"picked":"White Noise","floor":7},{"not_picked":["Thunder Strike","Rebound"],"picked":"BootSequence","floor":11},{"not_picked":["Aggregate","Gash","Go for the Eyes"],"picked":"SKIP","floor":12},{"not_picked":["Beam Cell","Gash","Reprogram"],"picked":"SKIP","floor":14},{"not_picked":["Biased Cognition","Fission"],"picked":"Buffer","floor":16},{"not_picked":["Leap","Loop"],"picked":"White Noise+1","floor":18},{"not_picked":["Stack","Beam Cell"],"picked":"Coolheaded","floor":20},{"not_picked":["Reprogram","Stack"],"picked":"Hologram","floor":23},{"not_picked":["Cold Snap+1","Redo+1","Compile Driver"],"picked":"SKIP","floor":25},{"not_picked":["FTL","Turbo+1"],"picked":"Barrage","floor":30},{"not_picked":["Hologram","Streamline"],"picked":"Defragment","floor":31}],"player_experience":87271,"relics_obtained":[{"floor":6,"key":"Mummified Hand"},{"floor":9,"key":"Orichalcum"},{"floor":19,"key":"Red Mask"},{"floor":26,"key":"Bottled Tornado"},{"floor":29,"key":"Bag of Marbles"}],"event_choices":[{"damage_healed":0,"gold_gain":75,"player_choice":"Touch","damage_taken":7,"max_hp_gain":0,"max_hp_loss":0,"event_name":"FaceTrader","floor":2,"gold_loss":0},{"cards_removed":["Strike_B"],"damage_healed":0,"gold_gain":0,"player_choice":"Offered Basic","damage_taken":0,"max_hp_gain":0,"max_hp_loss":0,"event_name":"Bonfire Elementals","floor":5,"gold_loss":0},{"damage_healed":0,"gold_gain":0,"player_choice":"Fought Bandits","damage_taken":0,"max_hp_gain":0,"max_hp_loss":0,"event_name":"Masked Bandits","floor":19,"gold_loss":0},{"damage_healed":0,"gold_gain":0,"player_choice":"Ignored","damage_taken":0,"max_hp_gain":0,"max_hp_loss":0,"event_name":"Cursed Tome","floor":21,"gold_loss":0},{"damage_healed":0,"gold_gain":0,"player_choice":"Simplicity","damage_taken":0,"max_hp_gain":0,"max_hp_loss":0,"event_name":"Back to Basics","floor":27,"gold_loss":0,"cards_upgraded":["Strike_B","Defend_B","Defend_B","Defend_B","Defend_B"]},{"damage_healed":0,"gold_gain":0,"player_choice":"Ignored","damage_taken":0,"max_hp_gain":0,"max_hp_loss":0,"event_name":"Vampires","floor":28,"gold_loss":0}],"is_beta":false,"boss_relics":[{"not_picked":["Inserter","Orrery"],"picked":"Cursed Key"}],"items_purged_floors":[13,22],"is_endless":false,"potions_floor_spawned":[1,3,6,12,14,25,31],"killed_by":"Collector","ascension_level":0}