{"gold_per_floor":[109,284,297,315,16,16,43,43,43,77,91,91,71,21,21,118,118,138,63,63,75,145,174,174,224,247,297,324,324,374,387,387,486,486,497,602,652,294,355,386,411,446,472,388,388,400,465,500,500,500],"floor_reached":51,"playtime":3973,"items_purged":["Doubt","Sentinel"],"score":995,"play_id":"42024109-0962-4835-bb6e-f111fee23a25","local_time":"20190208220351","is_ascension_mode":true,"campfire_choices":[{"data":"Inflame","floor":6,"key":"SMITH"},{"data":"Heavy Blade","floor":8,"key":"SMITH"},{"data":"Evolve","floor":15,"key":"SMITH"},{"data":"Flex","floor":24,"key":"SMITH"},{"data":"Offering","floor":29,"key":"SMITH"},{"data":"Power Through","floor":32,"key":"SMITH"},{"data":"Demon Form","floor":45,"key":"SMITH"},{"data":"Inflame","floor":49,"key":"SMITH"}],"neow_cost":"NONE","seed_source_timestamp":5202515990837,"circlet_count":0,"master_deck":["Bash","Inflame+1","Flex+1","Heavy Blade+1","Power Through+1","Evolve+1","Power Through","Feed","Power Through","Shockwave","Whirlwind","Offering+1","Berserk","Dropkick","Impervious","Flex+1","Armaments+1","Thunderclap+1","Impervious","Flex+1","Berserk","Heavy Blade+1","Inflame","Enlightenment","Panacea","Inflame+1","Bandage Up","Heavy Blade+1","Demon Form+1","Reaper"],"relics":["Burning Blood","Ginger","Unceasing Top","FossilizedHelix","Gambling Chip","Pandora\u0027s Box","SsserpentHead","Dead Branch","Boot","Dodecahedron","WingedGreaves","Mark of Pain","Peace Pipe","Red Skull","Question Card","Bird Faced Urn","Vajra","Omamori","Centennial Puzzle","Bronze Scales"],"potions_floor_usage":[16,16,28,31,33,39,42,50,50],"damage_taken":[{"damage":6,"enemies":"Cultist","floor":1,"turns":3},{"damage":10,"enemies":"Small Slimes","floor":3,"turns":4},{"damage":8,"enemies":"2 Louse","floor":4,"turns":3},{"damage":40,"enemies":"3 Sentries","floor":7,"turns":11},{"damage":33,"enemies":"Gremlin Nob","floor":10,"turns":6},{"damage":0,"enemies":"Looter","floor":11,"turns":4},{"damage":0,"enemies":"Slime Boss","floor":16,"turns":8},{"damage":0,"enemies":"Chosen","floor":18,"turns":4},{"damage":8,"enemies":"Shell Parasite","floor":21,"turns":3},{"damage":5,"enemies":"Chosen and Byrds","floor":22,"turns":4},{"damage":40,"enemies":"Gremlin Leader","floor":23,"turns":3},{"damage":0,"enemies":"Slavers","floor":28,"turns":1},{"damage":18,"enemies":"Shelled Parasite and Fungi","floor":31,"turns":4},{"damage":5,"enemies":"Champ","floor":33,"turns":7},{"damage":6,"enemies":"3 Shapes","floor":35,"turns":3},{"damage":17,"enemies":"2 Orb Walkers","floor":36,"turns":4},{"damage":6,"enemies":"3 Darklings","floor":39,"turns":3},{"damage":22,"enemies":"Reptomancer","floor":40,"turns":3},{"damage":2,"enemies":"Nemesis","floor":41,"turns":5},{"damage":8,"enemies":"Giant Head","floor":42,"turns":5},{"damage":34,"enemies":"Sphere and 2 Shapes","floor":46,"turns":3},{"damage":12,"enemies":"Jaw Worm Horde","floor":47,"turns":4},{"damage":35,"enemies":"Reptomancer","floor":48,"turns":4},{"damage":34,"enemies":"Donu and Deca","floor":50,"turns":6}],"seed_played":"-6360543567895892022","potions_obtained":[{"floor":4,"key":"Swift Potion"},{"floor":7,"key":"FearPotion"},{"floor":10,"key":"SpeedPotion"},{"floor":11,"key":"Strength Potion"},{"floor":16,"key":"Poison Potion"},{"floor":22,"key":"GamblersBrew"},{"floor":23,"key":"SteroidPotion"},{"floor":28,"key":"PowerPotion"},{"floor":36,"key":"Regen Potion"},{"floor":40,"key":"FearPotion"},{"floor":41,"key":"Ancient Potion"},{"floor":47,"key":"Block Potion"}],"is_trial":false,"path_per_floor":["M","?","M","M","$","R","E","R","T","E","M","?","?","?","R","B",null,"M","$","?","M","M","E","R","?","T","?","E","R","?","M","R","B",null,"M","?","?","$","M","E","E","E","T","?","R","M","M","E","R","B",null],"character_chosen":"IRONCLAD","items_purchased":["Ginger","Red Skull","Inflame","Bandage Up"],"campfire_rested":0,"item_purchase_floors":[5,38,38,38],"current_hp_per_floor":[80,80,76,74,74,74,40,40,40,13,19,19,19,19,19,25,80,80,80,80,78,79,45,45,45,45,45,51,51,51,39,39,40,80,80,69,64,64,77,64,72,80,80,80,80,64,72,53,53,58],"gold":500,"neow_bonus":"THREE_CARDS","is_prod":false,"is_daily":false,"chose_seed":false,"campfire_upgraded":8,"win_rate":0,"timestamp":1549692231,"path_taken":["M","?","M","M","$","R","E","R","T","E","M","?","?","?","R","BOSS","M","$","?","M","?","E","R","?","T","?","E","R","?","M","R","BOSS","M","?","?","?","?","E","E","E","T","?","R","M","?","E","R","BOSS"],"build_version":"2019-01-23","purchased_purges":2,"victory":true,"max_hp_per_floor":[80,80,80,80,80,80,80,80,80,80,80,80,80,80,80,80,80,80,80,80,80,80,80,80,80,80,80,80,80,80,80,80,80,80,80,80,80,80,80,80,80,80,80,80,80,80,80,80,80,80],"card_choices":[{"not_picked":["Warcry","Twin Strike"],"picked":"Inflame","floor":0},{"not_picked":["Reckless Charge","Body Slam"],"picked":"Flex","floor":1},{"not_picked":["Twin Strike","Uppercut"],"picked":"Heavy Blade","floor":3},{"not_picked":["Pommel Strike","Sever Soul"],"picked":"Power Through","floor":4},{"not_picked":["Perfected Strike","Sword Boomerang"],"picked":"Corruption","floor":7},{"not_picked":["Sword Boomerang","Flex"],"picked":"Evolve","floor":10},{"not_picked":["Cleave","Clothesline"],"picked":"Power Through","floor":11},{"not_picked":["Juggernaut","Exhume"],"picked":"Feed","floor":16},{"not_picked":["Fire Breathing","Clothesline+1"],"picked":"Flex+1","floor":18},{"not_picked":["Heavy Blade","Infernal Blade"],"picked":"Armaments+1","floor":21},{"not_picked":["Iron Wave+1","Body Slam"],"picked":"Thunderclap+1","floor":22},{"not_picked":["Brutality","Iron Wave"],"picked":"Impervious","floor":23},{"not_picked":["Shrug It Off","Clothesline+1"],"picked":"Flex+1","floor":28},{"not_picked":["Evolve+1","Body Slam","Uppercut+1"],"picked":"SKIP","floor":31},{"not_picked":["Dark Embrace","Offering"],"picked":"Berserk","floor":33},{"not_picked":["Twin Strike","Perfected Strike+1"],"picked":"Heavy Blade+1","floor":35},{"not_picked":["Dual Wield+1","Power Through+1"],"picked":"Inflame","floor":36},{"not_picked":["Good Instincts","Swift Strike"],"picked":"Enlightenment","floor":37},{"not_picked":["Discovery","Impatience"],"picked":"Panacea","floor":37},{"not_picked":["Clothesline+1","Clash+1","Body Slam"],"picked":"SKIP","floor":39},{"not_picked":["True Grit","Armaments","Thunderclap"],"picked":"SKIP","floor":40},{"not_picked":["Disarm","Flame Barrier+1","Burning Pact"],"picked":"Heavy Blade+1","floor":41},{"not_picked":["True Grit","Twin Strike","Iron Wave+1"],"picked":"Demon Form","floor":42},{"not_picked":["Power Through","Warcry+1","Clash","Reckless Charge"],"picked":"SKIP","floor":46},{"not_picked":["Cleave","Rage+1","Warcry+1","Metallicize+1"],"picked":"SKIP","floor":47},{"not_picked":["Cleave+1","Infernal Blade","Iron Wave"],"picked":"Reaper","floor":48}],"player_experience":136971,"relics_obtained":[{"floor":7,"key":"Unceasing Top"},{"floor":9,"key":"FossilizedHelix"},{"floor":10,"key":"Gambling Chip"},{"floor":23,"key":"Dead Branch"},{"floor":26,"key":"Boot"},{"floor":28,"key":"Dodecahedron"},{"floor":36,"key":"Peace Pipe"},{"floor":40,"key":"Question Card"},{"floor":41,"key":"Bird Faced Urn"},{"floor":42,"key":"Vajra"},{"floor":43,"key":"Omamori"},{"floor":48,"key":"Bronze Scales"}],"event_choices":[{"damage_healed":0,"gold_gain":175,"player_choice":"AGREE","damage_taken":0,"max_hp_gain":0,"max_hp_loss":0,"event_name":"Liars Game","floor":2,"gold_loss":0,"cards_obtained":["Doubt"]},{"damage_healed":0,"gold_gain":0,"player_choice":"Ignored","damage_taken":0,"max_hp_gain":0,"max_hp_loss":0,"event_name":"Golden Idol","floor":12,"gold_loss":0},{"damage_healed":0,"gold_gain":0,"player_choice":"Left Gold","damage_taken":0,"max_hp_gain":0,"max_hp_loss":0,"event_name":"World of Goop","floor":13,"gold_loss":20},{"cards_removed":["Corruption"],"damage_healed":0,"gold_gain":0,"player_choice":"Card Removal","damage_taken":0,"max_hp_gain":0,"max_hp_loss":0,"event_name":"The Cleric","floor":14,"gold_loss":50},{"damage_healed":0,"gold_gain":0,"player_choice":"Trade","damage_taken":0,"relics_obtained":["SsserpentHead"],"max_hp_gain":0,"max_hp_loss":0,"event_name":"FaceTrader","floor":20,"gold_loss":0},{"cards_removed":["Sever Soul"],"damage_healed":0,"gold_gain":0,"player_choice":"Elegance","damage_taken":0,"max_hp_gain":0,"max_hp_loss":0,"event_name":"Back to Basics","floor":25,"gold_loss":0},{"damage_healed":0,"gold_gain":0,"player_choice":"Ignored","damage_taken":0,"max_hp_gain":0,"max_hp_loss":0,"event_name":"Vampires","floor":27,"gold_loss":0},{"damage_healed":0,"gold_gain":0,"player_choice":"Opened","damage_taken":0,"relics_obtained":["WingedGreaves"],"max_hp_gain":0,"max_hp_loss":0,"event_name":"The Mausoleum","floor":30,"gold_loss":0},{"damage_healed":0,"gold_gain":0,"player_choice":"Fight","damage_taken":0,"max_hp_gain":0,"max_hp_loss":0,"event_name":"Mysterious Sphere","floor":36,"gold_loss":0},{"damage_healed":0,"gold_gain":0,"player_choice":"Memory 2","damage_taken":5,"max_hp_gain":0,"max_hp_loss":0,"event_name":"SensoryStone","floor":37,"gold_loss":0},{"damage_healed":0,"gold_gain":0,"player_choice":"Paid Gold","damage_taken":0,"relics_obtained":["Centennial Puzzle"],"max_hp_gain":0,"max_hp_loss":0,"event_name":"WeMeetAgain","floor":44,"gold_loss":134}],"is_beta":false,"boss_relics":[{"not_picked":["Fusion Hammer","Calling Bell"],"picked":"Pandora\u0027s Box"},{"not_picked":["Orrery","Snecko Eye"],"picked":"Mark of Pain"}],"items_purged_floors":[19,38],"is_endless":false,"potions_floor_spawned":[4,7,10,11,16,22,23,28,36,40,41,47,48],"ascension_level":2}