{"gold_per_floor":[116,132,132,146,146,180,180,211,211,173,173,200,300,475,475,579,579,594,519,519,5,5,39,51,51,104,104,104,104,104,133,133,233,233,248,248,297,297,309,335,69,69,149,159,27,55,68,78,78,78],"floor_reached":51,"playtime":4077,"items_purged":["Heavy Blade"],"score":921,"play_id":"0740843b-c4ce-4e77-9226-7a861b82bcc2","local_time":"20190218134416","is_ascension_mode":true,"campfire_choices":[{"data":"Metallicize","floor":7,"key":"SMITH"},{"data":"Bash","floor":15,"key":"SMITH"},{"floor":25,"key":"REST"},{"floor":28,"key":"REST"},{"floor":32,"key":"REST"},{"data":"Apotheosis","floor":42,"key":"SMITH"},{"floor":49,"key":"REST"}],"neow_cost":"NONE","seed_source_timestamp":218851010122469,"circlet_count":0,"master_deck":["Strike_R","Defend_R","Defend_R","Defend_R","Defend_R","Bash+1","Pommel Strike","Metallicize+1","Evolve","Shrug It Off","Limit Break","Juggernaut","Shrug It Off","Flame Barrier","The Bomb","Headbutt","Feed","Apotheosis+1","Conserve Battery","RitualDagger","Barricade","Entrench","Hologram+1","Bandage Up+1","Stack+1","Turbo","Dash+1","Force Field+1","Mind Blast","PanicButton","Shrug It Off","Stack","Good Instincts"],"relics":["Burning Blood","NeowsBlessing","Red Skull","Mercury Hourglass","Gremlin Horn","Juzu Bracelet","Omamori","Velvet Choker","PrismaticShard","Bronze Scales","Sundial","Potion Belt","Art of War","Question Card","Orrery","Du-Vu Doll","Ancient Tea Set","Toolbox","Bottled Tornado","Oddly Smooth Stone"],"potions_floor_usage":[8,12,16,31,35,40,44,47,50,50,50,50],"damage_taken":[{"damage":0,"enemies":"Small Slimes","floor":1,"turns":1},{"damage":0,"enemies":"Cultist","floor":2,"turns":1},{"damage":0,"enemies":"2 Louse","floor":4,"turns":1},{"damage":50,"enemies":"Lagavulin","floor":6,"turns":9},{"damage":18,"enemies":"3 Sentries","floor":8,"turns":8},{"damage":8,"enemies":"Gremlin Nob","floor":12,"turns":3},{"damage":15,"enemies":"Hexaghost","floor":16,"turns":8},{"damage":24,"enemies":"Shell Parasite","floor":18,"turns":6},{"damage":53,"enemies":"Book of Stabbing","floor":23,"turns":6},{"damage":5,"enemies":"3 Byrds","floor":24,"turns":3},{"damage":34,"enemies":"Slavers","floor":31,"turns":3},{"damage":45,"enemies":"Collector","floor":33,"turns":8},{"damage":17,"enemies":"3 Shapes","floor":35,"turns":3},{"damage":38,"enemies":"2 Orb Walkers","floor":37,"turns":5},{"damage":10,"enemies":"Orb Walker","floor":39,"turns":4},{"damage":11,"enemies":"Nemesis","floor":40,"turns":9},{"damage":9,"enemies":"Transient","floor":44,"turns":5},{"damage":14,"enemies":"Reptomancer","floor":46,"turns":7},{"damage":31,"enemies":"Jaw Worm Horde","floor":47,"turns":5},{"damage":8,"enemies":"4 Shapes","floor":48,"turns":3},{"damage":32,"enemies":"Awakened One","floor":50,"turns":16}],"seed_played":"3777084177387923652","potions_obtained":[{"floor":2,"key":"SpeedPotion"},{"floor":4,"key":"Regen Potion"},{"floor":8,"key":"PowerPotion"},{"floor":12,"key":"GamblersBrew"},{"floor":18,"key":"Fire Potion"},{"floor":24,"key":"Fruit Juice"},{"floor":38,"key":"PowerPotion"},{"floor":38,"key":"Dexterity Potion"},{"floor":38,"key":"Block Potion"},{"floor":40,"key":"PowerPotion"},{"floor":46,"key":"SteroidPotion"},{"floor":47,"key":"Poison Potion"},{"floor":48,"key":"BloodPotion"}],"is_trial":false,"path_per_floor":["M","M","?","M","?","E","R","E","T","?","?","E","?","?","R","B",null,"M","?","?","$","?","E","M","R","T","?","R","?","?","E","R","B",null,"M","?","?","?","M","E","$","R","T","M","$","E","M","M","R","B",null],"character_chosen":"IRONCLAD","items_purchased":["PrismaticShard","Bronze Scales","The Bomb","Toolbox","AttackPotion","PanicButton"],"campfire_rested":4,"item_purchase_floors":[21,21,21,41,45,45],"current_hp_per_floor":[80,80,80,80,73,29,29,32,32,32,32,30,30,30,30,21,80,62,62,62,62,62,15,20,45,45,39,64,64,64,41,67,28,89,81,81,55,55,55,56,56,56,56,59,59,57,41,45,74,63],"gold":78,"neow_bonus":"THREE_ENEMY_KILL","is_prod":false,"is_daily":false,"chose_seed":false,"campfire_upgraded":3,"win_rate":0,"timestamp":1550526256,"path_taken":["M","M","?","?","?","E","R","E","T","?","?","E","?","?","R","BOSS","M","?","?","$","?","E","M","R","T","?","R","?","?","E","R","BOSS","M","?","?","?","M","E","$","R","T","M","$","E","M","M","R","BOSS"],"build_version":"2019-01-23","purchased_purges":1,"victory":true,"max_hp_per_floor":[80,80,80,80,80,80,80,80,80,80,80,80,80,80,80,80,80,80,80,80,80,80,80,84,84,84,84,84,84,84,89,89,89,89,92,92,92,92,96,96,96,96,96,96,96,96,99,99,99,99],"card_choices":[{"not_picked":["Seeing Red","Body Slam"],"picked":"Pommel Strike","floor":1},{"not_picked":["Thunderclap","Shrug It Off"],"picked":"Metallicize","floor":2},{"not_picked":["Flex","Heavy Blade","Uppercut"],"picked":"SKIP","floor":4},{"not_picked":["Wild Strike","Perfected Strike"],"picked":"Evolve","floor":6},{"not_picked":["Pommel Strike","Entrench"],"picked":"Shrug It Off","floor":8},{"not_picked":["Evolve","Wild Strike"],"picked":"Heavy Blade","floor":12},{"not_picked":["Feed","Limit Break"],"picked":"Juggernaut","floor":16},{"not_picked":["Havoc","True Grit+1"],"picked":"Shrug It Off","floor":18},{"not_picked":["Machine Learning","Whirlwind+1"],"picked":"Apotheosis","floor":23},{"not_picked":["Thunderclap","Fusion"],"picked":"Conserve Battery","floor":24},{"not_picked":["Predator","Choke","Prepared"],"picked":"SKIP","floor":31},{"not_picked":["Double Tap","Meteor Strike","Creative AI"],"picked":"Barricade","floor":33},{"not_picked":["Setup","Madness","Dodge and Roll"],"picked":"Entrench","floor":34},{"not_picked":["Twin Strike","Redo+1","Capacitor+1"],"picked":"Hologram+1","floor":34},{"not_picked":["Headbutt","Leg Sweep","Crippling Poison"],"picked":"Bandage Up+1","floor":34},{"not_picked":["Blood for Blood","Havoc","Bandage Up"],"picked":"Stack+1","floor":34},{"not_picked":["Acrobatics+1","Sword Boomerang","The Bomb"],"picked":"Turbo","floor":34},{"not_picked":["Blind+1","Heel Hook+1","Underhanded Strike"],"picked":"Dash+1","floor":35},{"not_picked":["Underhanded Strike","Bandage Up","Coolheaded+1"],"picked":"Force Field+1","floor":39},{"not_picked":["Tools of the Trade","Underhanded Strike+1","Bandage Up+1"],"picked":"Mind Blast","floor":40},{"not_picked":["Slice","Compile Driver","Sword Boomerang","Sweeping Beam"],"picked":"SKIP","floor":44},{"not_picked":["FTL+1","Poisoned Stab","Steam Power"],"picked":"Shrug It Off","floor":46},{"not_picked":["Twin Strike+1","Shrug It Off","Dagger Spray"],"picked":"Stack","floor":47},{"not_picked":["Rage","Streamline","Double Energy+1"],"picked":"Good Instincts","floor":48}],"player_experience":178530,"relics_obtained":[{"floor":6,"key":"Mercury Hourglass"},{"floor":8,"key":"Gremlin Horn"},{"floor":9,"key":"Juzu Bracelet"},{"floor":12,"key":"Omamori"},{"floor":23,"key":"Sundial"},{"floor":26,"key":"Potion Belt"},{"floor":31,"key":"Question Card"},{"floor":37,"key":"Du-Vu Doll"},{"floor":40,"key":"Ancient Tea Set"},{"floor":43,"key":"Bottled Tornado"},{"floor":46,"key":"Oddly Smooth Stone"}],"event_choices":[{"cards_removed":["Strike_R"],"damage_healed":0,"gold_gain":0,"player_choice":"Offered Basic","damage_taken":0,"max_hp_gain":0,"max_hp_loss":0,"event_name":"Bonfire Elementals","floor":3,"gold_loss":0},{"damage_healed":0,"gold_gain":0,"player_choice":"Success","damage_taken":7,"relics_obtained":["Red Skull"],"max_hp_gain":0,"max_hp_loss":0,"event_name":"Scrap Ooze","floor":5,"gold_loss":0},{"damage_healed":0,"gold_gain":0,"player_choice":"Left Gold","damage_taken":0,"max_hp_gain":0,"max_hp_loss":0,"event_name":"World of Goop","floor":10,"gold_loss":38},{"damage_healed":0,"gold_gain":0,"player_choice":"1 cards matched","damage_taken":0,"max_hp_gain":0,"max_hp_loss":0,"event_name":"Match and Keep!","floor":11,"gold_loss":0,"cards_obtained":["Limit Break"]},{"damage_healed":0,"gold_gain":0,"player_choice":"1 cards matched","damage_taken":0,"max_hp_gain":0,"max_hp_loss":0,"event_name":"Match and Keep!","floor":11,"gold_loss":0,"cards_obtained":["Limit Break"]},{"damage_healed":0,"gold_gain":100,"player_choice":"Pray","damage_taken":0,"max_hp_gain":0,"max_hp_loss":0,"event_name":"Golden Shrine","floor":13,"gold_loss":0},{"damage_healed":0,"gold_gain":175,"player_choice":"AGREE","damage_taken":0,"max_hp_gain":0,"max_hp_loss":0,"event_name":"Liars Game","floor":14,"gold_loss":0,"cards_obtained":["Doubt"]},{"cards_removed":["Strike_R"],"damage_healed":0,"gold_gain":0,"player_choice":"Gave Gold","damage_taken":0,"max_hp_gain":0,"max_hp_loss":0,"event_name":"Beggar","floor":19,"gold_loss":75},{"damage_healed":0,"gold_gain":0,"player_choice":"Read","damage_taken":0,"max_hp_gain":0,"max_hp_loss":0,"event_name":"The Library","floor":20,"gold_loss":0,"cards_obtained":["Flame Barrier"]},{"damage_healed":0,"gold_gain":0,"cards_transformed":["Strike_R","Strike_R"],"player_choice":"Became Test Subject","damage_taken":0,"max_hp_gain":0,"max_hp_loss":0,"event_name":"Drug Dealer","floor":22,"gold_loss":0,"cards_obtained":["Headbutt","Feed"]},{"damage_healed":0,"gold_gain":0,"player_choice":"Joined the Cult","damage_taken":6,"max_hp_gain":0,"max_hp_loss":0,"event_name":"Nest","floor":27,"gold_loss":0,"cards_obtained":["RitualDagger"]},{"damage_healed":0,"gold_gain":0,"player_choice":"Ignored","damage_taken":0,"max_hp_gain":0,"max_hp_loss":0,"event_name":"Ghosts","floor":29,"gold_loss":0},{"damage_healed":0,"gold_gain":0,"player_choice":"Stole Relic","damage_taken":0,"relics_obtained":["Art of War"],"max_hp_gain":0,"max_hp_loss":0,"event_name":"Addict","floor":30,"gold_loss":0,"cards_obtained":["Shame"]},{"damage_healed":0,"gold_gain":0,"player_choice":"Ignored","damage_taken":0,"max_hp_gain":0,"max_hp_loss":0,"event_name":"Tomb of Lord Red Mask","floor":36,"gold_loss":0},{"damage_healed":0,"gold_gain":0,"player_choice":"Fight","damage_taken":0,"max_hp_gain":0,"max_hp_loss":0,"event_name":"Mysterious Sphere","floor":37,"gold_loss":0},{"damage_healed":0,"gold_gain":0,"player_choice":"Got Potions","damage_taken":0,"max_hp_gain":0,"max_hp_loss":0,"event_name":"Lab","floor":38,"gold_loss":0}],"is_beta":false,"boss_relics":[{"not_picked":["Busted Crown","Philosopher\u0027s Stone"],"picked":"Velvet Choker"},{"not_picked":["Black Star","Eternal Feather"],"picked":"Orrery"}],"items_purged_floors":[41],"is_endless":false,"potions_floor_spawned":[2,4,8,12,18,24,40,46,47,48],"ascension_level":4}