{"gold_per_floor":[115,115,190,155,169,169,182,215,215,140,175,175,190,9,9,82,82],"floor_reached":17,"playtime":439,"items_purged":["Strike_B","Strike_B"],"score":351,"play_id":"b874faf8-ef32-476f-a208-ece7b7bd3718","local_time":"20190208154208","is_ascension_mode":true,"campfire_choices":[{"data":"Barrage","floor":6.0,"key":"SMITH"},{"floor":12,"key":"REST"},{"data":"Creative AI","floor":15,"key":"SMITH"}],"neow_cost":"PERCENT_DAMAGE","seed_source_timestamp":0,"circlet_count":0,"master_deck":["AscendersBane","Strike_B","Strike_B","Defend_B","Defend_B","Defend_B","Defend_B","Zap","Dualcast","Barrage+1","Cold Snap","Loop","Steam","Sweeping Beam","Hologram","Creative AI+1","Rainbow","Melter"],"special_seed":0,"relics":["Cracked Core","Sundial","DataDisk","Meat on the Bone","Orrery"],"potions_floor_usage":[8],"damage_taken":[{"damage":11.0,"enemies":"Small Slimes","floor":1.0,"turns":4.0},{"damage":10.0,"enemies":"2 Louse","floor":5.0,"turns":2.0},{"damage":12.0,"enemies":"Jaw Worm","floor":7.0,"turns":3.0},{"damage":35,"enemies":"Gremlin Nob","floor":8,"turns":4},{"damage":13,"enemies":"Lagavulin","floor":11,"turns":7},{"damage":4,"enemies":"Exordium Wildlife","floor":13,"turns":4},{"damage":23,"enemies":"Hexaghost","floor":16,"turns":12}],"seed_played":"-7851451818596350315","potions_obtained":[{"floor":7.0,"key":"Regen Potion"},{"floor":13,"key":"AttackPotion"}],"is_trial":false,"path_per_floor":["M","?","?","?","M","R","M","E","T","$","E","R","M","$","R","B",null],"character_chosen":"DEFECT","items_purchased":["Creative AI"],"campfire_rested":1,"item_purchase_floors":[14],"current_hp_per_floor":[49,54,43,65,55,55,43,20,20,20,7,34,42,42,42,31,31],"gold":82,"neow_bonus":"TWENTY_PERCENT_HP_BONUS","is_prod":false,"is_daily":false,"chose_seed":false,"campfire_upgraded":2,"win_rate":0,"timestamp":1549608128,"path_taken":["M","?","?","?","M","R","M","E","T","$","E","R","?","$","R","BOSS"],"build_version":"2019-01-23","purchased_purges":2,"victory":false,"max_hp_per_floor":[85,90,90,90,90,90,90,90,90,90,90,90,90,90,90,90,90],"card_choices":[{"not_picked":["Darkness","Coolheaded"],"picked":"Barrage","floor":1.0},{"not_picked":["Redo","BootSequence"],"picked":"Cold Snap","floor":5.0},{"not_picked":["Auto Shields","Cold Snap"],"picked":"Loop","floor":7.0},{"not_picked":["Chaos","Loop"],"picked":"Steam","floor":8},{"not_picked":["Barrage","Leap"],"picked":"Sweeping Beam","floor":11},{"not_picked":["Steam Power","Gash"],"picked":"Hologram","floor":13},{"not_picked":["Seek","Hyperbeam"],"picked":"Rainbow","floor":16},{"not_picked":["Turbo","Storm"],"picked":"Melter","floor":17}],"player_experience":1107240,"relics_obtained":[{"floor":8,"key":"Sundial"},{"floor":9,"key":"DataDisk"},{"floor":11,"key":"Meat on the Bone"}],"event_choices":[{"damage_healed":0.0,"max_hp_gain":5.0,"max_hp_loss":0.0,"gold_gain":0.0,"event_name":"Big Fish","player_choice":"Donut","floor":2.0,"gold_loss":0.0,"damage_taken":0.0},{"damage_healed":0.0,"max_hp_gain":0.0,"max_hp_loss":0.0,"gold_gain":75.0,"event_name":"World of Goop","player_choice":"Gather Gold","floor":3.0,"gold_loss":0.0,"damage_taken":11.0},{"damage_healed":22.0,"max_hp_gain":0.0,"max_hp_loss":0.0,"gold_gain":0.0,"event_name":"The Cleric","player_choice":"Healed","floor":4.0,"gold_loss":35.0,"damage_taken":0.0}],"is_beta":false,"boss_relics":[{"not_picked":["Lizard Tail","Philosopher\u0027s Stone"],"picked":"Orrery"}],"items_purged_floors":[10,14],"is_endless":false,"potions_floor_spawned":[7,13],"ascension_level":20}