{"gold_per_floor":[114,130,144,67,82,82,108,120,155,193,280,292,339,366,378,488,500,531,563,49,49,49,49,83,83,110,121,121,133,143,170,170,275,275,289,306,319,333,353,353,363,17,89,100,100,114,129,146,146,146],"floor_reached":51,"playtime":2937,"items_purged":["Regret","Normality"],"score":1098,"play_id":"cc387264-b513-497e-89cc-5be34fcb2904","local_time":"20190216153739","is_ascension_mode":true,"campfire_choices":[{"data":"Noxious Fumes","floor":6,"key":"SMITH"},{"floor":12,"key":"REST"},{"floor":15,"key":"REST"},{"data":"Envenom","floor":23,"key":"SMITH"},{"data":"Wraith Form v2","floor":25,"key":"SMITH"},{"data":"Catalyst","floor":32,"key":"SMITH"},{"data":"Adrenaline","floor":40,"key":"SMITH"},{"data":"Acrobatics","floor":45,"key":"SMITH"},{"floor":49,"key":"REST"}],"neow_cost":"NONE","seed_source_timestamp":5518190147723,"circlet_count":0,"master_deck":["AscendersBane","Defend_G","Defend_G+1","Defend_G","Defend_G","Survivor+1","Neutralize","Quick Slash","Cloak And Dagger","Poisoned Stab","Noxious Fumes+1","Deadly Poison","Cloak And Dagger","Flying Knee","Backstab","Noxious Fumes","Envenom+1","Wraith Form v2+1","Injury","Writhe","Calculated Gamble+1","Dagger Throw+1","Bite+1","Bite+1","Bite+1","Bite+1","Bite+1","Acrobatics+1","PiercingWail","Mind Blast+1","Escape Plan","Cloak And Dagger","Catalyst+1","Adrenaline+1","Dodge and Roll+1","Tactician+1","Catalyst+1","PiercingWail+1","Dodge and Roll+1","Backflip+1","Backflip","Blade Dance+1"],"relics":["Ring of the Snake","War Paint","MawBank","Bag of Marbles","Bag of Preparation","Dream Catcher","Calling Bell","Molten Egg 2","Du-Vu Doll","Pantograph","TwistedFunnel","Letter Opener","Snake Skull","Smiling Mask","Lizard Tail","Sundial","Pear"],"potions_floor_usage":[7,13,13,16,33,36,39,48,50,50],"damage_taken":[{"damage":1,"enemies":"2 Louse","floor":1,"turns":3},{"damage":0,"enemies":"Cultist","floor":2,"turns":3},{"damage":2,"enemies":"Small Slimes","floor":3,"turns":3},{"damage":0,"enemies":"Looter","floor":5,"turns":4},{"damage":25,"enemies":"3 Sentries","floor":7,"turns":8},{"damage":23,"enemies":"Lagavulin","floor":10,"turns":6},{"damage":15,"enemies":"3 Sentries","floor":13,"turns":7},{"damage":2,"enemies":"Large Slime","floor":14,"turns":6},{"damage":5,"enemies":"Slime Boss","floor":16,"turns":9},{"damage":1,"enemies":"Chosen","floor":18,"turns":4},{"damage":9,"enemies":"Shell Parasite","floor":19,"turns":4},{"damage":8,"enemies":"Book of Stabbing","floor":24,"turns":5},{"damage":14,"enemies":"Centurion and Healer","floor":27,"turns":5},{"damage":10,"enemies":"Cultist and Chosen","floor":29,"turns":5},{"damage":0,"enemies":"Snake Plant","floor":30,"turns":2},{"damage":27,"enemies":"Slavers","floor":31,"turns":6},{"damage":51,"enemies":"Champ","floor":33,"turns":6},{"damage":0,"enemies":"Orb Walker","floor":35,"turns":1},{"damage":47,"enemies":"3 Darklings","floor":36,"turns":5},{"damage":51,"enemies":"Spire Growth","floor":37,"turns":5},{"damage":11,"enemies":"Sphere and 2 Shapes","floor":38,"turns":4},{"damage":20,"enemies":"3 Darklings","floor":39,"turns":4},{"damage":21,"enemies":"Writhing Mass","floor":41,"turns":4},{"damage":1,"enemies":"Maw","floor":44,"turns":5},{"damage":11,"enemies":"Jaw Worm Horde","floor":46,"turns":3},{"damage":12,"enemies":"3 Darklings","floor":47,"turns":5},{"damage":8,"enemies":"Spire Growth","floor":48,"turns":3},{"damage":85,"enemies":"Donu and Deca","floor":50,"turns":10}],"seed_played":"-6599601278415447727","potions_obtained":[{"floor":2,"key":"PowerPotion"},{"floor":3,"key":"GamblersBrew"},{"floor":10,"key":"Regen Potion"},{"floor":14,"key":"GamblersBrew"},{"floor":16,"key":"FairyPotion"},{"floor":18,"key":"Explosive Potion"},{"floor":29,"key":"Explosive Potion"},{"floor":31,"key":"Energy Potion"},{"floor":35,"key":"SteroidPotion"},{"floor":36,"key":"SteroidPotion"},{"floor":37,"key":"Ancient Potion"},{"floor":41,"key":"PowerPotion"}],"is_trial":false,"path_per_floor":["M","M","M","$","M","R","E","$","T","E","?","R","E","M","R","B",null,"M","M","$","?","?","R","E","R","T","M","?","M","M","E","R","B",null,"M","M","M","M","M","R","M","$","T","M","R","M","M","M","R","B",null],"character_chosen":"THE_SILENT","items_purchased":["Noxious Fumes","Pantograph","TwistedFunnel","Sundial","SkillPotion"],"campfire_rested":3,"item_purchase_floors":[4,20,20,42,42],"current_hp_per_floor":[62,62,60,60,60,60,35,35,35,12,5,26,26,24,45,40,63,64,57,57,57,57,57,64,64,64,65,65,67,67,46,46,37,62,62,30,13,8,37,37,19,19,29,43,43,41,44,39,63,4],"gold":146,"neow_bonus":"RANDOM_COMMON_RELIC","is_prod":false,"is_daily":false,"chose_seed":false,"campfire_upgraded":6,"win_rate":0,"timestamp":1550360259,"path_taken":["M","M","M","$","M","R","E","$","T","E","?","R","E","?","R","BOSS","M","M","$","?","?","R","E","R","T","M","?","M","?","E","R","BOSS","M","M","M","M","M","R","M","$","T","M","R","M","M","M","R","BOSS"],"build_version":"2019-01-23","purchased_purges":2,"victory":true,"max_hp_per_floor":[70,70,70,70,70,70,70,70,70,70,70,70,70,70,70,70,70,70,70,70,70,70,70,70,70,70,70,70,70,70,70,70,70,70,70,70,70,70,70,70,70,70,80,80,80,80,80,80,80,80],"card_choices":[{"not_picked":["Terror","All Out Attack"],"picked":"Quick Slash","floor":1},{"not_picked":["Choke","Flying Knee"],"picked":"Cloak And Dagger","floor":2},{"not_picked":["Slice","Concentrate"],"picked":"Poisoned Stab","floor":3},{"not_picked":["Poisoned Stab","Prepared"],"picked":"Deadly Poison","floor":5},{"not_picked":["Bullet Time","Deadly Poison"],"picked":"Cloak And Dagger","floor":7},{"not_picked":["Blade Dance","Deflect"],"picked":"Flying Knee","floor":10},{"not_picked":["Flying Knee","Tactician"],"picked":"Backstab","floor":13},{"not_picked":["Escape Plan","Dodge and Roll"],"picked":"Noxious Fumes","floor":14},{"not_picked":["Backflip","Dagger Spray"],"picked":"Envenom","floor":15},{"not_picked":["Night Terror","Glass Knife"],"picked":"Wraith Form v2","floor":16},{"not_picked":["Underhanded Strike+1","Dagger Throw+1"],"picked":"Calculated Gamble+1","floor":18},{"not_picked":["Caltrops+1","Calculated Gamble"],"picked":"Dagger Throw+1","floor":19},{"not_picked":["Grand Finale+1","Cloak And Dagger"],"picked":"Acrobatics","floor":24},{"not_picked":["Riddle With Holes+1","Slice+1"],"picked":"PiercingWail","floor":27},{"not_picked":["Dagger Throw+1","PiercingWail"],"picked":"Escape Plan","floor":29},{"not_picked":["Bane+1","Deflect+1"],"picked":"Cloak And Dagger","floor":30},{"not_picked":["Acrobatics","Setup"],"picked":"Catalyst","floor":31},{"not_picked":["A Thousand Cuts","Unload+1"],"picked":"Adrenaline","floor":33},{"not_picked":["Sucker Punch+1","Deflect","Slice+1"],"picked":"SKIP","floor":35},{"not_picked":["Bane+1","Endless Agony+1"],"picked":"Dodge and Roll+1","floor":36},{"not_picked":["Dagger Throw+1","Setup"],"picked":"Tactician+1","floor":37},{"not_picked":["Sucker Punch+1","Infinite Blades+1","Cloak And Dagger"],"picked":"SKIP","floor":38},{"not_picked":["Blade Dance","Dagger Throw+1"],"picked":"Catalyst+1","floor":39},{"not_picked":["Accuracy+1","Dagger Spray+1"],"picked":"PiercingWail+1","floor":41},{"not_picked":["Flying Knee+1","Dagger Spray+1"],"picked":"Dodge and Roll+1","floor":44},{"not_picked":["Unload+1","Riddle With Holes+1"],"picked":"Backflip+1","floor":46},{"not_picked":["Slice+1","Cloak And Dagger"],"picked":"Backflip","floor":47},{"not_picked":["Blade Dance","Poisoned Stab+1","Choke+1"],"picked":"SKIP","floor":48},{"not_picked":["Sucker Punch+1","Slice+1"],"picked":"Blade Dance+1","floor":49}],"player_experience":183651,"relics_obtained":[{"floor":7,"key":"MawBank"},{"floor":9,"key":"Bag of Marbles"},{"floor":10,"key":"Bag of Preparation"},{"floor":13,"key":"Dream Catcher"},{"floor":17,"key":"Blood Vial"},{"floor":17,"key":"Molten Egg 2"},{"floor":17,"key":"Du-Vu Doll"},{"floor":24,"key":"Letter Opener"},{"floor":26,"key":"Snake Skull"},{"floor":31,"key":"Smiling Mask"},{"floor":43,"key":"Pear"}],"event_choices":[{"damage_healed":0,"gold_gain":75,"player_choice":"Touch","damage_taken":7,"max_hp_gain":0,"max_hp_loss":0,"event_name":"FaceTrader","floor":11,"gold_loss":0},{"damage_healed":0,"gold_gain":0,"player_choice":"Became a vampire (Vial)","damage_taken":0,"max_hp_gain":0,"max_hp_loss":0,"event_name":"Vampires","floor":21,"relics_lost":["Blood Vial"],"gold_loss":0,"cards_obtained":["Bite","Bite","Bite","Bite","Bite"]},{"cards_removed":["Defend_G"],"damage_healed":0,"gold_gain":0,"player_choice":"Elegance","damage_taken":0,"max_hp_gain":0,"max_hp_loss":0,"event_name":"Back to Basics","floor":22,"gold_loss":0},{"damage_healed":0,"gold_gain":0,"player_choice":"2 cards matched","damage_taken":0,"max_hp_gain":0,"max_hp_loss":0,"event_name":"Match and Keep!","floor":28,"gold_loss":0,"cards_obtained":["Normality","Mind Blast"]}],"is_beta":false,"boss_relics":[{"not_picked":["HoveringKite","Empty Cage"],"picked":"Calling Bell"},{"not_picked":["Tiny House","Snecko Eye"],"picked":"Lizard Tail"}],"items_purged_floors":[20,42],"is_endless":false,"potions_floor_spawned":[2,3,10,14,16,18,29,30,31,35,36,37,41],"ascension_level":10}