{"gold_per_floor":[126,138,225,254,286,298,280,292,330,357,396,408,436,448,460,472],"floor_reached":16,"playtime":858,"items_purged":[],"score":130,"play_id":"204241b5-f334-4014-9bef-1a62d4da6c5f","local_time":"20190215134440","is_ascension_mode":true,"campfire_choices":[{"data":"Neutralize","floor":6.0,"key":"SMITH"},{"data":"Backflip","floor":8.0,"key":"SMITH"},{"floor":12.0,"key":"REST"},{"data":"Footwork","floor":15.0,"key":"SMITH"}],"neow_cost":"NONE","seed_source_timestamp":14022772618900,"circlet_count":0,"master_deck":["Defend_G","Defend_G","Defend_G","Defend_G","Defend_G","Strike_G","Strike_G","Strike_G","Strike_G","Strike_G","Survivor","Neutralize+1","Leg Sweep","Dagger Spray","Backflip+1","Footwork+1","Dodge and Roll","Burst","Infinite Blades","Injury"],"special_seed":0,"relics":["Ring of the Snake","MawBank","Bronze Scales","Lantern","Golden Idol"],"potions_floor_usage":[16],"damage_taken":[{"damage":0.0,"enemies":"Cultist","floor":1.0,"turns":4.0},{"damage":0.0,"enemies":"Small Slimes","floor":4.0,"turns":6.0},{"damage":0.0,"enemies":"Jaw Worm","floor":5.0,"turns":6.0},{"damage":0.0,"enemies":"Looter","floor":7.0,"turns":4.0},{"damage":0.0,"enemies":"Exordium Thugs","floor":10.0,"turns":6.0},{"damage":47.0,"enemies":"Gremlin Nob","floor":11.0,"turns":8.0},{"damage":0.0,"enemies":"Blue Slaver","floor":13.0,"turns":4.0},{"damage":30,"enemies":"Hexaghost","floor":16,"turns":14}],"seed_played":"-808221577739760515","potions_obtained":[{"floor":4.0,"key":"Weak Potion"},{"floor":5.0,"key":"Block Potion"},{"floor":13.0,"key":"AttackPotion"}],"is_trial":false,"path_per_floor":["M","$","?","M","M","R","M","R","T","M","E","R","M","?","R","B"],"character_chosen":"THE_SILENT","items_purchased":[],"campfire_rested":1,"item_purchase_floors":[],"current_hp_per_floor":[63,63,52,52,52,52,52,52,52,52,5,26,26,26,26,0],"gold":472,"neow_bonus":"RANDOM_COMMON_RELIC","is_prod":false,"is_daily":false,"chose_seed":false,"campfire_upgraded":3,"win_rate":0,"timestamp":1550234680,"path_taken":["M","?","?","M","M","R","M","R","T","M","E","R","M","?","R","BOSS"],"build_version":"2019-01-23","purchased_purges":0,"victory":false,"max_hp_per_floor":[70,70,70,70,70,70,70,70,70,70,70,70,70,70,70,70],"card_choices":[{"not_picked":["Cloak And Dagger","Dagger Spray"],"picked":"Leg Sweep","floor":1.0},{"not_picked":["Bouncing Flask","Blur"],"picked":"Dagger Spray","floor":4.0},{"not_picked":["PiercingWail","Deflect"],"picked":"Backflip","floor":5.0},{"not_picked":["Concentrate","Bane"],"picked":"Footwork","floor":7.0},{"not_picked":["Choke","Skewer"],"picked":"Dodge and Roll","floor":10.0},{"not_picked":["Dagger Throw","Slice"],"picked":"Burst","floor":11.0},{"not_picked":["Reflex","Escape Plan"],"picked":"Infinite Blades","floor":13.0}],"player_experience":179031,"relics_obtained":[{"floor":9.0,"key":"Bronze Scales"},{"floor":11.0,"key":"Lantern"}],"event_choices":[{"damage_healed":0.0,"max_hp_gain":0.0,"max_hp_loss":0.0,"gold_gain":75.0,"event_name":"World of Goop","player_choice":"Gather Gold","floor":3.0,"gold_loss":0.0,"damage_taken":11.0},{"damage_healed":0.0,"max_hp_gain":0.0,"max_hp_loss":0.0,"gold_gain":0.0,"event_name":"Golden Idol","player_choice":"Take Wound","floor":14.0,"gold_loss":0.0,"damage_taken":0.0,"relics_obtained":["Golden Idol"],"cards_obtained":["Injury"]}],"is_beta":false,"boss_relics":[],"items_purged_floors":[],"is_endless":false,"potions_floor_spawned":[4,5,13],"killed_by":"Hexaghost","ascension_level":6}