{"gold_per_floor":[117,128,128,145,70,70,98,98,121,121,143,143,108,136,136,210,210,225,225,72,72,90,90,15,15,15,15,28,54,1,12,12,86,86,103,103,116,130,142,171,171,271,322,337,337,337,0,16,16,16,16],"floor_reached":52,"playtime":2425,"items_purged":["Strike_B"],"score":1837,"play_id":"622b5ef7-56bf-47bb-b44c-9cf41402872e","local_time":"20190219113447","is_ascension_mode":true,"campfire_choices":[{"data":"Zap","floor":6.0,"key":"SMITH"},{"data":"Lockon","floor":8.0,"key":"SMITH"},{"data":"Dualcast","floor":10.0,"key":"SMITH"},{"data":"Hologram","floor":15.0,"key":"SMITH"},{"data":"Dark Shackles","floor":23,"key":"SMITH"},{"data":"Capacitor","floor":25,"key":"SMITH"},{"data":"FTL","floor":27,"key":"SMITH"},{"data":"Defragment","floor":32,"key":"SMITH"},{"data":"Hologram","floor":41,"key":"SMITH"},{"data":"Leap","floor":45,"key":"SMITH"},{"data":"Hologram","floor":49,"key":"SMITH"}],"neow_cost":"NONE","seed_source_timestamp":441607192737666,"circlet_count":0,"master_deck":["AscendersBane","Defend_B","Defend_B","Defend_B","Defend_B","Zap+1","Dualcast+1","Compile Driver","Ball Lightning","Lockon+1","Coolheaded+1","FTL+1","Hologram+1","Echo Form","Chill+1","Storm+1","Biased Cognition+1","Conserve Battery","Dark Shackles+1","Capacitor+1","Leap+1","Hologram+1","Defragment+1","Echo Form","Defragment+1","Glacier+1","Hologram+1"],"special_seed":0,"relics":["Cracked Core","Ancient Tea Set","Pen Nib","Blood Vial","Odd Mushroom","Lantern","Astrolabe","PreservedInsect","Letter Opener","Bronze Scales","Busted Crown","Centennial Puzzle","Mango","Art of War","Cables"],"potions_floor_usage":[29,33,33,33,42,50,50],"damage_taken":[{"damage":4.0,"enemies":"Jaw Worm","floor":1.0,"turns":4.0},{"damage":3.0,"enemies":"2 Louse","floor":2.0,"turns":2.0},{"damage":12.0,"enemies":"Small Slimes","floor":4.0,"turns":3.0},{"damage":3.0,"enemies":"Lagavulin","floor":7.0,"turns":5.0},{"damage":9.0,"enemies":"The Mushroom Lair","floor":11.0,"turns":4.0},{"damage":8.0,"enemies":"Gremlin Nob","floor":14.0,"turns":3.0},{"damage":19.0,"enemies":"The Guardian","floor":16.0,"turns":12.0},{"damage":6,"enemies":"3 Byrds","floor":18,"turns":4},{"damage":0,"enemies":"Chosen","floor":22,"turns":4},{"damage":5,"enemies":"Centurion and Healer","floor":28,"turns":4},{"damage":10,"enemies":"Book of Stabbing","floor":29,"turns":4},{"damage":0,"enemies":"3 Cultists","floor":31,"turns":4},{"damage":36,"enemies":"Champ","floor":33,"turns":11},{"damage":7,"enemies":"Orb Walker","floor":35,"turns":3},{"damage":1,"enemies":"3 Darklings","floor":37,"turns":4},{"damage":4,"enemies":"Jaw Worm Horde","floor":38,"turns":4},{"damage":0,"enemies":"Sphere and 2 Shapes","floor":39,"turns":4},{"damage":0,"enemies":"Reptomancer","floor":40,"turns":4},{"damage":0,"enemies":"Mind Bloom Boss Battle","floor":42,"turns":4},{"damage":5,"enemies":"Writhing Mass","floor":44,"turns":3},{"damage":1,"enemies":"Transient","floor":48,"turns":6},{"damage":57,"enemies":"Awakened One","floor":50,"turns":12},{"damage":12,"enemies":"Time Eater","floor":51,"turns":10}],"seed_played":"94584893860789620","potions_obtained":[{"floor":0.0,"key":"Fruit Juice"},{"floor":0.0,"key":"Block Potion"},{"floor":0.0,"key":"Weak Potion"},{"floor":1.0,"key":"Block Potion"},{"floor":4.0,"key":"PowerPotion"},{"floor":11.0,"key":"Weak Potion"},{"floor":16.0,"key":"Energy Potion"},{"floor":18,"key":"Block Potion"},{"floor":29,"key":"EntropicBrew"},{"floor":38,"key":"FearPotion"},{"floor":39,"key":"LiquidBronze"},{"floor":48,"key":"Explosive Potion"}],"is_trial":false,"path_per_floor":["M","M","?","M","$","R","E","R","T","R","?","?","?","E","R","B",null,"M","?","$","?","M","R","$","R","T","R","M","E","?","M","R","B",null,"M","?","M","M","M","E","R","?","T","M","R","$","$","M","R","B","B",null],"character_chosen":"DEFECT","items_purchased":["Conserve Battery","Dark Shackles","Capacitor","Cables","Fire Potion"],"campfire_rested":0,"item_purchase_floors":[20,20,24,47,47],"current_hp_per_floor":[65,62,57,45,45,45,42,42,42,42,35,35,54,48,48,31,65,61,61,61,61,63,63,63,63,63,63,60,52,52,54,54,20,62,57,57,58,56,58,60,60,76,76,73,73,73,73,74,74,19,9],"gold":16,"neow_bonus":"THREE_SMALL_POTIONS","is_prod":false,"is_daily":false,"chose_seed":false,"campfire_upgraded":11,"win_rate":0,"timestamp":1550594087,"path_taken":["M","M","?","M","$","R","E","R","T","R","?","?","?","E","R","BOSS","M","?","$","?","M","R","$","R","T","R","?","E","?","?","R","BOSS","M","?","M","M","?","E","R","?","T","M","R","?","$","?","R","BOSS","BOSS"],"build_version":"2019-01-23","purchased_purges":1,"victory":true,"max_hp_per_floor":[76,76,76,76,76,76,76,76,76,76,76,76,76,76,76,76,76,76,76,76,76,76,76,76,76,76,76,76,76,76,76,76,76,76,76,76,76,76,76,76,76,90,90,90,90,90,90,90,90,90,90],"card_choices":[{"not_picked":["Blizzard","Steam"],"picked":"Compile Driver","floor":1.0},{"not_picked":["Streamline","White Noise"],"picked":"Ball Lightning","floor":2.0},{"not_picked":["Rebound","Machine Learning"],"picked":"Lockon","floor":4.0},{"not_picked":["Steam","Skim"],"picked":"Coolheaded","floor":7.0},{"not_picked":["Beam Cell","Blizzard"],"picked":"FTL","floor":11.0},{"not_picked":["Gash","Redo"],"picked":"Hologram","floor":14.0},{"not_picked":["Reboot","Seek"],"picked":"Echo Form","floor":16.0},{"not_picked":["Barrage","Gash+1","Rebound"],"picked":"SKIP","floor":18},{"not_picked":["Go for the Eyes","Chaos","Recycle"],"picked":"SKIP","floor":22},{"not_picked":["Streamline","Chaos"],"picked":"Leap","floor":28},{"not_picked":["Scrape","Rebound"],"picked":"Hologram","floor":29},{"not_picked":["Double Energy","Reinforced Body"],"picked":"Defragment","floor":31},{"not_picked":["Creative AI","Multi-Cast"],"picked":"Echo Form","floor":33},{"not_picked":["Lockon"],"picked":"SKIP","floor":35},{"not_picked":["Beam Cell+1"],"picked":"SKIP","floor":37},{"not_picked":["Beam Cell+1"],"picked":"SKIP","floor":38},{"not_picked":["Ball Lightning"],"picked":"SKIP","floor":39},{"not_picked":["Hello World"],"picked":"SKIP","floor":40},{"not_picked":[],"picked":"Glacier+1","floor":44},{"not_picked":[],"picked":"Hologram","floor":48}],"player_experience":958252,"relics_obtained":[{"floor":7.0,"key":"Pen Nib"},{"floor":9.0,"key":"Blood Vial"},{"floor":11.0,"key":"Odd Mushroom"},{"floor":14.0,"key":"Lantern"},{"floor":26,"key":"PreservedInsect"},{"floor":29,"key":"Letter Opener"},{"floor":40,"key":"Centennial Puzzle"},{"floor":42,"key":"Mango"},{"floor":43,"key":"Art of War"}],"event_choices":[{"damage_healed":0.0,"max_hp_gain":0.0,"max_hp_loss":0.0,"gold_gain":0.0,"event_name":"Scrap Ooze","player_choice":"Success","floor":3.0,"gold_loss":0.0,"damage_taken":5.0,"relics_obtained":["Ancient Tea Set"]},{"damage_healed":0.0,"max_hp_gain":0.0,"max_hp_loss":0.0,"gold_gain":0.0,"event_name":"Mushrooms","player_choice":"Fought Mushrooms","floor":11.0,"gold_loss":0.0,"damage_taken":0.0},{"damage_healed":0.0,"max_hp_gain":0.0,"max_hp_loss":0.0,"gold_gain":0.0,"event_name":"Shining Light","player_choice":"Ignored","floor":12.0,"gold_loss":0.0,"damage_taken":0.0},{"damage_healed":19.0,"max_hp_gain":0.0,"max_hp_loss":0.0,"gold_gain":0.0,"event_name":"The Cleric","player_choice":"Healed","floor":13.0,"gold_loss":35.0,"damage_taken":0.0},{"damage_healed":0,"gold_gain":0,"player_choice":"Ignored","damage_taken":0,"max_hp_gain":0,"max_hp_loss":0,"event_name":"Beggar","floor":19,"gold_loss":0},{"damage_healed":0,"gold_gain":0,"player_choice":"Upgraded","damage_taken":0,"max_hp_gain":0,"max_hp_loss":0,"event_name":"Upgrade Shrine","floor":21,"gold_loss":0,"cards_upgraded":["Coolheaded"]},{"damage_healed":0,"gold_gain":0,"player_choice":"Paid Gold","damage_taken":0,"relics_obtained":["Bronze Scales"],"max_hp_gain":0,"max_hp_loss":0,"event_name":"WeMeetAgain","floor":30,"gold_loss":53},{"damage_healed":0,"gold_gain":0,"player_choice":"Copied","damage_taken":0,"max_hp_gain":0,"max_hp_loss":0,"event_name":"Duplicator","floor":36,"gold_loss":0,"cards_obtained":["Defragment"]},{"damage_healed":0,"gold_gain":0,"player_choice":"Fight","damage_taken":0,"max_hp_gain":0,"max_hp_loss":0,"event_name":"MindBloom","floor":42,"gold_loss":0}],"is_beta":false,"boss_relics":[{"not_picked":["Black Star","Inserter"],"picked":"Astrolabe"},{"not_picked":["Runic Pyramid","Coffee Dripper"],"picked":"Busted Crown"}],"items_purged_floors":[5],"is_endless":false,"potions_floor_spawned":[1,4,11,16,18,29,31,38,39,40,48],"ascension_level":20}