{"gold_per_floor":[116,192,204,224,238,269,286,286,313,95,95,45,60,88,88,188,188,207,26,29,29,44,71,71,90,117,128,138,138,157,177,177,279,279,289,303,303,303,106,106,124,124,124,124,140,155,169,198,198,198],"floor_reached":51,"playtime":3298,"items_purged":["Strike_R","Strike_R","Anger"],"score":790,"play_id":"932d567c-70fb-4a48-ba12-ff867b844c2f","local_time":"20190212163158","is_ascension_mode":false,"campfire_choices":[{"data":"Feed","floor":8,"key":"SMITH"},{"data":"Metallicize","floor":11,"key":"SMITH"},{"data":"Armaments","floor":15,"key":"SMITH"},{"floor":24,"key":"REST"},{"floor":29,"key":"REST"},{"data":"Offering","floor":32,"key":"SMITH"},{"data":"Limit Break","floor":40,"key":"SMITH"},{"data":"Spot Weakness","floor":42,"key":"SMITH"},{"floor":49,"key":"REST"}],"neow_cost":"NONE","seed_source_timestamp":59897062469499,"circlet_count":0,"master_deck":["Bash+1","Twin Strike","Metallicize+1","Feed+1","Uppercut","Armaments+1","Exhume","Limit Break+1","Pommel Strike","Writhe","Feed","Shrug It Off","Offering+1","Rampage","Shrug It Off","Anger","Heavy Blade","Flex","True Grit","Rampage","Metallicize+1","Spot Weakness+1","Pommel Strike+1","Impervious+1","Headbutt+1","Pummel","Ghostly Armor+1"],"relics":["Burning Blood","Blue Candle","Orichalcum","Lantern","PreservedInsect","Self Forming Clay","Philosopher\u0027s Stone","Frozen Egg 2","Centennial Puzzle","Anchor","Pandora\u0027s Box","Toxic Egg 2","Vajra"],"potions_floor_usage":[6,20,22,23,25,31,45,46,48,48],"damage_taken":[{"damage":1,"enemies":"Cultist","floor":1,"turns":3},{"damage":0,"enemies":"2 Louse","floor":3,"turns":3},{"damage":1,"enemies":"Jaw Worm","floor":4,"turns":3},{"damage":13,"enemies":"Exordium Thugs","floor":5,"turns":5},{"damage":15,"enemies":"3 Sentries","floor":6,"turns":8},{"damage":4,"enemies":"Looter","floor":7,"turns":4},{"damage":2,"enemies":"2 Fungi Beasts","floor":13,"turns":4},{"damage":0,"enemies":"Gremlin Nob","floor":14,"turns":3},{"damage":35,"enemies":"Hexaghost","floor":16,"turns":10},{"damage":3,"enemies":"Chosen","floor":18,"turns":4},{"damage":14,"enemies":"2 Thieves","floor":20,"turns":5},{"damage":26,"enemies":"Snake Plant","floor":22,"turns":5},{"damage":39,"enemies":"Gremlin Leader","floor":23,"turns":8},{"damage":21,"enemies":"Chosen and Byrds","floor":25,"turns":7},{"damage":24,"enemies":"Sentry and Sphere","floor":27,"turns":10},{"damage":13,"enemies":"Snake Plant","floor":28,"turns":4},{"damage":11,"enemies":"Cultist and Chosen","floor":30,"turns":5},{"damage":7,"enemies":"3 Cultists","floor":31,"turns":6},{"damage":66,"enemies":"Champ","floor":33,"turns":12},{"damage":6,"enemies":"Orb Walker","floor":35,"turns":1},{"damage":16,"enemies":"3 Shapes","floor":36,"turns":7},{"damage":6,"enemies":"Transient","floor":41,"turns":5},{"damage":14,"enemies":"Sphere and 2 Shapes","floor":45,"turns":4},{"damage":41,"enemies":"Maw","floor":46,"turns":7},{"damage":12,"enemies":"3 Darklings","floor":47,"turns":8},{"damage":21,"enemies":"Reptomancer","floor":48,"turns":6},{"damage":102,"enemies":"Donu and Deca","floor":50,"turns":10}],"seed_played":"2438296192512861138","potions_obtained":[{"floor":4,"key":"Explosive Potion"},{"floor":7,"key":"SpeedPotion"},{"floor":14,"key":"Dexterity Potion"},{"floor":16,"key":"EssenceOfSteel"},{"floor":20,"key":"Swift Potion"},{"floor":28,"key":"Energy Potion"},{"floor":33,"key":"SpeedPotion"},{"floor":41,"key":"Poison Potion"},{"floor":45,"key":"Poison Potion"},{"floor":46,"key":"EssenceOfSteel"}],"is_trial":false,"path_per_floor":["M","T","M","M","M","E","M","R","T","$","R","?","M","E","R","B",null,"M","$","M","?","M","E","R","M","T","M","M","R","M","M","R","B",null,"M","M","?","?","$","R","M","R","T","$","M","M","M","E","R","B",null],"character_chosen":"IRONCLAD","items_purchased":["PreservedInsect","Limit Break","Spot Weakness"],"campfire_rested":3,"item_purchase_floors":[10,19,39],"current_hp_per_floor":[80,80,80,80,73,64,69,69,69,69,69,69,77,87,87,62,95,95,95,87,87,71,42,72,65,65,54,51,87,90,96,96,36,137,140,138,138,138,138,138,138,138,138,138,137,102,100,89,137,41],"gold":198,"neow_bonus":"UPGRADE_CARD","is_prod":false,"is_daily":false,"chose_seed":false,"campfire_upgraded":6,"win_rate":0,"timestamp":1549985518,"path_taken":["M","?","M","M","M","E","M","R","T","$","R","?","M","E","R","BOSS","M","$","M","?","M","E","R","M","T","M","M","R","M","M","R","BOSS","M","M","?","?","$","R","M","R","T","$","M","?","M","E","R","BOSS"],"build_version":"2019-01-23","purchased_purges":3,"victory":true,"max_hp_per_floor":[80,80,80,80,80,80,83,83,83,83,83,83,87,91,91,95,95,95,95,95,95,99,103,103,111,111,118,122,122,130,137,137,137,137,140,148,148,148,148,148,148,148,148,148,155,155,159,163,163,163],"card_choices":[{"not_picked":["Searing Blow","True Grit"],"picked":"Twin Strike","floor":1},{"not_picked":["Blood for Blood","Searing Blow","Body Slam"],"picked":"SKIP","floor":3},{"not_picked":["Seeing Red","Bloodletting"],"picked":"Anger","floor":4},{"not_picked":["Shrug It Off","Burning Pact"],"picked":"Metallicize","floor":5},{"not_picked":["Flex","Intimidate"],"picked":"Feed","floor":6},{"not_picked":["Reckless Charge","Sentinel","Sever Soul"],"picked":"SKIP","floor":7},{"not_picked":["Pommel Strike","Dropkick"],"picked":"Uppercut","floor":13},{"not_picked":["Havoc","Fire Breathing"],"picked":"Armaments","floor":14},{"not_picked":["Juggernaut","Barricade"],"picked":"Exhume","floor":16},{"not_picked":["Perfected Strike","Cleave","Anger"],"picked":"SKIP","floor":18},{"not_picked":["Infernal Blade+1","Clothesline"],"picked":"Pommel Strike","floor":20},{"not_picked":["Havoc","True Grit"],"picked":"Feed","floor":22},{"not_picked":["Iron Wave","Whirlwind"],"picked":"Shrug It Off","floor":23},{"not_picked":["Entrench","Flex","Hemokinesis"],"picked":"SKIP","floor":25},{"not_picked":["Warcry","Iron Wave+1"],"picked":"Offering","floor":27},{"not_picked":["Wild Strike+1","Clothesline","Armaments"],"picked":"SKIP","floor":28},{"not_picked":["Carnage","Havoc"],"picked":"Rampage","floor":30},{"not_picked":["Blood for Blood","Fire Breathing+1"],"picked":"Shrug It Off","floor":31},{"not_picked":["Battle Trance","Body Slam+1"],"picked":"Metallicize+1","floor":35},{"not_picked":["Iron Wave","Intimidate+1","Anger+1"],"picked":"SKIP","floor":36},{"not_picked":["Pummel+1","Wild Strike+1"],"picked":"Pommel Strike+1","floor":41},{"not_picked":["Burning Pact+1","Evolve+1"],"picked":"Impervious+1","floor":45},{"not_picked":["Sword Boomerang+1","Body Slam"],"picked":"Headbutt+1","floor":46},{"not_picked":["Perfected Strike","Wild Strike+1"],"picked":"Pummel","floor":47},{"not_picked":["Intimidate+1","Wild Strike"],"picked":"Ghostly Armor+1","floor":48}],"player_experience":148926,"relics_obtained":[{"floor":2,"key":"Blue Candle"},{"floor":6,"key":"Orichalcum"},{"floor":9,"key":"Lantern"},{"floor":14,"key":"Self Forming Clay"},{"floor":23,"key":"Centennial Puzzle"},{"floor":26,"key":"Anchor"},{"floor":43,"key":"Toxic Egg 2"},{"floor":48,"key":"Vajra"}],"event_choices":[{"cards_removed":["Strike_R"],"damage_healed":0,"gold_gain":0,"player_choice":"Card Removal","damage_taken":0,"max_hp_gain":0,"max_hp_loss":0,"event_name":"The Cleric","floor":12,"gold_loss":50},{"damage_healed":0,"gold_gain":0,"player_choice":"Opened","damage_taken":0,"relics_obtained":["Frozen Egg 2"],"max_hp_gain":0,"max_hp_loss":0,"event_name":"The Mausoleum","floor":21,"gold_loss":0,"cards_obtained":["Writhe"]},{"cards_removed":["Bludgeon"],"damage_healed":0,"gold_gain":0,"player_choice":"Removed Attack","damage_taken":0,"max_hp_gain":0,"max_hp_loss":0,"event_name":"Falling","floor":37,"gold_loss":0},{"damage_healed":0,"gold_gain":0,"player_choice":"Ignored","damage_taken":0,"max_hp_gain":0,"max_hp_loss":0,"event_name":"SecretPortal","floor":38,"gold_loss":0}],"is_beta":false,"boss_relics":[{"not_picked":["Velvet Choker","Coffee Dripper"],"picked":"Philosopher\u0027s Stone"},{"not_picked":["Tiny House","Black Blood"],"picked":"Pandora\u0027s Box"}],"items_purged_floors":[10,19,39],"is_endless":false,"potions_floor_spawned":[4,7,14,16,20,28,33,41,45,46],"ascension_level":0}