{"gold_per_floor":[116,116,116,191,211,239,251,251,305,339,339,368,23,49,49,148,148,164,174,174,184,259,287,287,312,357,357,373,373,401,416,416,518,518,537,1536,1536,968,878,903,903,936,963,981,981,514,543,557,557,557,557,557,103,135,135],"floor_reached":56,"playtime":3245,"items_purged":["Normality","Strike_R","Strike_R"],"score":1551,"play_id":"e0f79d6c-8f00-427e-8278-832d7b23d6f2","local_time":"20190110060246","is_ascension_mode":true,"campfire_choices":[{"data":"Spot Weakness","floor":8,"key":"SMITH"},{"data":"Bash","floor":11,"key":"SMITH"},{"data":"Metallicize","floor":15,"key":"SMITH"},{"floor":24,"key":"REST"},{"data":"Iron Wave","floor":27,"key":"SMITH"},{"data":"Iron Wave","floor":29,"key":"SMITH"},{"data":"Inflame","floor":32,"key":"SMITH"},{"data":"Barricade","floor":41,"key":"SMITH"},{"floor":49,"key":"RECALL"},{"data":"Intimidate","floor":52,"key":"SMITH"}],"neow_cost":"NONE","seed_source_timestamp":2138553548448529,"circlet_count":0,"master_deck":["Strike_R+1","Defend_R","Defend_R","Defend_R","Defend_R","Bash+1","Iron Wave+1","Spot Weakness+1","Iron Wave+1","Intimidate+1","Metallicize+1","Sever Soul","Feed","Thunderclap","Necronomicurse","Anger+1","Heavy Blade+1","Shrug It Off+1","Reaper+1","Battle Trance","Inflame+1","Bludgeon+1","True Grit+1","Combust+1","Disarm+1","Pummel+1","Barricade+1","Feel No Pain","Shrug It Off","Thinking Ahead","Mind Blast+1","Havoc+1","Shrug It Off+1","Double Tap+1","Warcry+1","Blind+1","Blood for Blood+1","Sword Boomerang+1","Entrench+1","PanicButton+1","True Grit+1","Warcry+1"],"relics":["Burning Blood","Bag of Preparation","Strawberry","Self Forming Clay","Pen Nib","Boot","Happy Flower","Shuriken","Bag of Marbles","Runic Dome","Necronomicon","Molten Egg 2","StoneCalendar","Vajra","Red Mask","Astrolabe","Membership Card","Tiny Chest","Juzu Bracelet","Letter Opener","Blue Candle","Orichalcum","Toxic Egg 2","Du-Vu Doll","Thread and Needle","Lee\u0027s Waffle","Mercury Hourglass","Red Skull","Sundial"],"potions_floor_usage":[10,23,55,55,55],"damage_taken":[{"damage":6,"enemies":"Jaw Worm","floor":1,"turns":3},{"damage":0,"enemies":"2 Louse","floor":5,"turns":2},{"damage":13,"enemies":"Gremlin Nob","floor":6,"turns":4},{"damage":0,"enemies":"Cultist","floor":7,"turns":3},{"damage":5,"enemies":"3 Sentries","floor":10,"turns":5},{"damage":13,"enemies":"Gremlin Nob","floor":12,"turns":4},{"damage":10,"enemies":"Lagavulin","floor":14,"turns":4},{"damage":19,"enemies":"The Guardian","floor":16,"turns":7},{"damage":5,"enemies":"2 Thieves","floor":18,"turns":2},{"damage":6,"enemies":"Chosen","floor":19,"turns":2},{"damage":3,"enemies":"Centurion and Healer","floor":21,"turns":3},{"damage":8,"enemies":"Gremlin Leader","floor":23,"turns":4},{"damage":12,"enemies":"Slavers","floor":25,"turns":4},{"damage":0,"enemies":"Snake Plant","floor":28,"turns":2},{"damage":10,"enemies":"Masked Bandits","floor":30,"turns":2},{"damage":6,"enemies":"3 Cultists","floor":31,"turns":3},{"damage":19,"enemies":"Automaton","floor":33,"turns":6},{"damage":0,"enemies":"Orb Walker","floor":35,"turns":1},{"damage":7,"enemies":"Nemesis","floor":40,"turns":3},{"damage":29,"enemies":"Reptomancer","floor":42,"turns":4},{"damage":7,"enemies":"3 Shapes","floor":44,"turns":4},{"damage":4,"enemies":"Nemesis","floor":47,"turns":7},{"damage":0,"enemies":"Jaw Worm Horde","floor":48,"turns":2},{"damage":9,"enemies":"Time Eater","floor":50,"turns":9},{"damage":0,"enemies":"Shield and Spear","floor":54,"turns":5},{"damage":95,"enemies":"The Heart","floor":55,"turns":8}],"seed_played":"-2478423870214512176","potions_obtained":[{"floor":7,"key":"Explosive Potion"},{"floor":12,"key":"PowerPotion"},{"floor":14,"key":"SkillPotion"},{"floor":16,"key":"SteroidPotion"},{"floor":18,"key":"Dexterity Potion"},{"floor":25,"key":"EssenceOfSteel"},{"floor":42,"key":"PowerPotion"}],"is_trial":false,"path_per_floor":["M","?","T","?","M","E","M","R","T","E","R","E","$","E","R","B",null,"M","M","?","M","?","E","R","E","T","R","M","R","?","M","R","B",null,"M","?","?","$","?","E","R","E","T","M","?","$","E","M","R","B",null,"R","$","E","B",null],"character_chosen":"IRONCLAD","items_purchased":["Metallicize","Sever Soul","Shuriken","Membership Card","Feel No Pain","Shrug It Off","Tiny Chest","Juzu Bracelet","PowerPotion","Thinking Ahead","Mind Blast+1","Toxic Egg 2","Du-Vu Doll","Double Tap+1","Warcry+1","Blind+1","Blood for Blood+1","Lee\u0027s Waffle","Entrench+1","PanicButton+1","True Grit+1","Mercury Hourglass","Red Skull"],"campfire_rested":1,"item_purchase_floors":[13,13,13,38,38,38,38,38,38,38,38,46,46,46,46,46,46,53,53,53,53,53,53],"current_hp_per_floor":[80,75,75,64,70,63,69,69,69,70,70,63,63,59,59,46,87,90,90,74,80,71,69,93,90,90,90,96,96,92,99,99,86,99,99,99,99,99,99,98,98,85,85,84,84,84,86,102,102,102,102,102,109,109,20],"gold":135,"neow_bonus":"RANDOM_COMMON_RELIC","is_prod":false,"is_daily":false,"chose_seed":false,"campfire_upgraded":8,"win_rate":0,"timestamp":1547118166,"path_taken":["M","?","?","?","M","E","M","R","T","E","R","E","$","E","R","BOSS","M","M","?","M","?","E","R","E","T","R","?","R","?","M","R","BOSS","M","?","?","$","?","E","R","E","T","M","?","$","E","M","R","BOSS","R","$","E","BOSS"],"build_version":"2019-01-09","purchased_purges":3,"victory":true,"max_hp_per_floor":[80,87,87,87,87,87,87,87,87,87,87,87,87,87,87,87,87,90,90,90,93,93,93,93,96,96,96,96,96,96,99,99,99,99,99,99,99,99,99,99,99,99,99,99,99,99,99,102,102,102,102,102,109,109,109],"card_choices":[{"not_picked":["Wild Strike","Thunderclap"],"picked":"Clash","floor":1},{"not_picked":["Whirlwind","Headbutt"],"picked":"Iron Wave","floor":5},{"not_picked":["Power Through","Pummel","Fire Breathing"],"picked":"SKIP","floor":6},{"not_picked":["Cleave","Anger"],"picked":"Spot Weakness","floor":7},{"not_picked":["Pommel Strike","Body Slam"],"picked":"Iron Wave","floor":10},{"not_picked":["Havoc","Body Slam"],"picked":"Intimidate","floor":12},{"not_picked":["Burning Pact","Second Wind","Hemokinesis"],"picked":"SKIP","floor":14},{"not_picked":["Impervious","Demon Form"],"picked":"Feed","floor":16},{"not_picked":["Clothesline","Warcry"],"picked":"Thunderclap","floor":18},{"not_picked":["Body Slam","Havoc+1"],"picked":"Headbutt","floor":19},{"not_picked":["Thunderclap","Combust"],"picked":"Anger+1","floor":21},{"not_picked":["Perfected Strike","Wild Strike"],"picked":"Heavy Blade","floor":23},{"not_picked":["Intimidate+1","Metallicize"],"picked":"Shrug It Off+1","floor":25},{"not_picked":["Heavy Blade+1","Havoc"],"picked":"Reaper+1","floor":28},{"not_picked":["Armaments","Clash+1"],"picked":"Battle Trance","floor":30},{"not_picked":["Cleave+1","Burning Pact"],"picked":"Inflame","floor":31},{"not_picked":["Juggernaut","Double Tap"],"picked":"Bludgeon+1","floor":33},{"not_picked":["Thunderclap+1","Flame Barrier+1"],"picked":"Pummel+1","floor":35},{"not_picked":["Cleave+1","Battle Trance"],"picked":"Havoc+1","floor":40},{"not_picked":["Wild Strike+1","Rage"],"picked":"Shrug It Off+1","floor":42},{"not_picked":["Perfected Strike+1","Twin Strike+1","Anger+1"],"picked":"SKIP","floor":44},{"not_picked":["Clash+1","Flame Barrier+1"],"picked":"Sword Boomerang+1","floor":47},{"not_picked":["Second Wind+1","Pummel+1","Bloodletting+1"],"picked":"SKIP","floor":48},{"not_picked":["True Grit+1","Iron Wave+1"],"picked":"Warcry+1","floor":54}],"player_experience":4031347,"relics_obtained":[{"floor":6,"key":"Self Forming Clay"},{"floor":9,"key":"Pen Nib"},{"floor":10,"key":"Boot"},{"floor":12,"key":"Happy Flower"},{"floor":14,"key":"Bag of Marbles"},{"floor":20,"key":"Necronomicon"},{"floor":23,"key":"Molten Egg 2"},{"floor":25,"key":"StoneCalendar"},{"floor":26,"key":"Vajra"},{"floor":30,"key":"Red Mask"},{"floor":40,"key":"Letter Opener"},{"floor":42,"key":"Blue Candle"},{"floor":43,"key":"Orichalcum"},{"floor":47,"key":"Thread and Needle"},{"floor":54,"key":"Sundial"}],"event_choices":[{"damage_healed":0,"gold_gain":0,"player_choice":"Success","damage_taken":12,"relics_obtained":["Strawberry"],"max_hp_gain":0,"max_hp_loss":0,"event_name":"Scrap Ooze","floor":2,"gold_loss":0},{"damage_healed":0,"gold_gain":75,"player_choice":"Gather Gold","damage_taken":11,"max_hp_gain":0,"max_hp_loss":0,"event_name":"World of Goop","floor":4,"gold_loss":0},{"damage_healed":0,"gold_gain":0,"player_choice":"Obtained Book","damage_taken":16,"max_hp_gain":0,"max_hp_loss":0,"event_name":"Cursed Tome","floor":20,"gold_loss":0},{"damage_healed":0,"gold_gain":75,"player_choice":"Touch","damage_taken":9,"max_hp_gain":0,"max_hp_loss":0,"event_name":"FaceTrader","floor":22,"gold_loss":0},{"damage_healed":0,"gold_gain":0,"player_choice":"Fought Bandits","damage_taken":0,"max_hp_gain":0,"max_hp_loss":0,"event_name":"Masked Bandits","floor":30,"gold_loss":0},{"damage_healed":0,"gold_gain":999,"player_choice":"Gold","damage_taken":0,"max_hp_gain":0,"max_hp_loss":0,"event_name":"MindBloom","floor":36,"gold_loss":0,"cards_obtained":["Normality","Normality"]},{"damage_healed":0,"gold_gain":0,"player_choice":"1 cards matched","damage_taken":0,"max_hp_gain":0,"max_hp_loss":0,"event_name":"Match and Keep!","floor":37,"gold_loss":0,"cards_obtained":["Barricade"]},{"cards_removed":["Normality"],"damage_healed":0,"gold_gain":0,"player_choice":"Upgrade and Remove","damage_taken":0,"max_hp_gain":0,"max_hp_loss":0,"event_name":"Designer","floor":39,"gold_loss":90,"cards_upgraded":["Strike_R"]},{"cards_removed":["Headbutt"],"damage_healed":0,"gold_gain":0,"player_choice":"Removed Attack","damage_taken":0,"max_hp_gain":0,"max_hp_loss":0,"event_name":"Falling","floor":45,"gold_loss":0}],"is_beta":true,"boss_relics":[{"not_picked":["Pandora\u0027s Box","Fusion Hammer"],"picked":"Runic Dome"},{"not_picked":["Lizard Tail","Tiny House"],"picked":"Astrolabe"}],"items_purged_floors":[38,46,53],"is_endless":false,"potions_floor_spawned":[7,12,14,16,18,19,25,28,33,42,44],"ascension_level":1}