{"gold_per_floor":[113,125,7,7,17,17,45,64,117,117,117,133,153,180,180,276,276,288,288,179,179,191,216,216,251,251,277,277,192,203,235,235,340,340,360,360,360,370,109,144,144,157,182,193,208,242,253,282,282,282,282,282,24,50,50],"floor_reached":56,"playtime":3472,"items_purged":["Strike_B","Pain"],"score":1611,"play_id":"390ddcac-e3bb-4a18-92f7-58b7a7d9034f","local_time":"20190207040042","is_ascension_mode":true,"campfire_choices":[{"data":"Zap","floor":6,"key":"SMITH"},{"data":"Defragment","floor":15,"key":"SMITH"},{"data":"Consume","floor":24,"key":"SMITH"},{"data":"Storm","floor":32,"key":"SMITH"},{"data":"Rainbow","floor":41,"key":"SMITH"},{"floor":49,"key":"RECALL"},{"data":"Echo Form","floor":52,"key":"SMITH"}],"neow_cost":"TEN_PERCENT_HP_LOSS","seed_source_timestamp":4549828341605145,"circlet_count":0,"master_deck":["Strike_B","Strike_B","Strike_B","Defend_B","Defend_B","Defend_B","Defend_B","Zap+1","Dualcast","Sweeping Beam","Ball Lightning","Sunder+1","Cold Snap","Reboot","Chill","Defragment+1","Conserve Battery","Rainbow+1","Steam+1","Storm+1","Consume+1","Go for the Eyes","Leap+1","Ghostly","Ghostly","Ghostly","Ghostly","Ghostly","Echo Form+1","Buffer","Mayhem","Coolheaded","Electrodynamics","Conserve Battery+1","Conserve Battery+1","Undo","Go for the Eyes+1","Coolheaded+1","Master of Strategy"],"relics":["Cracked Core","Gambling Chip","Cables","PreservedInsect","Oddly Smooth Stone","Bottled Tornado","Runic Dome","Dream Catcher","Ornamental Fan","Singing Bowl","Shuriken","Girya","Letter Opener","Gremlin Horn","Inserter","WarpedTongs","Bird Faced Urn","Strawberry","Art of War","Sundial","Bag of Preparation"],"potions_floor_usage":[14,33,48,55,55,55],"damage_taken":[{"damage":0,"enemies":"2 Louse","floor":1,"turns":2},{"damage":1,"enemies":"Cultist","floor":2,"turns":3},{"damage":0,"enemies":"Small Slimes","floor":5,"turns":1},{"damage":16,"enemies":"Lagavulin","floor":7,"turns":4},{"damage":0,"enemies":"Blue Slaver","floor":8,"turns":3},{"damage":2,"enemies":"Exordium Thugs","floor":12,"turns":2},{"damage":0,"enemies":"2 Fungi Beasts","floor":13,"turns":2},{"damage":2,"enemies":"Gremlin Nob","floor":14,"turns":3},{"damage":0,"enemies":"Hexaghost","floor":16,"turns":9},{"damage":0,"enemies":"3 Byrds","floor":18,"turns":4},{"damage":0,"enemies":"Chosen","floor":22,"turns":3},{"damage":1,"enemies":"Gremlin Leader","floor":23,"turns":5},{"damage":0,"enemies":"Book of Stabbing","floor":25,"turns":4},{"damage":0,"enemies":"Gremlin Leader","floor":27,"turns":5},{"damage":0,"enemies":"Snecko","floor":30,"turns":5},{"damage":0,"enemies":"Slavers","floor":31,"turns":4},{"damage":0,"enemies":"Automaton","floor":33,"turns":9},{"damage":1,"enemies":"Orb Walker","floor":35,"turns":4},{"damage":0,"enemies":"3 Shapes","floor":38,"turns":4},{"damage":1,"enemies":"Giant Head","floor":40,"turns":8},{"damage":1,"enemies":"Transient","floor":42,"turns":5},{"damage":3,"enemies":"Jaw Worm Horde","floor":44,"turns":2},{"damage":0,"enemies":"3 Darklings","floor":45,"turns":2},{"damage":0,"enemies":"Reptomancer","floor":46,"turns":4},{"damage":0,"enemies":"Transient","floor":47,"turns":5},{"damage":11,"enemies":"Giant Head","floor":48,"turns":8},{"damage":21,"enemies":"Time Eater","floor":50,"turns":13},{"damage":0,"enemies":"Shield and Spear","floor":54,"turns":7},{"damage":26,"enemies":"The Heart","floor":55,"turns":11}],"seed_played":"4336160705006186916","potions_obtained":[{"floor":1,"key":"SmokeBomb"},{"floor":7,"key":"Strength Potion"},{"floor":13,"key":"Block Potion"},{"floor":14,"key":"FocusPotion"},{"floor":16,"key":"LiquidBronze"},{"floor":19,"key":"FocusPotion"},{"floor":33,"key":"Poison Potion"},{"floor":38,"key":"Block Potion"},{"floor":48,"key":"EssenceOfSteel"}],"is_trial":false,"path_per_floor":["M","M","$","?","M","R","E","M","T","?","T","M","M","E","R","B",null,"M","?","$","T","M","E","R","E","T","E","?","?","M","E","R","B",null,"M","?","?","M","$","E","R","M","T","M","M","E","M","E","R","B",null,"R","$","E","B",null],"character_chosen":"DEFECT","items_purchased":["Sunder","Cold Snap","Storm","Coolheaded","Electrodynamics","Ancient Potion","Master of Strategy"],"campfire_rested":0,"item_purchase_floors":[3,3,20,39,39,53,53],"current_hp_per_floor":[68,67,67,67,67,67,51,51,51,48,48,46,46,44,44,44,68,68,68,68,68,68,67,67,67,67,67,34,34,34,36,36,36,36,37,37,37,39,39,38,38,40,47,48,49,51,51,44,44,39,51,51,51,53,37],"gold":50,"neow_bonus":"ONE_RARE_RELIC","is_prod":false,"is_daily":false,"chose_seed":false,"campfire_upgraded":6,"win_rate":0,"timestamp":1549530042,"path_taken":["M","M","$","?","M","R","E","?","T","?","?","M","M","E","R","BOSS","M","?","$","?","M","E","R","E","T","E","?","?","M","E","R","BOSS","M","?","?","M","$","E","R","M","T","M","M","E","M","E","R","BOSS","R","$","E","BOSS"],"build_version":"2019-01-23","purchased_purges":2,"victory":true,"max_hp_per_floor":[68,68,68,68,68,68,68,68,68,68,68,68,68,68,68,68,68,68,68,68,68,68,68,68,68,68,68,34,34,34,36,36,36,36,38,38,38,40,40,40,40,40,47,49,49,51,51,51,51,51,51,51,51,53,53],"card_choices":[{"not_picked":["Lockon","Hologram"],"picked":"Sweeping Beam","floor":1},{"not_picked":["Coolheaded","Cold Snap"],"picked":"Ball Lightning","floor":2},{"not_picked":["Sweeping Beam","Turbo","Redo"],"picked":"SKIP","floor":5},{"not_picked":["Rebound","Storm","Sweeping Beam"],"picked":"SKIP","floor":7},{"not_picked":["Sweeping Beam","Hologram"],"picked":"Reboot","floor":8},{"not_picked":["Turbo","Beam Cell"],"picked":"Chill","floor":12},{"not_picked":["Stack","Reinforced Body"],"picked":"Defragment","floor":13},{"not_picked":["Cold Snap","Aggregate"],"picked":"Conserve Battery","floor":14},{"not_picked":["All For One","Machine Learning"],"picked":"Rainbow","floor":16},{"not_picked":["Barrage","Heatsinks"],"picked":"Steam+1","floor":18},{"not_picked":["Cold Snap","Tempest","Streamline"],"picked":"SKIP","floor":22},{"not_picked":["Beam Cell+1","Reprogram+1"],"picked":"Consume","floor":23},{"not_picked":["Streamline","Stack"],"picked":"Go for the Eyes","floor":25},{"not_picked":["Beam Cell","Barrage"],"picked":"Leap+1","floor":27},{"not_picked":["Reprogram","Streamline+1"],"picked":"Echo Form","floor":30},{"not_picked":["Hologram","Leap","Turbo"],"picked":"Singing Bowl","floor":31},{"not_picked":["Biased Cognition","Meteor Strike"],"picked":"Buffer","floor":33},{"not_picked":["Leap+1","Compile Driver","Rip and Tear+1"],"picked":"Singing Bowl","floor":35},{"not_picked":["Secret Technique","Dark Shackles"],"picked":"Mayhem","floor":36},{"not_picked":["Recycle","Streamline","Barrage+1"],"picked":"Singing Bowl","floor":38},{"not_picked":["Genetic Algorithm+1","Aggregate"],"picked":"Conserve Battery+1","floor":40},{"not_picked":["Leap+1","Reinforced Body"],"picked":"Conserve Battery+1","floor":42},{"not_picked":["Go for the Eyes","Barrage","Hologram"],"picked":"Singing Bowl","floor":44},{"not_picked":["Steam","Amplify"],"picked":"Undo","floor":45},{"not_picked":["Cold Snap","Ball Lightning+1","Gash"],"picked":"Singing Bowl","floor":46},{"not_picked":["Turbo+1","Redo+1"],"picked":"Go for the Eyes+1","floor":47},{"not_picked":["Stack+1","Hologram"],"picked":"Coolheaded+1","floor":48},{"not_picked":["Redo+1","Sweeping Beam+1","Rip and Tear+1"],"picked":"Singing Bowl","floor":54}],"player_experience":4399900,"relics_obtained":[{"floor":7,"key":"Cables"},{"floor":9,"key":"PreservedInsect"},{"floor":14,"key":"Bottled Tornado"},{"floor":21,"key":"Dream Catcher"},{"floor":23,"key":"Ornamental Fan"},{"floor":25,"key":"Singing Bowl"},{"floor":26,"key":"Shuriken"},{"floor":27,"key":"Girya"},{"floor":31,"key":"Gremlin Horn"},{"floor":40,"key":"Bird Faced Urn"},{"floor":43,"key":"Strawberry"},{"floor":46,"key":"Art of War"},{"floor":48,"key":"Sundial"},{"floor":54,"key":"Bag of Preparation"}],"event_choices":[{"damage_healed":0,"gold_gain":0,"player_choice":"Upgraded","damage_taken":0,"max_hp_gain":0,"max_hp_loss":0,"event_name":"Upgrade Shrine","floor":4,"gold_loss":0,"cards_upgraded":["Sunder"]},{"damage_healed":0,"gold_gain":0,"player_choice":"Success","damage_taken":3,"relics_obtained":["Oddly Smooth Stone"],"max_hp_gain":0,"max_hp_loss":0,"event_name":"Scrap Ooze","floor":10,"gold_loss":0},{"damage_healed":0,"gold_gain":0,"player_choice":"Got Potions","damage_taken":0,"max_hp_gain":0,"max_hp_loss":0,"event_name":"Lab","floor":19,"gold_loss":0},{"damage_healed":0,"gold_gain":0,"player_choice":"Became a Ghost","damage_taken":0,"max_hp_gain":0,"max_hp_loss":34,"event_name":"Ghosts","floor":28,"gold_loss":0,"cards_obtained":["Ghostly","Ghostly","Ghostly","Ghostly","Ghostly"]},{"damage_healed":0,"gold_gain":0,"player_choice":"Obtained Relic","damage_taken":0,"relics_obtained":["Letter Opener"],"max_hp_gain":0,"max_hp_loss":0,"event_name":"Addict","floor":29,"gold_loss":85},{"damage_healed":0,"gold_gain":0,"player_choice":"Memory 1","damage_taken":0,"max_hp_gain":0,"max_hp_loss":0,"event_name":"SensoryStone","floor":36,"gold_loss":0},{"damage_healed":0,"gold_gain":0,"player_choice":"Rummage","damage_taken":0,"relics_obtained":["WarpedTongs"],"max_hp_gain":0,"max_hp_loss":0,"event_name":"Accursed Blacksmith","floor":37,"gold_loss":0,"cards_obtained":["Pain"]}],"is_beta":true,"boss_relics":[{"not_picked":["Black Star","Empty Cage"],"picked":"Runic Dome"},{"not_picked":["Sozu","Coffee Dripper"],"picked":"Inserter"}],"items_purged_floors":[20,39],"is_endless":false,"potions_floor_spawned":[1,7,13,14,16,22,25,27,33,38,42,45,47,48],"ascension_level":1}