{"gold_per_floor":[20,30,30,44,44,71,71,71,71,71,85,95,95,120,120,120],"floor_reached":16,"playtime":384,"items_purged":[],"score":215,"play_id":"6404ef5f-d3dd-43b8-96f4-6c5026415be6","local_time":"20190222195414","is_ascension_mode":true,"campfire_choices":[{"floor":7,"key":"REST"},{"data":"Zap","floor":10,"key":"SMITH"},{"floor":13,"key":"REST"},{"data":"Dualcast","floor":15,"key":"SMITH"}],"neow_cost":"NO_GOLD","seed_source_timestamp":20492952025600,"circlet_count":0,"master_deck":["AscendersBane","Strike_B","Strike_B","Strike_B","Strike_B","Defend_B","Defend_B","Defend_B","Defend_B","Zap+1","Dualcast+1","Echo Form","BootSequence","Ball Lightning","Core Surge","Parasite","Auto Shields"],"relics":["Cracked Core","Frozen Egg 2","Pen Nib","Juzu Bracelet"],"potions_floor_usage":[],"damage_taken":[{"damage":4,"enemies":"Jaw Worm","floor":1,"turns":5},{"damage":2,"enemies":"2 Louse","floor":2,"turns":2},{"damage":3,"enemies":"Small Slimes","floor":4,"turns":3},{"damage":53,"enemies":"Gremlin Nob","floor":6,"turns":5},{"damage":1,"enemies":"2 Fungi Beasts","floor":11,"turns":3},{"damage":25,"enemies":"Exordium Thugs","floor":12,"turns":4},{"damage":5,"enemies":"Lagavulin","floor":14,"turns":7},{"damage":32,"enemies":"The Guardian","floor":16,"turns":5}],"seed_played":"-8481029041781209218","potions_obtained":[{"floor":1,"key":"SkillPotion"},{"floor":4,"key":"FocusPotion"},{"floor":11,"key":"Block Potion"},{"floor":14,"key":"FocusPotion"}],"is_trial":false,"path_per_floor":["M","M","?","M","?","E","R","?","T","R","M","M","R","E","R","B"],"character_chosen":"DEFECT","items_purchased":[],"campfire_rested":2,"item_purchase_floors":[],"current_hp_per_floor":[60,58,58,55,55,2,23,40,40,40,39,14,35,30,30,0],"gold":120,"neow_bonus":"THREE_RARE_CARDS","is_prod":false,"is_daily":false,"chose_seed":false,"campfire_upgraded":2,"win_rate":0,"timestamp":1550858054,"path_taken":["M","M","?","M","?","E","R","?","T","R","M","M","R","E","R","BOSS"],"build_version":"2019-01-23","purchased_purges":0,"victory":false,"max_hp_per_floor":[71,71,71,71,71,71,71,71,71,71,71,71,71,71,71,71],"card_choices":[{"not_picked":["Reboot","Fission"],"picked":"Echo Form","floor":0},{"not_picked":["Loop","Force Field","Coolheaded"],"picked":"SKIP","floor":1},{"not_picked":["Coolheaded","Melter"],"picked":"BootSequence","floor":2},{"not_picked":["Hologram","Beam Cell"],"picked":"Ball Lightning","floor":4},{"not_picked":["Steam","Leap"],"picked":"Core Surge","floor":6},{"not_picked":["Redo","Recycle","Beam Cell"],"picked":"SKIP","floor":11},{"not_picked":["Genetic Algorithm","Leap"],"picked":"Auto Shields","floor":12},{"not_picked":["Go for the Eyes","Aggregate","FTL"],"picked":"SKIP","floor":14}],"player_experience":877975,"relics_obtained":[{"floor":6,"key":"Frozen Egg 2"},{"floor":9,"key":"Pen Nib"},{"floor":14,"key":"Juzu Bracelet"}],"event_choices":[{"damage_healed":0,"gold_gain":0,"player_choice":"Leave","damage_taken":0,"max_hp_gain":0,"max_hp_loss":0,"event_name":"The Cleric","floor":3,"gold_loss":0},{"damage_healed":0,"gold_gain":0,"player_choice":"Ignored","damage_taken":0,"max_hp_gain":0,"max_hp_loss":0,"event_name":"Liars Game","floor":5,"gold_loss":0},{"damage_healed":17,"gold_gain":0,"player_choice":"Healed and dodged fight","damage_taken":0,"max_hp_gain":0,"max_hp_loss":0,"event_name":"Mushrooms","floor":8,"gold_loss":0,"cards_obtained":["Parasite"]}],"is_beta":false,"boss_relics":[],"items_purged_floors":[],"is_endless":false,"potions_floor_spawned":[1,4,11,14],"killed_by":"The Guardian","ascension_level":19}