{"gold_per_floor":[111,111,111,130,148,148,181,181],"floor_reached":8,"playtime":182,"items_purged":[],"score":95,"play_id":"a6e80957-a7b1-445a-a345-74615c8cb9d8","local_time":"20181205151251","is_ascension_mode":true,"campfire_choices":[{"data":"Redo","floor":6,"key":"SMITH"}],"neow_cost":"NONE","seed_source_timestamp":0,"circlet_count":0,"master_deck":["AscendersBane","Strike_B","Strike_B","Strike_B","Strike_B","Defend_B","Defend_B","Defend_B","Defend_B","Zap+1","Dualcast","Streamline+1","Creative AI","Impatience","Zap","Redo","Darkness","Redo+1","Stack"],"special_seed":0,"relics":["Cracked Core","Bottled Tornado"],"potions_floor_usage":[7],"damage_taken":[{"damage":1.0,"enemies":"2 Louse","floor":1.0,"turns":3.0},{"damage":7,"enemies":"Small Slimes","floor":4,"turns":2},{"damage":0,"enemies":"Cultist","floor":5,"turns":3},{"damage":30,"enemies":"Lagavulin","floor":7,"turns":5},{"damage":20,"enemies":"Blue Slaver","floor":8,"turns":2}],"seed_played":"6351840191773502796","potions_obtained":[{"floor":4,"key":"GamblersBrew"}],"is_trial":false,"path_per_floor":["M","?","?","M","M","R","E","M"],"character_chosen":"DEFECT","items_purchased":[],"campfire_rested":0,"item_purchase_floors":[],"current_hp_per_floor":[70,54,54,47,47,47,17,0],"gold":181,"neow_bonus":"TEN_PERCENT_HP_BONUS","is_prod":false,"is_daily":false,"chose_seed":false,"campfire_upgraded":1,"win_rate":0,"timestamp":1543990371,"path_taken":["M","?","?","M","M","R","E","?"],"build_version":"2018-11-15","purchased_purges":0,"victory":false,"max_hp_per_floor":[78,78,78,78,78,78,78,78],"card_choices":[{"not_picked":["Stack","Conserve Battery"],"picked":"Streamline","floor":1.0},{"not_picked":["Rebound","Melter"],"picked":"Darkness","floor":4},{"not_picked":["Hologram","Go for the Eyes"],"picked":"Redo","floor":5},{"not_picked":["Barrage","Heatsinks"],"picked":"Stack","floor":7}],"player_experience":934618,"relics_obtained":[{"floor":7,"key":"Bottled Tornado"}],"event_choices":[{"damage_healed":0.0,"max_hp_gain":0.0,"max_hp_loss":0.0,"gold_gain":0.0,"event_name":"Shining Light","player_choice":"Entered Light","floor":2.0,"gold_loss":0.0,"damage_taken":16.0,"cards_upgraded":["Zap","Streamline"]},{"damage_healed":0,"gold_gain":0,"player_choice":"4 cards matched","damage_taken":0,"max_hp_gain":0,"max_hp_loss":0,"event_name":"Match and Keep!","floor":3,"gold_loss":0,"cards_obtained":["Creative AI","Impatience","Zap","Redo"]}],"is_beta":false,"boss_relics":[],"items_purged_floors":[],"is_endless":false,"potions_floor_spawned":[4],"killed_by":"Blue Slaver","ascension_level":14}