{"gold_per_floor":[115,125,125,145,145,145,161,202,202,202,202],"floor_reached":11,"playtime":259,"items_purged":[],"score":146,"play_id":"04ba2c19-a3d2-4bf5-97ab-1169eace988a","local_time":"20190220214741","is_ascension_mode":true,"campfire_choices":[{"data":"Envenom","floor":6.0,"key":"SMITH"},{"floor":10,"key":"REST"}],"neow_cost":"NONE","seed_source_timestamp":161858572982600,"circlet_count":0,"master_deck":["AscendersBane","Defend_G","Defend_G","Defend_G","Defend_G","Defend_G","Strike_G","Strike_G","Strike_G","Strike_G","Survivor","Neutralize","Flying Knee","Blade Dance","Envenom+1","Terror"],"special_seed":0,"relics":["Ring of the Snake","Golden Idol","Bottled Tornado","Blue Candle"],"potions_floor_usage":[8,11],"damage_taken":[{"damage":1.0,"enemies":"Cultist","floor":1.0,"turns":4.0},{"damage":3.0,"enemies":"Jaw Worm","floor":2.0,"turns":4.0},{"damage":0.0,"enemies":"2 Louse","floor":4.0,"turns":2.0},{"damage":5.0,"enemies":"2 Fungi Beasts","floor":7.0,"turns":4.0},{"damage":21,"enemies":"Lagavulin","floor":8,"turns":6},{"damage":25,"enemies":"Exordium Wildlife","floor":11,"turns":6}],"seed_played":"-3500946760359439231","potions_obtained":[{"floor":7.0,"key":"SkillPotion"},{"floor":8,"key":"Swift Potion"}],"is_trial":false,"path_per_floor":["M","M","?","M","?","R","M","E","T","R","M"],"character_chosen":"THE_SILENT","items_purchased":[],"campfire_rested":1,"item_purchase_floors":[],"current_hp_per_floor":[64,61,54,54,29,29,24,3,3,24,0],"gold":202,"neow_bonus":"TEN_PERCENT_HP_BONUS","is_prod":false,"is_daily":false,"chose_seed":false,"campfire_upgraded":1,"win_rate":0,"timestamp":1550666861,"path_taken":["M","?","?","M","?","R","M","E","T","R","M"],"build_version":"2019-01-23","purchased_purges":0,"victory":false,"max_hp_per_floor":[72,72,72,72,72,72,72,72,72,72,72],"card_choices":[{"not_picked":["Deflect","Leg Sweep"],"picked":"Flying Knee","floor":1.0},{"not_picked":["Flechettes","Calculated Gamble"],"picked":"Blade Dance","floor":2.0},{"not_picked":["Distraction","Backflip"],"picked":"Envenom","floor":4.0},{"not_picked":["Tactician","Prepared","Underhanded Strike"],"picked":"SKIP","floor":7.0},{"not_picked":["Choke","Storm of Steel"],"picked":"Terror","floor":8}],"player_experience":1147539,"relics_obtained":[{"floor":8,"key":"Bottled Tornado"},{"floor":9,"key":"Blue Candle"}],"event_choices":[{"cards_removed":["Strike_G"],"damage_healed":0.0,"max_hp_gain":0.0,"max_hp_loss":0.0,"gold_gain":0.0,"event_name":"Golden Wing","player_choice":"Card Removal","floor":3.0,"gold_loss":0.0,"damage_taken":7.0},{"damage_healed":0.0,"max_hp_gain":0.0,"max_hp_loss":0.0,"gold_gain":0.0,"event_name":"Golden Idol","player_choice":"Take Damage","floor":5.0,"gold_loss":0.0,"damage_taken":25.0,"relics_obtained":["Golden Idol"]}],"is_beta":false,"boss_relics":[],"items_purged_floors":[],"is_endless":false,"potions_floor_spawned":[7,8],"killed_by":"Exordium Wildlife","ascension_level":20}