{"gold_per_floor":[11,186,200,213,229,257,257,257,257,45,45,45,78,89,89,185,185,204,149,119,137,148,176,176,209,209,209,209,209,222,247,247,344,344,360,373,389,8,8,8,339,358,383,393,423,440,467,480,480,480,480,480,184,217,217],"floor_reached":56,"playtime":4080,"items_purged":["Strike_B","Parasite"],"score":1728,"play_id":"28ac41a8-8f33-4c79-8f32-7869d90d80c9","local_time":"20181129004947","is_ascension_mode":true,"campfire_choices":[{"data":"Zap","floor":7,"key":"SMITH"},{"data":"Defragment","floor":11,"key":"SMITH"},{"data":"Coolheaded","floor":15,"key":"SMITH"},{"data":"Capacitor","floor":27,"key":"SMITH"},{"data":"Deep Breath","floor":32,"key":"SMITH"},{"data":"Reboot","floor":40,"key":"SMITH"},{"floor":49,"key":"RECALL"},{"data":"Echo Form","floor":52,"key":"SMITH"}],"neow_cost":"NO_GOLD","seed_source_timestamp":414820160179078,"circlet_count":0,"master_deck":["Strike_B","Strike_B","Strike_B","Defend_B","Defend_B+1","Defend_B","Defend_B+1","Zap+1","Dualcast","All For One","Gash","Undo","FTL","Gash","Cold Snap","Defragment+1","Coolheaded+1","Deep Breath+1","Chill","Scrape+1","Machine Learning","Glacier+1","FTL+1","Gash+1","Conserve Battery+1","Capacitor+1","Sweeping Beam+1","FTL+1","Skim+1","Echo Form+1","Glacier","Defragment+1","Gash+1","Go for the Eyes+1","Reboot+1","Conserve Battery+1","Beam Cell+1","Conserve Battery+1","Coolheaded+1","Compile Driver+1","Conserve Battery+1","Stack+1"],"relics":["Cracked Core","Sundial","Molten Egg 2","Letter Opener","Coffee Dripper","Tiny Chest","Pantograph","Orichalcum","Potion Belt","Bottled Lightning","Runic Dome","Toy Ornithopter","Old Coin","Oddly Smooth Stone","Lantern","Pen Nib","Anchor","The Courier"],"potions_floor_usage":[18,23,25,55,55,55,55,55],"damage_taken":[{"damage":1,"enemies":"Jaw Worm","floor":1,"turns":3},{"damage":0,"enemies":"2 Louse","floor":3,"turns":2},{"damage":0,"enemies":"Small Slimes","floor":4,"turns":3},{"damage":2,"enemies":"Blue Slaver","floor":5,"turns":4},{"damage":13,"enemies":"3 Sentries","floor":6,"turns":6},{"damage":10,"enemies":"Gremlin Nob","floor":13,"turns":4},{"damage":9,"enemies":"2 Fungi Beasts","floor":14,"turns":2},{"damage":0,"enemies":"The Guardian","floor":16,"turns":7},{"damage":0,"enemies":"Chosen","floor":18,"turns":3},{"damage":0,"enemies":"Spheric Guardian","floor":21,"turns":4},{"damage":0,"enemies":"3 Cultists","floor":22,"turns":5},{"damage":0,"enemies":"Book of Stabbing","floor":23,"turns":4},{"damage":27,"enemies":"Gremlin Leader","floor":25,"turns":5},{"damage":0,"enemies":"Cultist and Chosen","floor":30,"turns":5},{"damage":10,"enemies":"Slavers","floor":31,"turns":5},{"damage":0,"enemies":"Champ","floor":33,"turns":7},{"damage":0,"enemies":"3 Darklings","floor":35,"turns":4},{"damage":0,"enemies":"Orb Walker","floor":36,"turns":4},{"damage":0,"enemies":"Transient","floor":37,"turns":5},{"damage":0,"enemies":"Giant Head","floor":41,"turns":5},{"damage":0,"enemies":"Writhing Mass","floor":42,"turns":5},{"damage":0,"enemies":"Maw","floor":44,"turns":5},{"damage":3,"enemies":"Reptomancer","floor":45,"turns":5},{"damage":0,"enemies":"Transient","floor":46,"turns":5},{"damage":0,"enemies":"Giant Head","floor":47,"turns":8},{"damage":1,"enemies":"Spire Growth","floor":48,"turns":5},{"damage":0,"enemies":"Donu and Deca","floor":50,"turns":8},{"damage":30,"enemies":"Shield and Spear","floor":54,"turns":8},{"damage":25,"enemies":"The Heart","floor":55,"turns":10}],"seed_played":"4708576835198867804","potions_obtained":[{"floor":3,"key":"LiquidBronze"},{"floor":4,"key":"Swift Potion"},{"floor":13,"key":"SteroidPotion"},{"floor":20,"key":"Ancient Potion"},{"floor":21,"key":"Explosive Potion"},{"floor":25,"key":"Explosive Potion"},{"floor":30,"key":"FairyPotion"},{"floor":35,"key":"AttackPotion"},{"floor":36,"key":"GamblersBrew"},{"floor":44,"key":"SpeedPotion"},{"floor":47,"key":"PowerPotion"}],"is_trial":false,"path_per_floor":["M","?","M","M","M","E","R","?","T","$","R","?","E","M","R","B",null,"M","?","?","M","M","E","?","E","T","R","?","?","M","E","R","B",null,"M","M","M","$","?","R","E","M","T","M","E","M","E","M","R","B",null,"R","$","E","B",null],"character_chosen":"DEFECT","items_purchased":["Defragment","Coolheaded","Deep Breath","Go for the Eyes+1","FocusPotion","Toy Ornithopter","Anchor","Dexterity Potion"],"campfire_rested":0,"item_purchase_floors":[10,10,10,38,38,38,53,53],"current_hp_per_floor":[74,74,74,74,72,59,59,59,59,59,59,44,34,25,25,25,75,75,75,75,75,75,75,75,48,48,48,48,48,48,38,38,63,75,75,75,75,75,75,75,75,75,75,75,72,72,72,71,71,75,75,75,72,42,47],"gold":217,"neow_bonus":"THREE_RARE_CARDS","is_prod":false,"is_daily":false,"chose_seed":false,"campfire_upgraded":7,"win_rate":0,"timestamp":1543470587,"path_taken":["M","?","M","M","M","E","R","?","T","$","R","?","E","M","R","BOSS","M","?","?","?","M","E","?","E","T","R","?","?","M","E","R","BOSS","M","M","M","$","?","R","E","?","T","M","E","M","E","M","R","BOSS","R","$","E","BOSS"],"build_version":"2018-11-15","purchased_purges":2,"victory":true,"max_hp_per_floor":[75,75,75,75,75,75,75,75,75,75,75,75,75,75,75,75,75,75,75,75,75,75,75,75,75,75,75,75,75,75,75,75,75,75,75,75,75,75,75,75,75,75,75,75,75,75,75,75,75,75,75,75,72,72,72],"card_choices":[{"not_picked":["Multi-Cast","Hyperbeam"],"picked":"All For One","floor":0},{"not_picked":["Beam Cell","Ball Lightning"],"picked":"Gash","floor":1},{"not_picked":["Barrage","Loop"],"picked":"Undo","floor":3},{"not_picked":["Steam","Hologram"],"picked":"FTL","floor":4},{"not_picked":["Rebound","Lockon"],"picked":"Gash","floor":5},{"not_picked":["Blizzard","Rainbow"],"picked":"Cold Snap","floor":6},{"not_picked":["Aggregate","Stack"],"picked":"Chill","floor":13},{"not_picked":["Skim","Coolheaded"],"picked":"Scrape+1","floor":14},{"not_picked":["Hyperbeam+1","Amplify"],"picked":"Machine Learning","floor":16},{"not_picked":["Conserve Battery","Double Energy"],"picked":"Glacier+1","floor":18},{"not_picked":["Hologram","Turbo"],"picked":"FTL+1","floor":21},{"not_picked":["Steam","Stack+1"],"picked":"Gash+1","floor":22},{"not_picked":["Sweeping Beam+1","Lockon+1"],"picked":"Conserve Battery+1","floor":23},{"not_picked":["Rainbow","Ball Lightning+1"],"picked":"Sweeping Beam+1","floor":25},{"not_picked":["Beam Cell+1","Doom and Gloom+1"],"picked":"FTL+1","floor":30},{"not_picked":["Beam Cell+1","Darkness"],"picked":"Skim+1","floor":31},{"not_picked":["Electrodynamics","Fission"],"picked":"Echo Form","floor":33},{"not_picked":["Sweeping Beam+1","Steam+1"],"picked":"Glacier","floor":35},{"not_picked":["Conserve Battery","Recycle+1"],"picked":"Defragment+1","floor":36},{"not_picked":["Consume","Sweeping Beam+1"],"picked":"Gash+1","floor":37},{"not_picked":["Aggregate+1","Heatsinks"],"picked":"Conserve Battery+1","floor":41},{"not_picked":["Stack+1","Compile Driver+1"],"picked":"Beam Cell+1","floor":42},{"not_picked":["Go for the Eyes+1","Rebound+1"],"picked":"Conserve Battery+1","floor":44},{"not_picked":["Hello World+1","Beam Cell+1"],"picked":"Coolheaded+1","floor":45},{"not_picked":["Steam","Creative AI"],"picked":"Compile Driver+1","floor":46},{"not_picked":["Rip and Tear+1","BootSequence+1"],"picked":"Conserve Battery+1","floor":47},{"not_picked":["Sweeping Beam+1","Tempest+1"],"picked":"Stack+1","floor":48},{"not_picked":["Multi-Cast","Hello World","Stack"],"picked":"SKIP","floor":54}],"player_experience":3586480,"relics_obtained":[{"floor":6,"key":"Sundial"},{"floor":9,"key":"Molten Egg 2"},{"floor":13,"key":"Letter Opener"},{"floor":23,"key":"Pantograph"},{"floor":25,"key":"Orichalcum"},{"floor":31,"key":"Bottled Lightning"},{"floor":41,"key":"Old Coin"},{"floor":43,"key":"Oddly Smooth Stone"},{"floor":45,"key":"Lantern"},{"floor":47,"key":"Pen Nib"},{"floor":54,"key":"The Courier"}],"event_choices":[{"damage_healed":0,"gold_gain":175,"player_choice":"AGREE","damage_taken":0,"max_hp_gain":0,"max_hp_loss":0,"event_name":"Liars Game","floor":2,"gold_loss":0,"cards_obtained":["Doubt"]},{"cards_removed":["Doubt"],"damage_healed":0,"gold_gain":0,"player_choice":"Forget","damage_taken":0,"max_hp_gain":0,"max_hp_loss":0,"event_name":"Living Wall","floor":8,"gold_loss":0},{"damage_healed":0,"gold_gain":0,"player_choice":"Entered Light","damage_taken":15,"max_hp_gain":0,"max_hp_loss":0,"event_name":"Shining Light","floor":12,"gold_loss":0,"cards_upgraded":["Defend_B","Defend_B"]},{"damage_healed":0,"gold_gain":0,"player_choice":"Obtained Relic","damage_taken":0,"relics_obtained":["Tiny Chest"],"max_hp_gain":0,"max_hp_loss":0,"event_name":"Addict","floor":19,"gold_loss":85},{"damage_healed":0,"gold_gain":0,"player_choice":"Bought 2 Potions","damage_taken":0,"max_hp_gain":0,"max_hp_loss":0,"event_name":"The Woman in Blue","floor":20,"gold_loss":0},{"damage_healed":0,"gold_gain":0,"player_choice":"Read","damage_taken":0,"max_hp_gain":0,"max_hp_loss":0,"event_name":"The Library","floor":24,"gold_loss":0,"cards_obtained":["Capacitor"]},{"damage_healed":0,"gold_gain":0,"player_choice":"Opened","damage_taken":0,"relics_obtained":["Potion Belt"],"max_hp_gain":0,"max_hp_loss":0,"event_name":"The Mausoleum","floor":28,"gold_loss":0,"cards_obtained":["Writhe"]},{"cards_removed":["Writhe"],"damage_healed":0,"gold_gain":0,"player_choice":"Elegance","damage_taken":0,"max_hp_gain":0,"max_hp_loss":0,"event_name":"Back to Basics","floor":29,"gold_loss":0},{"damage_healed":0,"gold_gain":0,"player_choice":"1 cards matched","damage_taken":0,"max_hp_gain":0,"max_hp_loss":0,"event_name":"Match and Keep!","floor":39,"gold_loss":0,"cards_obtained":["Reboot"]}],"is_beta":true,"boss_relics":[{"not_picked":["Pandora\u0027s Box","Busted Crown"],"picked":"Coffee Dripper"},{"not_picked":["Eternal Feather","Runic Pyramid"],"picked":"Runic Dome"}],"items_purged_floors":[38,53],"is_endless":false,"potions_floor_spawned":[3,4,13,14,21,25,30,35,36,44,46,47,48],"ascension_level":1}