{"gold_per_floor":[113,123,48,48,71,71,114,138,191,168,211,232,253,273,273,394,394,407,357,346,296,196,196,209,230,282,282,301,124,124,140,140,140],"floor_reached":33,"playtime":3828,"items_purged":["Strike_R","Defend_R","Strike_R","Defend_R"],"score":311,"play_id":"fb308f08-3087-4f51-91b1-26ae35bca7f1","local_time":"20190219010047","is_ascension_mode":false,"campfire_choices":[{"data":"Shrug It Off","floor":6,"key":"SMITH"},{"floor":15,"key":"REST"},{"data":"Shrug It Off","floor":23,"key":"SMITH"},{"floor":27,"key":"REST"},{"floor":30,"key":"REST"},{"floor":32,"key":"REST"}],"neow_cost":"NONE","seed_source_timestamp":44123707570452,"circlet_count":0,"master_deck":["Strike_R","Strike_R","Strike_R","Defend_R","Defend_R+1","Bash","Sword Boomerang","Shrug It Off+1","Heavy Blade","Shrug It Off+1","Warcry","Heavy Blade","Uppercut","Inflame","Shrug It Off+1","Feed","Pummel+1","Pummel+1","Flex+1","Shrug It Off","Shrug It Off","Inflame","Flex+1"],"relics":["Burning Blood","Golden Idol","Pear","War Paint","Smiling Mask","Runic Cube","Dream Catcher"],"potions_floor_usage":[7,11,14,16,24,31,33,33],"damage_taken":[{"damage":5,"enemies":"Small Slimes","floor":1,"turns":3},{"damage":11,"enemies":"Jaw Worm","floor":2,"turns":3},{"damage":2,"enemies":"Cultist","floor":5,"turns":4},{"damage":44,"enemies":"3 Sentries","floor":7,"turns":10},{"damage":16,"enemies":"3 Louse","floor":8,"turns":3},{"damage":19,"enemies":"Gremlin Nob","floor":11,"turns":4},{"damage":6,"enemies":"Looter","floor":12,"turns":4},{"damage":4,"enemies":"Lots of Slimes","floor":13,"turns":7},{"damage":0,"enemies":"Large Slime","floor":14,"turns":5},{"damage":24,"enemies":"The Guardian","floor":16,"turns":16},{"damage":20,"enemies":"Shell Parasite","floor":18,"turns":7},{"damage":2,"enemies":"2 Thieves","floor":20,"turns":4},{"damage":52,"enemies":"3 Cultists","floor":24,"turns":8},{"damage":26,"enemies":"Snecko","floor":25,"turns":5},{"damage":15,"enemies":"Chosen and Byrds","floor":28,"turns":6},{"damage":45,"enemies":"3 Cultists","floor":31,"turns":5},{"damage":104,"enemies":"Automaton","floor":33,"turns":12}],"seed_played":"-8733717694367748323","potions_obtained":[{"floor":5,"key":"Regen Potion"},{"floor":8,"key":"Explosive Potion"},{"floor":13,"key":"Dexterity Potion"},{"floor":14,"key":"GamblersBrew"},{"floor":20,"key":"SteroidPotion"},{"floor":28,"key":"SpeedPotion"},{"floor":31,"key":"EssenceOfSteel"}],"is_trial":false,"path_per_floor":["M","M","$","?","M","R","E","M","T","?","E","M","M","M","R","B",null,"M","$","M","?","$","R","M","M","T","R","M","$","R","M","R","B"],"character_chosen":"IRONCLAD","items_purchased":["Strength Potion","Shrug It Off","Inflame"],"campfire_rested":4,"item_purchase_floors":[22,29,29],"current_hp_per_floor":[88,83,83,61,65,65,52,42,42,42,29,29,31,37,66,48,98,84,84,91,91,91,91,45,28,28,59,50,50,81,45,77,0],"gold":140,"neow_bonus":"TEN_PERCENT_HP_BONUS","is_prod":false,"is_daily":false,"chose_seed":false,"campfire_upgraded":2,"win_rate":0.0,"timestamp":1550556047,"path_taken":["M","M","$","?","M","R","E","M","T","?","E","M","M","M","R","BOSS","M","$","M","?","$","R","M","M","T","R","M","$","R","?","R","BOSS"],"build_version":"2019-01-23","purchased_purges":4,"victory":false,"max_hp_per_floor":[88,88,88,88,88,88,98,98,98,98,98,98,98,98,98,98,98,98,98,101,101,101,101,101,104,104,104,104,104,104,107,107,107],"card_choices":[{"not_picked":["Seeing Red","Cleave"],"picked":"Sword Boomerang","floor":1},{"not_picked":["Second Wind","True Grit"],"picked":"Shrug It Off","floor":2},{"not_picked":["Berserk","Armaments"],"picked":"Heavy Blade","floor":5},{"not_picked":["Warcry","Clothesline"],"picked":"Shrug It Off","floor":7},{"not_picked":["Seeing Red","Battle Trance"],"picked":"Warcry","floor":8},{"not_picked":["Flame Barrier","Infernal Blade"],"picked":"Heavy Blade","floor":11},{"not_picked":["Entrench","Rupture"],"picked":"Uppercut","floor":12},{"not_picked":["Havoc","Cleave"],"picked":"Inflame","floor":13},{"not_picked":["Intimidate","Inflame"],"picked":"Shrug It Off","floor":14},{"not_picked":["Brutality","Bludgeon"],"picked":"Feed","floor":16},{"not_picked":["Clash","Searing Blow","Anger"],"picked":"SKIP","floor":18},{"not_picked":["Entrench","Iron Wave"],"picked":"Pummel+1","floor":20},{"not_picked":["Searing Blow","Iron Wave","Pommel Strike"],"picked":"SKIP","floor":24},{"not_picked":["Clash","Clothesline"],"picked":"Pummel+1","floor":25},{"not_picked":["Double Tap","Heavy Blade"],"picked":"Flex+1","floor":27},{"not_picked":["Twin Strike","Carnage"],"picked":"Shrug It Off","floor":28},{"not_picked":["Heavy Blade","Body Slam"],"picked":"Flex+1","floor":31}],"player_experience":90692,"relics_obtained":[{"floor":7,"key":"Pear"},{"floor":9,"key":"War Paint"},{"floor":11,"key":"Smiling Mask"},{"floor":26,"key":"Dream Catcher"}],"event_choices":[{"damage_healed":0,"gold_gain":0,"player_choice":"Take Damage","damage_taken":22,"relics_obtained":["Golden Idol"],"max_hp_gain":0,"max_hp_loss":0,"event_name":"Golden Idol","floor":4,"gold_loss":0},{"damage_healed":0,"gold_gain":0,"player_choice":"Left Gold","damage_taken":0,"max_hp_gain":0,"max_hp_loss":0,"event_name":"World of Goop","floor":10,"gold_loss":23},{"damage_healed":0,"gold_gain":0,"player_choice":"Bet on Owner","damage_taken":0,"max_hp_gain":0,"max_hp_loss":0,"event_name":"The Joust","floor":21,"gold_loss":50}],"is_beta":false,"boss_relics":[{"not_picked":["Busted Crown","Runic Dome"],"picked":"Runic Cube"}],"items_purged_floors":[3,19,22,29],"is_endless":false,"potions_floor_spawned":[5,8,13,14,20,28,31],"killed_by":"Automaton","ascension_level":0}