{"gold_per_floor":[114,114,114,125,139,139,154,169,169,187,187,187,187,205,205,301,301,312,312,324,355,371,397,397,397,397,143,143,155,183,83,83,184,184,195,195,215,229,56,81,81,92,92,92,123,0,51,76,76,76],"floor_reached":50,"playtime":3296,"items_purged":["Defend_B","Strike_B"],"score":610,"play_id":"4901c437-d4d1-4019-b8bd-b61d5d18d88d","local_time":"20181204205708","is_ascension_mode":false,"campfire_choices":[{"data":"Zap","floor":6,"key":"SMITH"},{"data":"Dualcast","floor":11,"key":"SMITH"},{"data":"Redo","floor":13,"key":"SMITH"},{"floor":15,"key":"REST"},{"data":"Defragment","floor":24,"key":"SMITH"},{"floor":32,"key":"REST"},{"data":"Buffer","floor":41,"key":"SMITH"},{"floor":49,"key":"REST"}],"neow_cost":"TEN_PERCENT_HP_LOSS","seed_source_timestamp":3354430231536,"circlet_count":0,"master_deck":["Strike_B","Defend_B+1","Defend_B+1","Zap+1","Dualcast+1","All For One","Biased Cognition","Conserve Battery","Redo+1","Coolheaded","Reprogram","Glacier","Conserve Battery","Electrodynamics","Steam+1","Redo+1","Defragment+1","Defragment","Beam Cell","Machine Learning","Hologram","Master of Strategy","Buffer+1","Parasite","Finesse","Go for the Eyes"],"relics":["Cracked Core","Bottled Tornado","Inserter","Red Mask","PreservedInsect","Blue Candle","DataDisk","MutagenicStrength","Calipers","Runic Pyramid","Art of War","Du-Vu Doll","Orichalcum","Prayer Wheel","Centennial Puzzle"],"potions_floor_usage":[16,16,16,16,18,22,22,33,40,48,48,48,50],"damage_taken":[{"damage":6,"enemies":"Jaw Worm","floor":1,"turns":2},{"damage":0,"enemies":"2 Louse","floor":4,"turns":2},{"damage":0,"enemies":"Small Slimes","floor":5,"turns":2},{"damage":0,"enemies":"2 Fungi Beasts","floor":7,"turns":3},{"damage":0,"enemies":"3 Louse","floor":8,"turns":4},{"damage":0,"enemies":"Blue Slaver","floor":10,"turns":3},{"damage":13,"enemies":"Lots of Slimes","floor":14,"turns":4},{"damage":37,"enemies":"The Guardian","floor":16,"turns":10},{"damage":7,"enemies":"Shell Parasite","floor":18,"turns":9},{"damage":14,"enemies":"Chosen","floor":20,"turns":5},{"damage":0,"enemies":"Masked Bandits","floor":21,"turns":3},{"damage":19,"enemies":"Shelled Parasite and Fungi","floor":22,"turns":5},{"damage":1,"enemies":"Slavers","floor":23,"turns":3},{"damage":10,"enemies":"Snecko","floor":29,"turns":5},{"damage":0,"enemies":"Book of Stabbing","floor":30,"turns":5},{"damage":19,"enemies":"Collector","floor":33,"turns":8},{"damage":0,"enemies":"3 Darklings","floor":35,"turns":5},{"damage":0,"enemies":"3 Shapes","floor":37,"turns":2},{"damage":6,"enemies":"3 Darklings","floor":38,"turns":4},{"damage":16,"enemies":"Reptomancer","floor":40,"turns":4},{"damage":0,"enemies":"Writhing Mass","floor":42,"turns":5},{"damage":1,"enemies":"Nemesis","floor":45,"turns":3},{"damage":2,"enemies":"2 Orb Walkers","floor":47,"turns":4},{"damage":32,"enemies":"Reptomancer","floor":48,"turns":4},{"damage":46,"enemies":"Awakened One","floor":50,"turns":3}],"seed_played":"3439979896236895832","potions_obtained":[{"floor":5,"key":"Strength Potion"},{"floor":7,"key":"EntropicBrew"},{"floor":10,"key":"FocusPotion"},{"floor":16,"key":"AttackPotion"},{"floor":18,"key":"Weak Potion"},{"floor":20,"key":"Swift Potion"},{"floor":37,"key":"Explosive Potion"},{"floor":40,"key":"Fire Potion"},{"floor":48,"key":"Strength Potion"}],"is_trial":false,"path_per_floor":["M","?","?","M","M","R","M","M","T","M","R","?","R","M","R","B",null,"M","?","M","?","M","E","R","?","T","$","?","M","E","$","R","B",null,"M","?","M","M","$","E","R","M","T","?","E","$","?","E","R","B"],"character_chosen":"DEFECT","items_purchased":["DataDisk","Beam Cell","Master of Strategy","Regen Potion","Fire Potion"],"campfire_rested":3,"item_purchase_floors":[27,27,39,46,46],"current_hp_per_floor":[62,55,41,41,41,41,41,41,41,41,41,41,41,28,48,26,68,61,61,47,47,28,27,27,27,27,27,27,17,17,17,37,18,68,68,68,68,62,62,46,46,46,46,46,45,45,43,23,43,0],"gold":76,"neow_bonus":"TRANSFORM_TWO_CARDS","is_prod":false,"is_daily":false,"chose_seed":false,"campfire_upgraded":5,"win_rate":0.0,"timestamp":1543978628,"path_taken":["M","?","?","M","M","R","?","M","T","M","R","?","R","M","R","BOSS","M","?","M","?","M","E","R","?","T","$","?","?","E","$","R","BOSS","M","?","M","?","$","E","R","M","T","?","E","$","?","E","R","BOSS"],"build_version":"2018-11-15","purchased_purges":2,"victory":false,"max_hp_per_floor":[68,68,68,68,68,68,68,68,68,68,68,68,68,68,68,68,68,68,68,68,68,68,68,68,68,68,68,68,68,68,68,68,68,68,68,68,68,68,68,68,68,68,68,68,68,68,68,68,68,68],"card_choices":[{"not_picked":["Barrage","Chaos"],"picked":"Conserve Battery","floor":1},{"not_picked":["Sweeping Beam","Coolheaded"],"picked":"Redo","floor":4},{"not_picked":["Beam Cell","Stack"],"picked":"Coolheaded","floor":5},{"not_picked":["Leap","Sweeping Beam"],"picked":"Reprogram","floor":7},{"not_picked":["BootSequence","Leap"],"picked":"Glacier","floor":8},{"not_picked":["Leap","Redo","Ball Lightning"],"picked":"SKIP","floor":10},{"not_picked":["Static Discharge","Streamline"],"picked":"Conserve Battery","floor":14},{"not_picked":["Buffer","Rainbow"],"picked":"Electrodynamics","floor":16},{"not_picked":["Barrage","Ball Lightning+1"],"picked":"Steam+1","floor":18},{"not_picked":["Steam Power","Genetic Algorithm"],"picked":"Redo+1","floor":20},{"not_picked":["Hologram+1","Undo+1","Rebound"],"picked":"SKIP","floor":22},{"not_picked":["Gash+1","Conserve Battery+1"],"picked":"Defragment","floor":23},{"not_picked":["Storm+1","Sweeping Beam","Glacier+1"],"picked":"SKIP","floor":29},{"not_picked":["Reprogram+1","Electrodynamics","Compile Driver"],"picked":"SKIP","floor":30},{"not_picked":["Meteor Strike","Hyperbeam"],"picked":"Machine Learning","floor":33},{"not_picked":["Stack","Beam Cell"],"picked":"Hologram","floor":35},{"not_picked":["Double Energy","Static Discharge","Turbo"],"picked":"SKIP","floor":37},{"not_picked":["Melter+1","BootSequence+1","Glacier+1"],"picked":"SKIP","floor":38},{"not_picked":["Ball Lightning+1","Leap"],"picked":"Buffer","floor":40},{"not_picked":["Rebound+1","Self Repair+1","Barrage+1"],"picked":"SKIP","floor":42},{"not_picked":["Purity","PanicButton"],"picked":"Finesse","floor":44},{"not_picked":["Sweeping Beam+1","Barrage+1","Force Field+1"],"picked":"SKIP","floor":45},{"not_picked":["Chill","Reprogram"],"picked":"Go for the Eyes","floor":47},{"not_picked":["Steam","Sunder+1","Coolheaded+1"],"picked":"SKIP","floor":48}],"player_experience":288532,"relics_obtained":[{"floor":9,"key":"Bottled Tornado"},{"floor":21,"key":"Red Mask"},{"floor":23,"key":"PreservedInsect"},{"floor":26,"key":"Blue Candle"},{"floor":30,"key":"Calipers"},{"floor":40,"key":"Art of War"},{"floor":43,"key":"Du-Vu Doll"},{"floor":45,"key":"Orichalcum"},{"floor":47,"key":"Prayer Wheel"},{"floor":48,"key":"Centennial Puzzle"}],"event_choices":[{"cards_removed":["Strike_B"],"damage_healed":0,"gold_gain":0,"player_choice":"Card Removal","damage_taken":7,"max_hp_gain":0,"max_hp_loss":0,"event_name":"Golden Wing","floor":2,"gold_loss":0},{"damage_healed":0,"gold_gain":0,"player_choice":"Entered Light","damage_taken":14,"max_hp_gain":0,"max_hp_loss":0,"event_name":"Shining Light","floor":3,"gold_loss":0,"cards_upgraded":["Defend_B","Defend_B"]},{"damage_healed":0,"gold_gain":0,"player_choice":"Ignored","damage_taken":0,"max_hp_gain":0,"max_hp_loss":0,"event_name":"Liars Game","floor":12,"gold_loss":0},{"damage_healed":0,"gold_gain":0,"player_choice":"Ignored","damage_taken":0,"max_hp_gain":0,"max_hp_loss":0,"event_name":"Ghosts","floor":19,"gold_loss":0},{"damage_healed":0,"gold_gain":0,"player_choice":"Fought Bandits","damage_taken":0,"max_hp_gain":0,"max_hp_loss":0,"event_name":"Masked Bandits","floor":21,"gold_loss":0},{"damage_healed":0,"gold_gain":0,"player_choice":"Read","damage_taken":0,"max_hp_gain":0,"max_hp_loss":0,"event_name":"The Library","floor":25,"gold_loss":0,"cards_obtained":["Defragment"]},{"damage_healed":0,"gold_gain":0,"player_choice":"Inject Mutagens","damage_taken":0,"relics_obtained":["MutagenicStrength"],"max_hp_gain":0,"max_hp_loss":0,"event_name":"Drug Dealer","floor":28,"gold_loss":0},{"damage_healed":0,"gold_gain":0,"player_choice":"Full Heal","damage_taken":0,"max_hp_gain":0,"max_hp_loss":0,"event_name":"Wheel of Change","floor":36,"gold_loss":0},{"damage_healed":0,"gold_gain":0,"player_choice":"Memory 1","damage_taken":0,"max_hp_gain":0,"max_hp_loss":0,"event_name":"SensoryStone","floor":44,"gold_loss":0},{"damage_healed":0,"gold_gain":0,"player_choice":"Fight","damage_taken":0,"max_hp_gain":0,"max_hp_loss":0,"event_name":"Mysterious Sphere","floor":47,"gold_loss":0}],"is_beta":false,"boss_relics":[{"not_picked":["Velvet Choker","Coffee Dripper"],"picked":"Inserter"},{"not_picked":["Empty Cage","White Beast Statue"],"picked":"Runic Pyramid"}],"items_purged_floors":[27,31],"is_endless":false,"potions_floor_spawned":[5,7,10,16,18,20,37,40,48],"killed_by":"Awakened One","ascension_level":0}