{"gold_per_floor":[114,133,147,157,157,157,127,157,238,268,287,27,60,74,74,175,175,195,215,14,34,50,75,90,123,149,149,169,194,206,206,206,305,305,323,323,334,334,334,364,364,391,463,495,507,526,539,226,226,226],"floor_reached":51,"playtime":4389,"items_purged":["Strike_R"],"score":862,"play_id":"6ff855a6-e5c3-4ad2-bad5-c88fb40107c5","local_time":"20190206230834","is_ascension_mode":true,"campfire_choices":[{"data":"Armaments","floor":6.0,"key":"SMITH"},{"data":"Demon Form","floor":15.0,"key":"SMITH"},{"data":"Heavy Blade","floor":27.0,"key":"SMITH"},{"data":"Shrug It Off","floor":32.0,"key":"SMITH"},{"data":"Heavy Blade","floor":49,"key":"SMITH"}],"neow_cost":"NONE","seed_source_timestamp":0,"circlet_count":0,"master_deck":["Strike_R","Strike_R","Defend_R","Defend_R","Defend_R","Defend_R","Bash","Demon Form+1","Heavy Blade+1","Shrug It Off+1","Armaments+1","Pummel","Reaper","Heavy Blade+1","Sword Boomerang","Whirlwind","Flex+1","Offering","Sword Boomerang+1","Parasite","Sword Boomerang+1"],"special_seed":0,"relics":["Burning Blood","Thread and Needle","Bottled Lightning","Orichalcum","Bottled Tornado","Red Skull","Lizard Tail","Membership Card","Paper Frog","Letter Opener","Centennial Puzzle","Art of War","Snecko Eye","Gremlin Horn","CultistMask","Boot","Singing Bowl","Blood Vial","Anchor","Ancient Tea Set","ClockworkSouvenir"],"potions_floor_usage":[40,44,44,46,50,50,50],"damage_taken":[{"damage":14.0,"enemies":"Small Slimes","floor":1.0,"turns":3.0},{"damage":1.0,"enemies":"Cultist","floor":2.0,"turns":3.0},{"damage":11.0,"enemies":"Jaw Worm","floor":3.0,"turns":3.0},{"damage":24.0,"enemies":"Exordium Wildlife","floor":4.0,"turns":8.0},{"damage":14.0,"enemies":"Gremlin Nob","floor":8.0,"turns":3.0},{"damage":31.0,"enemies":"Lagavulin","floor":10.0,"turns":7.0},{"damage":3.0,"enemies":"Red Slaver","floor":11.0,"turns":4.0},{"damage":0.0,"enemies":"3 Sentries","floor":13.0,"turns":6.0},{"damage":0.0,"enemies":"2 Fungi Beasts","floor":14.0,"turns":3.0},{"damage":34.0,"enemies":"Slime Boss","floor":16.0,"turns":6.0},{"damage":0.0,"enemies":"Chosen","floor":18.0,"turns":4.0},{"damage":9.0,"enemies":"3 Byrds","floor":19.0,"turns":5.0},{"damage":11.0,"enemies":"Snake Plant","floor":21.0,"turns":4.0},{"damage":38.0,"enemies":"Shelled Parasite and Fungi","floor":22.0,"turns":7.0},{"damage":52.0,"enemies":"Slavers","floor":23.0,"turns":5.0},{"damage":0.0,"enemies":"Snecko","floor":24.0,"turns":3.0},{"damage":29.0,"enemies":"Book of Stabbing","floor":25.0,"turns":5.0},{"damage":30.0,"enemies":"Snake Plant","floor":28.0,"turns":4.0},{"damage":24.0,"enemies":"Slavers","floor":29.0,"turns":3.0},{"damage":14.0,"enemies":"Chosen and Byrds","floor":30.0,"turns":5.0},{"damage":43.0,"enemies":"Collector","floor":33.0,"turns":7.0},{"damage":47,"enemies":"3 Shapes","floor":35,"turns":3},{"damage":15,"enemies":"3 Darklings","floor":37,"turns":4},{"damage":21,"enemies":"Giant Head","floor":40,"turns":6},{"damage":22,"enemies":"Nemesis","floor":42,"turns":5},{"damage":14,"enemies":"Reptomancer","floor":44,"turns":2},{"damage":36,"enemies":"Writhing Mass","floor":45,"turns":4},{"damage":8,"enemies":"Spire Growth","floor":46,"turns":3},{"damage":26,"enemies":"Transient","floor":47,"turns":5},{"damage":52,"enemies":"Awakened One","floor":50,"turns":5}],"seed_played":"-6913771791230204578","potions_obtained":[{"floor":2.0,"key":"GamblersBrew"},{"floor":7.0,"key":"BloodPotion"},{"floor":7.0,"key":"EntropicBrew"},{"floor":8.0,"key":"LiquidBronze"},{"floor":11.0,"key":"Regen Potion"},{"floor":13.0,"key":"Poison Potion"},{"floor":19.0,"key":"LiquidBronze"},{"floor":21.0,"key":"FearPotion"},{"floor":25.0,"key":"Strength Potion"},{"floor":28.0,"key":"SteroidPotion"},{"floor":33.0,"key":"PowerPotion"},{"floor":36,"key":"Regen Potion"},{"floor":36,"key":"Energy Potion"},{"floor":42,"key":"Poison Potion"},{"floor":44,"key":"LiquidBronze"},{"floor":45,"key":"EssenceOfSteel"}],"is_trial":false,"path_per_floor":["M","M","M","M","?","R","?","E","T","E","M","$","E","M","R","B",null,"M","M","$","M","M","E","M","E","T","R","M","E","M","?","R","B",null,"M","?","M","?","?","E","?","E","T","E","M","M","M","$","R","B",null],"character_chosen":"IRONCLAD","items_purchased":["Bottled Tornado","Membership Card","Anchor","Ancient Tea Set","ClockworkSouvenir","Strength Potion"],"campfire_rested":0,"item_purchase_floors":[12,20,48,48,48,48],"current_hp_per_floor":[72,77,72,54,54,54,54,54,54,41,44,44,79,80,80,78,80,80,77,77,72,45,44,57,45,45,45,21,45,37,37,37,33,80,50,50,60,60,60,76,76,60,60,57,60,77,70,70,70,26],"gold":226,"neow_bonus":"ONE_RANDOM_RARE_CARD","is_prod":false,"is_daily":false,"chose_seed":false,"campfire_upgraded":5,"win_rate":0,"timestamp":1549523314,"path_taken":["M","M","M","M","?","R","?","E","T","E","M","$","E","M","R","BOSS","M","M","$","M","?","E","M","E","T","R","M","E","M","?","R","BOSS","M","?","?","?","?","E","?","E","T","E","M","?","M","$","R","BOSS"],"build_version":"2019-01-23","purchased_purges":1,"victory":true,"max_hp_per_floor":[80,80,80,80,80,80,80,80,80,80,80,80,80,80,80,80,80,80,80,80,80,80,80,80,80,80,80,80,80,80,80,80,80,80,80,80,80,76,76,76,76,76,76,76,78,80,80,80,80,80],"card_choices":[{"not_picked":["Headbutt","Power Through"],"picked":"Heavy Blade","floor":1.0},{"not_picked":["Wild Strike","Pommel Strike"],"picked":"Shrug It Off","floor":2.0},{"not_picked":["Pommel Strike","Flex"],"picked":"Armaments","floor":3.0},{"not_picked":["Reckless Charge","Clash","Havoc"],"picked":"SKIP","floor":4.0},{"not_picked":["Evolve","Anger"],"picked":"Reaper","floor":8.0},{"not_picked":["Wild Strike","Rage"],"picked":"Heavy Blade","floor":10.0},{"not_picked":["Dual Wield","Flex"],"picked":"Sword Boomerang","floor":11.0},{"not_picked":["Clothesline","Heavy Blade"],"picked":"Whirlwind","floor":13.0},{"not_picked":["Thunderclap","Sword Boomerang","Warcry"],"picked":"SKIP","floor":14.0},{"not_picked":["Bludgeon","Berserk"],"picked":"Barricade","floor":16.0},{"not_picked":["Searing Blow","Infernal Blade","Twin Strike+1"],"picked":"SKIP","floor":18.0},{"not_picked":["Clash","Clothesline","Pummel"],"picked":"SKIP","floor":19.0},{"not_picked":["Dropkick+1","Thunderclap","Rampage"],"picked":"SKIP","floor":21.0},{"not_picked":["Heavy Blade","Spot Weakness","Headbutt"],"picked":"SKIP","floor":22.0},{"not_picked":["True Grit+1","Battle Trance","Warcry"],"picked":"SKIP","floor":23.0},{"not_picked":["Dark Embrace","Armaments","Rampage+1"],"picked":"SKIP","floor":24.0},{"not_picked":["True Grit","Wild Strike","Headbutt"],"picked":"SKIP","floor":25.0},{"not_picked":["Pummel","Burning Pact+1"],"picked":"Flex+1","floor":28.0},{"not_picked":["Corruption","Burning Pact","Pommel Strike"],"picked":"SKIP","floor":29.0},{"not_picked":["Sever Soul","Battle Trance+1","Feel No Pain"],"picked":"SKIP","floor":30.0},{"not_picked":["Juggernaut","Feed"],"picked":"Offering","floor":33.0},{"not_picked":["Sentinel","Wild Strike+1","Body Slam"],"picked":"SKIP","floor":35},{"not_picked":["Iron Wave","Rage+1","True Grit+1"],"picked":"SKIP","floor":37},{"not_picked":["Warcry","Perfected Strike+1","Spot Weakness"],"picked":"SKIP","floor":40},{"not_picked":["True Grit+1","Inflame","Hemokinesis"],"picked":"SKIP","floor":42},{"not_picked":["True Grit","Clothesline+1"],"picked":"Sword Boomerang+1","floor":44},{"not_picked":["Anger+1","Perfected Strike","Dark Embrace"],"picked":"Singing Bowl","floor":45},{"not_picked":["Metallicize+1","Armaments","Clash+1"],"picked":"Singing Bowl","floor":46},{"not_picked":["Rage","Pummel+1"],"picked":"Sword Boomerang+1","floor":47}],"player_experience":101826,"relics_obtained":[{"floor":8.0,"key":"Thread and Needle"},{"floor":9.0,"key":"Bottled Lightning"},{"floor":10.0,"key":"Orichalcum"},{"floor":13.0,"key":"Red Skull"},{"floor":23.0,"key":"Paper Frog"},{"floor":25.0,"key":"Letter Opener"},{"floor":26.0,"key":"Centennial Puzzle"},{"floor":29.0,"key":"Art of War"},{"floor":40,"key":"Gremlin Horn"},{"floor":42,"key":"Boot"},{"floor":43,"key":"Singing Bowl"},{"floor":44,"key":"Blood Vial"}],"event_choices":[{"damage_healed":0.0,"max_hp_gain":0.0,"max_hp_loss":0.0,"gold_gain":0.0,"cards_transformed":["Strike_R"],"event_name":"Living Wall","player_choice":"Change","floor":5.0,"gold_loss":0.0,"damage_taken":0.0,"cards_obtained":["Pummel"]},{"damage_healed":0.0,"max_hp_gain":0.0,"max_hp_loss":0.0,"gold_gain":0.0,"event_name":"The Woman in Blue","player_choice":"Bought 2 Potions","floor":7.0,"gold_loss":0.0,"damage_taken":0.0},{"cards_removed":["Strike_R"],"damage_healed":0.0,"max_hp_gain":0.0,"max_hp_loss":0.0,"gold_gain":0.0,"event_name":"Back to Basics","player_choice":"Elegance","floor":31.0,"gold_loss":0.0,"damage_taken":0.0},{"damage_healed":0,"gold_gain":0,"player_choice":"Got Potions","damage_taken":0,"max_hp_gain":0,"max_hp_loss":0,"event_name":"Lab","floor":36,"gold_loss":0},{"damage_healed":0,"gold_gain":0,"player_choice":"Max HP","damage_taken":0,"max_hp_gain":0,"max_hp_loss":4,"event_name":"Winding Halls","floor":38,"gold_loss":0},{"cards_removed":["Barricade"],"damage_healed":0,"gold_gain":0,"player_choice":"Removed Power","damage_taken":0,"max_hp_gain":0,"max_hp_loss":0,"event_name":"Falling","floor":39,"gold_loss":0},{"damage_healed":0,"gold_gain":0,"player_choice":"Trade","damage_taken":0,"relics_obtained":["CultistMask"],"max_hp_gain":0,"max_hp_loss":0,"event_name":"FaceTrader","floor":41,"gold_loss":0}],"is_beta":false,"boss_relics":[{"not_picked":["Mark of Pain","Runic Dome"],"picked":"Lizard Tail"},{"not_picked":["Philosopher\u0027s Stone","Calling Bell"],"picked":"Snecko Eye"}],"items_purged_floors":[48],"is_endless":false,"potions_floor_spawned":[2,8,11,13,14,19,21,25,28,33,42,44,45],"ascension_level":1}