{"gold_per_floor":[114,125,142,158,158,189,200,231,307,338,355,388,388,663,663,768,768,780,780,295,309,309,337,337,337,337,364,379,412,431,447,447,544,544,556,556,576,587,587,614,614,649,649,659,671,701,701,715,715,715,715,715,129,162,162],"floor_reached":56,"playtime":4252,"items_purged":["Strike_B","Rebound"],"score":1673,"play_id":"7616c615-6ef0-445e-a7d4-3dc2688b69e8","local_time":"20181212022927","is_ascension_mode":true,"campfire_choices":[{"data":"Consume","floor":13,"key":"SMITH"},{"data":"Regret","floor":15,"key":"PURGE"},{"data":"Zap","floor":24,"key":"SMITH"},{"data":"Creative AI","floor":32,"key":"SMITH"},{"data":"Buffer","floor":41,"key":"SMITH"},{"data":"Fission","floor":47,"key":"SMITH"},{"floor":49,"key":"RECALL"},{"data":"Hologram","floor":52,"key":"SMITH"}],"neow_cost":"TEN_PERCENT_HP_LOSS","seed_source_timestamp":1543604152304728,"circlet_count":0,"master_deck":["Defend_B","Defend_B","Defend_B","Defend_B","Zap+1","Dualcast+1","Reinforced Body","Ball Lightning","Conserve Battery","Glacier","Conserve Battery","Ball Lightning","Consume+1","Cold Snap","Hyperbeam","Hologram+1","Conserve Battery","Finesse","Sweeping Beam+1","Coolheaded","Creative AI+1","Stack+1","Conserve Battery","Turbo","Echo Form","Static Discharge+1","Biased Cognition+1","Capacitor+1","Defragment+1","Sunder+1","Go for the Eyes+1","Buffer+1","Fission+1","Fusion+1","Go for the Eyes+1","Glacier+1","White Noise","Chill"],"relics":["Cracked Core","Gambling Chip","Symbiotic Virus","Vajra","Sundial","Peace Pipe","Centennial Puzzle","Inserter","Question Card","Anchor","Tiny Chest","Molten Egg 2","Bag of Preparation","Mummified Hand","Strawberry","Bird Faced Urn","Astrolabe","Omamori","Ginger","Pantograph","Orichalcum","HandDrill","Bronze Scales"],"potions_floor_usage":[6,18,23,27,31,54,55,55],"damage_taken":[{"damage":0,"enemies":"Small Slimes","floor":1,"turns":3},{"damage":0,"enemies":"Cultist","floor":2,"turns":3},{"damage":0,"enemies":"2 Louse","floor":3,"turns":2},{"damage":1,"enemies":"Exordium Thugs","floor":4,"turns":4},{"damage":16,"enemies":"Gremlin Nob","floor":6,"turns":4},{"damage":0,"enemies":"Large Slime","floor":7,"turns":6},{"damage":2,"enemies":"3 Sentries","floor":8,"turns":8},{"damage":2,"enemies":"Lagavulin","floor":10,"turns":4},{"damage":0,"enemies":"Looter","floor":11,"turns":2},{"damage":2,"enemies":"3 Sentries","floor":12,"turns":5},{"damage":0,"enemies":"Hexaghost","floor":16,"turns":9},{"damage":0,"enemies":"3 Byrds","floor":18,"turns":3},{"damage":0,"enemies":"Chosen","floor":21,"turns":3},{"damage":0,"enemies":"Book of Stabbing","floor":23,"turns":5},{"damage":10,"enemies":"Slavers","floor":27,"turns":4},{"damage":5,"enemies":"Centurion and Healer","floor":28,"turns":8},{"damage":0,"enemies":"Book of Stabbing","floor":29,"turns":9},{"damage":0,"enemies":"Snake Plant","floor":30,"turns":3},{"damage":2,"enemies":"3 Cultists","floor":31,"turns":4},{"damage":14,"enemies":"Automaton","floor":33,"turns":9},{"damage":7,"enemies":"Orb Walker","floor":35,"turns":4},{"damage":4,"enemies":"3 Shapes","floor":37,"turns":3},{"damage":0,"enemies":"Spire Growth","floor":38,"turns":6},{"damage":0,"enemies":"Giant Head","floor":40,"turns":8},{"damage":0,"enemies":"Nemesis","floor":42,"turns":9},{"damage":0,"enemies":"4 Shapes","floor":44,"turns":5},{"damage":0,"enemies":"3 Darklings","floor":45,"turns":5},{"damage":0,"enemies":"Giant Head","floor":46,"turns":9},{"damage":0,"enemies":"Sphere and 2 Shapes","floor":48,"turns":8},{"damage":0,"enemies":"Time Eater","floor":50,"turns":12},{"damage":14,"enemies":"Shield and Spear","floor":54,"turns":10},{"damage":19,"enemies":"The Heart","floor":55,"turns":8}],"seed_played":"2458703436729788520","potions_obtained":[{"floor":1,"key":"Energy Potion"},{"floor":4,"key":"EssenceOfSteel"},{"floor":11,"key":"LiquidBronze"},{"floor":12,"key":"SkillPotion"},{"floor":21,"key":"Dexterity Potion"},{"floor":25,"key":"LiquidBronze"},{"floor":28,"key":"Energy Potion"},{"floor":31,"key":"Energy Potion"}],"is_trial":false,"path_per_floor":["M","M","M","M","?","E","M","E","T","E","M","E","R","?","R","B",null,"M","T","$","M","T","E","R","?","T","E","M","E","M","M","R","B",null,"M","?","M","M","?","E","R","E","T","M","M","E","R","M","R","B",null,"R","$","E","B",null],"character_chosen":"DEFECT","items_purchased":["Anchor","Tiny Chest","Conserve Battery","Finesse","Weak Potion","Orichalcum","HandDrill","White Noise"],"campfire_rested":0,"item_purchase_floors":[20,20,20,20,53,53,53,53],"current_hp_per_floor":[68,68,68,67,53,37,37,35,35,33,33,31,31,31,31,31,68,68,68,68,68,68,68,68,68,68,65,60,60,60,62,62,66,75,75,75,75,75,71,71,71,71,71,71,71,71,71,71,71,71,71,71,71,71,65],"gold":162,"neow_bonus":"ONE_RARE_RELIC","is_prod":false,"is_daily":false,"chose_seed":false,"campfire_upgraded":6,"win_rate":0,"timestamp":1544599767,"path_taken":["M","M","M","M","?","E","M","E","T","E","M","E","R","?","R","BOSS","M","?","$","?","?","E","R","?","T","E","?","E","M","M","R","BOSS","M","?","M","M","?","E","R","E","T","M","M","E","R","M","R","BOSS","R","$","E","BOSS"],"build_version":"2018-12-10","purchased_purges":2,"victory":true,"max_hp_per_floor":[68,68,68,68,68,68,68,68,68,68,68,68,68,68,68,68,68,68,68,68,68,68,68,68,68,68,75,75,75,75,75,75,75,75,75,75,75,75,71,71,71,71,71,71,71,71,71,71,71,71,71,71,71,71,71],"card_choices":[{"not_picked":["Scrape","Hologram"],"picked":"Reinforced Body","floor":1},{"not_picked":["FTL","Barrage"],"picked":"Ball Lightning","floor":2},{"not_picked":["Coolheaded","Hologram"],"picked":"Conserve Battery","floor":3},{"not_picked":["Reprogram","Cold Snap"],"picked":"Glacier","floor":4},{"not_picked":["Go for the Eyes","Streamline"],"picked":"Rebound","floor":6},{"not_picked":["Steam","Rebound"],"picked":"Conserve Battery","floor":7},{"not_picked":["Beam Cell","Coolheaded"],"picked":"Ball Lightning","floor":8},{"not_picked":["Double Energy","Streamline","Multi-Cast"],"picked":"SKIP","floor":10},{"not_picked":["Streamline","Sunder"],"picked":"Consume","floor":11},{"not_picked":["Steam","Sunder"],"picked":"Cold Snap","floor":12},{"not_picked":["All For One","Amplify"],"picked":"Hyperbeam","floor":16},{"not_picked":["Static Discharge","Gash"],"picked":"Hologram","floor":18},{"not_picked":["Capacitor","Rebound","Hologram"],"picked":"Sweeping Beam+1","floor":21},{"not_picked":["Turbo","Rebound+1","Machine Learning"],"picked":"Coolheaded","floor":23},{"not_picked":["FTL+1","Blizzard+1","Static Discharge"],"picked":"Creative AI","floor":27},{"not_picked":["Streamline+1","Ball Lightning+1","Go for the Eyes+1"],"picked":"Stack+1","floor":28},{"not_picked":["Streamline+1","Blizzard+1","All For One+1","Auto Shields"],"picked":"SKIP","floor":29},{"not_picked":["Streamline+1","Ball Lightning+1","Coolheaded"],"picked":"Conserve Battery","floor":30},{"not_picked":["Reinforced Body+1","Hologram","Conserve Battery"],"picked":"Turbo","floor":31},{"not_picked":["Fission","Amplify","Rainbow"],"picked":"Echo Form","floor":33},{"not_picked":["Beam Cell+1","Scrape+1","Sunder+1"],"picked":"Defragment+1","floor":35},{"not_picked":["Hello World+1","Gash+1","Rip and Tear+1"],"picked":"Sunder+1","floor":37},{"not_picked":["Leap","Beam Cell+1","Rebound+1"],"picked":"Go for the Eyes+1","floor":38},{"not_picked":["Ball Lightning+1","Steam+1","Rainbow"],"picked":"Buffer","floor":40},{"not_picked":["Go for the Eyes+1","Stack+1","Steam"],"picked":"Fission","floor":42},{"not_picked":["Hologram","Double Energy","Beam Cell+1"],"picked":"Fusion+1","floor":44},{"not_picked":["Beam Cell+1","Conserve Battery","Rebound+1"],"picked":"Go for the Eyes+1","floor":45},{"not_picked":["Beam Cell+1","Coolheaded+1","Force Field+1"],"picked":"Glacier+1","floor":46},{"not_picked":["Double Energy+1","Conserve Battery+1","Aggregate","Streamline+1"],"picked":"SKIP","floor":48},{"not_picked":["Streamline+1","Redo+1","Barrage+1"],"picked":"Chill","floor":54}],"player_experience":3769682,"relics_obtained":[{"floor":6,"key":"Symbiotic Virus"},{"floor":8,"key":"Vajra"},{"floor":9,"key":"Sundial"},{"floor":10,"key":"Peace Pipe"},{"floor":12,"key":"Centennial Puzzle"},{"floor":19,"key":"Question Card"},{"floor":22,"key":"Molten Egg 2"},{"floor":23,"key":"Bag of Preparation"},{"floor":26,"key":"Mummified Hand"},{"floor":27,"key":"Strawberry"},{"floor":29,"key":"Bird Faced Urn"},{"floor":40,"key":"Omamori"},{"floor":42,"key":"Ginger"},{"floor":46,"key":"Pantograph"},{"floor":54,"key":"Bronze Scales"}],"event_choices":[{"damage_healed":0,"gold_gain":0,"player_choice":"Entered Light","damage_taken":14,"max_hp_gain":0,"max_hp_loss":0,"event_name":"Shining Light","floor":5,"gold_loss":0,"cards_upgraded":["Strike_B","Dualcast"]},{"damage_healed":0,"gold_gain":275,"player_choice":"Desecrate","damage_taken":0,"max_hp_gain":0,"max_hp_loss":0,"event_name":"Golden Shrine","floor":14,"gold_loss":0,"cards_obtained":["Regret"]},{"damage_healed":0,"gold_gain":0,"player_choice":"Got Potions","damage_taken":0,"max_hp_gain":0,"max_hp_loss":0,"event_name":"Lab","floor":25,"gold_loss":0},{"damage_healed":0,"gold_gain":0,"player_choice":"Ignored","damage_taken":0,"max_hp_gain":0,"max_hp_loss":0,"event_name":"Tomb of Lord Red Mask","floor":36,"gold_loss":0},{"damage_healed":0,"gold_gain":0,"player_choice":"Max HP","damage_taken":0,"max_hp_gain":0,"max_hp_loss":4,"event_name":"Winding Halls","floor":39,"gold_loss":0}],"is_beta":true,"boss_relics":[{"not_picked":["Philosopher\u0027s Stone","Calling Bell"],"picked":"Inserter"},{"not_picked":["Tiny House","Eternal Feather"],"picked":"Astrolabe"}],"items_purged_floors":[20,53],"is_endless":false,"potions_floor_spawned":[1,4,11,12,16,21,28,31,33,35,38,40,42,46],"ascension_level":1}