{"gold_per_floor":[113,133,148,158,138,138,171,24,94,94,105,121,186,199,199,273,273,293,310,146,157,58,90,90,120,190,190,208,208,221,240,240,316,316,327,327,344,154,164,164,183,196,196,196,196,196,196,213,213,213,213],"floor_reached":51,"playtime":2023,"items_purged":["Defend_R"],"score":1406,"play_id":"7c17d463-1589-404d-9451-57c6e6b7c5d1","local_time":"20190127073017","is_ascension_mode":true,"campfire_choices":[{"data":"Perfected Strike","floor":6.0,"key":"SMITH"},{"data":"Bash","floor":10.0,"key":"SMITH"},{"data":"Perfected Strike","floor":15.0,"key":"SMITH"},{"data":"Double Tap","floor":24.0,"key":"SMITH"},{"floor":29.0,"key":"REST"},{"floor":32.0,"key":"REST"},{"data":"Perfected Strike","floor":40,"key":"SMITH"},{"floor":45,"key":"REST"},{"data":"Shockwave","floor":47,"key":"SMITH"},{"floor":49,"key":"REST"}],"neow_cost":"NONE","seed_source_timestamp":1460684842737861,"circlet_count":0,"master_deck":["AscendersBane","Strike_R","Strike_R","Strike_R","Strike_R","Strike_R","Defend_R","Defend_R","Defend_R","Bash+1","Perfected Strike","Twin Strike","Corruption","Cleave","Perfected Strike+1","Offering","Perfected Strike+1","Pommel Strike","Ghostly Armor","Uppercut","Twin Strike","Clothesline","Wild Strike","Perfected Strike+1","Disarm","Uppercut","Double Tap+1","Pommel Strike","Perfected Strike","Shockwave+1","Finesse","Impervious","Dual Wield","Shrug It Off+1","Perfected Strike","True Grit+1","Double Tap+1","Second Wind+1","Perfected Strike+1","Shrug It Off+1","Perfected Strike","Writhe","Armaments+1"],"special_seed":0,"relics":["Burning Blood","Prayer Wheel","Mercury Hourglass","Tiny Chest","Velvet Choker","Happy Flower","The Courier","Boot","Toxic Egg 2","Sozu","Centennial Puzzle","Ancient Tea Set","Pen Nib"],"potions_floor_usage":[33,33],"damage_taken":[{"damage":12.0,"enemies":"Jaw Worm","floor":1.0,"turns":3.0},{"damage":0.0,"enemies":"Cultist","floor":2.0,"turns":3.0},{"damage":2.0,"enemies":"2 Louse","floor":3.0,"turns":3.0},{"damage":9.0,"enemies":"2 Fungi Beasts","floor":4.0,"turns":3.0},{"damage":29.0,"enemies":"Lagavulin","floor":7.0,"turns":6.0},{"damage":0.0,"enemies":"Red Slaver","floor":11.0,"turns":1.0},{"damage":0.0,"enemies":"3 Louse","floor":12.0,"turns":2.0},{"damage":6.0,"enemies":"Gremlin Nob","floor":13.0,"turns":3.0},{"damage":9.0,"enemies":"Blue Slaver","floor":14.0,"turns":2.0},{"damage":20.0,"enemies":"The Guardian","floor":16.0,"turns":7.0},{"damage":0.0,"enemies":"Chosen","floor":18.0,"turns":3.0},{"damage":9.0,"enemies":"2 Thieves","floor":19.0,"turns":2.0},{"damage":13.0,"enemies":"Shelled Parasite and Fungi","floor":21.0,"turns":3.0},{"damage":34.0,"enemies":"Slavers","floor":23.0,"turns":3.0},{"damage":22.0,"enemies":"Gremlin Leader","floor":25.0,"turns":4.0},{"damage":14.0,"enemies":"Snake Plant","floor":28.0,"turns":2.0},{"damage":7.0,"enemies":"Centurion and Healer","floor":30.0,"turns":5.0},{"damage":0.0,"enemies":"Snecko","floor":31.0,"turns":2.0},{"damage":35,"enemies":"Champ","floor":33,"turns":8},{"damage":12,"enemies":"3 Shapes","floor":35,"turns":2},{"damage":17,"enemies":"3 Darklings","floor":37,"turns":3},{"damage":13,"enemies":"Writhing Mass","floor":39,"turns":4},{"damage":22,"enemies":"Maw","floor":41,"turns":4},{"damage":18,"enemies":"Jaw Worm Horde","floor":42,"turns":2},{"damage":1,"enemies":"Transient","floor":48,"turns":6},{"damage":59,"enemies":"Donu and Deca","floor":50,"turns":7},{"damage":30,"enemies":"Awakened One","floor":51,"turns":2}],"seed_played":"-5669748062431240773","potions_obtained":[{"floor":1.0,"key":"Fire Potion"},{"floor":5.0,"key":"Poison Potion"},{"floor":11.0,"key":"Poison Potion"},{"floor":13.0,"key":"Fruit Juice"},{"floor":14.0,"key":"Dexterity Potion"},{"floor":21.0,"key":"PowerPotion"},{"floor":28.0,"key":"Dexterity Potion"},{"floor":33,"key":"Weak Potion"}],"is_trial":false,"path_per_floor":["M","M","M","M","?","R","E","$","T","R","M","M","E","M","R","B",null,"M","M","$","M","$","E","R","E","T","?","M","R","M","M","R","B",null,"M","?","M","$","M","R","M","M","T","?","R","T","R","M","R","B","B"],"character_chosen":"IRONCLAD","items_purchased":["Perfected Strike","Pommel Strike","Ghostly Armor","Happy Flower","Finesse","Centennial Puzzle"],"campfire_rested":4,"item_purchase_floors":[8,8,8,20,22,38],"current_hp_per_floor":[62,68,72,69,69,69,46,46,46,46,52,58,58,60,60,46,72,78,75,75,68,68,40,40,24,24,24,16,40,39,45,69,40,70,64,64,53,53,46,46,30,18,18,34,58,58,58,63,80,27,0],"gold":213,"neow_bonus":"THREE_CARDS","is_prod":false,"is_daily":false,"chose_seed":false,"campfire_upgraded":6,"win_rate":0,"timestamp":1548592217,"path_taken":["M","M","M","M","?","R","E","$","T","R","M","M","E","M","R","BOSS","M","M","?","M","$","E","R","E","T","?","M","R","M","M","R","BOSS","M","?","?","$","M","R","M","M","T","?","R","?","R","?","R","BOSS","BOSS"],"build_version":"2019-01-23","purchased_purges":1,"victory":false,"max_hp_per_floor":[75,75,75,75,75,75,75,75,75,75,75,75,75,80,80,80,80,80,80,80,80,80,80,80,80,80,80,80,80,80,80,80,80,80,80,80,80,80,80,80,80,80,80,80,80,80,80,80,80,80,80],"card_choices":[{"not_picked":["Sever Soul","Havoc"],"picked":"Perfected Strike","floor":0.0},{"not_picked":["Dual Wield","Heavy Blade"],"picked":"Twin Strike","floor":1.0},{"not_picked":["Rage","Flex"],"picked":"Corruption","floor":2.0},{"not_picked":["Second Wind","Havoc"],"picked":"Cleave","floor":3.0},{"not_picked":["Sever Soul","Clash"],"picked":"Perfected Strike","floor":4.0},{"not_picked":["Clothesline","Havoc"],"picked":"Offering","floor":7.0},{"not_picked":["Infernal Blade","Thunderclap"],"picked":"Uppercut","floor":11.0},{"not_picked":["Burning Pact","Havoc"],"picked":"Twin Strike","floor":11.0},{"not_picked":["Anger","Wild Strike"],"picked":"Clothesline","floor":12.0},{"not_picked":["Heavy Blade","Twin Strike"],"picked":"Wild Strike","floor":12.0},{"not_picked":["Flex","Flame Barrier"],"picked":"Perfected Strike","floor":13.0},{"not_picked":["Evolve","Thunderclap"],"picked":"Disarm","floor":14.0},{"not_picked":["Corruption","Warcry"],"picked":"Uppercut","floor":14.0},{"not_picked":["Dark Embrace","Bludgeon"],"picked":"Double Tap","floor":16.0},{"not_picked":["Flex","Clothesline"],"picked":"Pommel Strike","floor":18.0},{"not_picked":["Heavy Blade","Battle Trance"],"picked":"Perfected Strike","floor":18.0},{"not_picked":["Heavy Blade","Flex","Corruption"],"picked":"SKIP","floor":19.0},{"not_picked":["Cleave","Twin Strike","Reckless Charge+1"],"picked":"SKIP","floor":19.0},{"not_picked":["Thunderclap","Body Slam"],"picked":"Shockwave","floor":21.0},{"not_picked":["Wild Strike","Body Slam+1","Cleave"],"picked":"SKIP","floor":21.0},{"not_picked":["Thunderclap","Sword Boomerang"],"picked":"Impervious","floor":23.0},{"not_picked":["Fire Breathing","Dropkick"],"picked":"Dual Wield","floor":25.0},{"not_picked":["Warcry+1","Havoc+1"],"picked":"Shrug It Off+1","floor":28.0},{"not_picked":["Shrug It Off+1","Havoc+1"],"picked":"Perfected Strike","floor":28.0},{"not_picked":["Infernal Blade+1","Hemokinesis","Heavy Blade"],"picked":"SKIP","floor":30.0},{"not_picked":["Cleave","Uppercut","Rage+1"],"picked":"SKIP","floor":30.0},{"not_picked":["Warcry+1","Wild Strike"],"picked":"True Grit+1","floor":31.0},{"not_picked":["Fire Breathing","Combust","Limit Break+1"],"picked":"SKIP","floor":31.0},{"not_picked":["Dark Embrace","Immolate"],"picked":"Double Tap+1","floor":33},{"not_picked":["Rampage","Clothesline"],"picked":"Second Wind+1","floor":35},{"not_picked":["Body Slam","Clothesline","Infernal Blade+1"],"picked":"SKIP","floor":35},{"not_picked":["Fire Breathing","Anger"],"picked":"Shrug It Off+1","floor":37},{"not_picked":["Body Slam","Cleave","Sever Soul+1"],"picked":"SKIP","floor":37},{"not_picked":["Bloodletting+1","Flex+1","Body Slam+1"],"picked":"SKIP","floor":39},{"not_picked":["Headbutt","Cleave","Pommel Strike"],"picked":"SKIP","floor":39},{"not_picked":["Twin Strike","Armaments+1"],"picked":"Perfected Strike","floor":41},{"not_picked":["Limit Break+1","Clothesline","Clash+1"],"picked":"SKIP","floor":41},{"not_picked":["Headbutt","Clothesline+1","Iron Wave+1"],"picked":"SKIP","floor":42},{"not_picked":["Limit Break+1","Flex+1","Headbutt"],"picked":"SKIP","floor":42},{"not_picked":["Pommel Strike","Inflame"],"picked":"Armaments+1","floor":48},{"not_picked":["Infernal Blade+1","Body Slam","Dropkick"],"picked":"SKIP","floor":48}],"player_experience":821117,"relics_obtained":[{"floor":7.0,"key":"Prayer Wheel"},{"floor":9.0,"key":"Mercury Hourglass"},{"floor":13.0,"key":"Tiny Chest"},{"floor":23.0,"key":"The Courier"},{"floor":25.0,"key":"Boot"},{"floor":26.0,"key":"Toxic Egg 2"},{"floor":43,"key":"Ancient Tea Set"},{"floor":46,"key":"Pen Nib"}],"event_choices":[{"damage_healed":0.0,"max_hp_gain":0.0,"max_hp_loss":0.0,"gold_gain":0.0,"event_name":"The Woman in Blue","player_choice":"Bought 1 Potion","floor":5.0,"gold_loss":0.0,"damage_taken":0.0},{"damage_healed":0.0,"max_hp_gain":0.0,"max_hp_loss":0.0,"gold_gain":0.0,"event_name":"The Mausoleum","player_choice":"Ignored","floor":27.0,"gold_loss":0.0,"damage_taken":0.0},{"damage_healed":0,"gold_gain":0,"player_choice":"Copied","damage_taken":0,"max_hp_gain":0,"max_hp_loss":0,"event_name":"Duplicator","floor":36,"gold_loss":0,"cards_obtained":["Perfected Strike"]},{"damage_healed":16,"gold_gain":0,"player_choice":"Writhe","damage_taken":0,"max_hp_gain":0,"max_hp_loss":0,"event_name":"Winding Halls","floor":44,"gold_loss":0,"cards_obtained":["Writhe"]}],"is_beta":false,"boss_relics":[{"not_picked":["Black Blood","Orrery"],"picked":"Velvet Choker"},{"not_picked":["Astrolabe","Runic Pyramid"],"picked":"Sozu"}],"items_purged_floors":[38],"is_endless":false,"potions_floor_spawned":[1,11,13,14,21,28,31,33,39,42,48],"killed_by":"Awakened One","ascension_level":20}