{"gold_per_floor":[110,110,110,120,133,133,166,166,190,190,203,219,219,234,234,234],"floor_reached":16,"playtime":300,"items_purged":[],"score":204,"play_id":"e3aab6c1-216c-4fe4-ae1b-5629966c2a92","local_time":"20190125232537","is_ascension_mode":true,"campfire_choices":[{"data":"FTL","floor":6.0,"key":"SMITH"},{"data":"Zap","floor":8.0,"key":"SMITH"},{"data":"Dualcast","floor":10.0,"key":"SMITH"},{"data":"Hologram","floor":15.0,"key":"SMITH"}],"neow_cost":"NONE","seed_source_timestamp":0,"circlet_count":0,"master_deck":["AscendersBane","Strike_B","Strike_B","Strike_B","Defend_B","Defend_B","Defend_B","Defend_B","Zap+1","Dualcast+1","Ball Lightning","FTL+1","Ball Lightning","Doom and Gloom","Defragment","Self Repair","Hologram+1"],"special_seed":0,"relics":["Cracked Core","Lantern","Art of War","Boot"],"potions_floor_usage":[16],"damage_taken":[{"damage":7.0,"enemies":"Jaw Worm","floor":1.0,"turns":3.0},{"damage":3.0,"enemies":"Small Slimes","floor":4.0,"turns":3.0},{"damage":0.0,"enemies":"2 Louse","floor":5.0,"turns":2.0},{"damage":8.0,"enemies":"Gremlin Nob","floor":7.0,"turns":3.0},{"damage":9.0,"enemies":"Red Slaver","floor":11.0,"turns":2.0},{"damage":3.0,"enemies":"3 Louse","floor":12.0,"turns":2.0},{"damage":14.0,"enemies":"Exordium Thugs","floor":14.0,"turns":3.0},{"damage":28,"enemies":"Hexaghost","floor":16,"turns":7}],"seed_played":"-2171057073892541358","potions_obtained":[{"floor":1.0,"key":"Strength Potion"},{"floor":4.0,"key":"SkillPotion"},{"floor":14.0,"key":"PowerPotion"}],"is_trial":false,"path_per_floor":["M","?","?","M","M","R","E","R","T","R","M","M","?","M","R","B"],"character_chosen":"DEFECT","items_purchased":[],"campfire_rested":0,"item_purchase_floors":[],"current_hp_per_floor":[57,62,62,59,59,59,51,51,51,51,42,39,39,25,25,0],"gold":234,"neow_bonus":"RANDOM_COMMON_RELIC","is_prod":false,"is_daily":false,"chose_seed":false,"campfire_upgraded":4,"win_rate":0,"timestamp":1548426337,"path_taken":["M","?","?","M","M","R","E","R","T","R","M","M","?","M","R","BOSS"],"build_version":"2019-01-23","purchased_purges":0,"victory":false,"max_hp_per_floor":[71,76,76,76,76,76,76,76,76,76,76,76,76,76,76,76],"card_choices":[{"not_picked":["Stack","Heatsinks"],"picked":"Ball Lightning","floor":1.0},{"not_picked":["Chill","Heatsinks"],"picked":"FTL","floor":4.0},{"not_picked":["Blizzard","Force Field"],"picked":"Ball Lightning","floor":5.0},{"not_picked":["Rip and Tear","Skim"],"picked":"Doom and Gloom","floor":7.0},{"not_picked":["Cold Snap","Darkness"],"picked":"Defragment","floor":11.0},{"not_picked":["Redo","Beam Cell"],"picked":"Self Repair","floor":12.0},{"not_picked":["Cold Snap","Rebound"],"picked":"Hologram","floor":14.0}],"player_experience":1072955,"relics_obtained":[{"floor":7.0,"key":"Art of War"},{"floor":9.0,"key":"Boot"}],"event_choices":[{"damage_healed":0.0,"max_hp_gain":5.0,"max_hp_loss":0.0,"gold_gain":0.0,"event_name":"Big Fish","player_choice":"Donut","floor":2.0,"gold_loss":0.0,"damage_taken":0.0},{"damage_healed":0.0,"max_hp_gain":0.0,"max_hp_loss":0.0,"gold_gain":0.0,"event_name":"Liars Game","player_choice":"Ignored","floor":3.0,"gold_loss":0.0,"damage_taken":0.0},{"cards_removed":["Strike_B"],"damage_healed":0.0,"max_hp_gain":0.0,"max_hp_loss":0.0,"gold_gain":0.0,"event_name":"Living Wall","player_choice":"Forget","floor":13.0,"gold_loss":0.0,"damage_taken":0.0}],"is_beta":false,"boss_relics":[],"items_purged_floors":[],"is_endless":false,"potions_floor_spawned":[1,4,5,14],"killed_by":"Hexaghost","ascension_level":20}