{"gold_per_floor":[112,11,24,42,60,60,94,108,108,108],"floor_reached":10,"playtime":356,"items_purged":[],"score":81,"play_id":"813ad0ad-793c-4503-a9a5-4558e33180cb","local_time":"20190215175714","is_ascension_mode":true,"campfire_choices":[{"data":"Footwork","floor":6,"key":"SMITH"}],"neow_cost":"NONE","seed_source_timestamp":29327198040687,"circlet_count":0,"master_deck":["Defend_G","Defend_G","Defend_G","Defend_G","Defend_G","Strike_G","Strike_G","Strike_G","Strike_G","Strike_G","Survivor","Neutralize","Finisher","Footwork+1","Dagger Spray","PiercingWail","Blade Dance"],"relics":["Ring of the Snake","NeowsBlessing","Shovel","Blue Candle"],"potions_floor_usage":[7,7],"damage_taken":[{"damage":0,"enemies":"2 Louse","floor":1,"turns":1},{"damage":0,"enemies":"Cultist","floor":3,"turns":1},{"damage":0,"enemies":"Small Slimes","floor":4,"turns":1},{"damage":0,"enemies":"Blue Slaver","floor":5,"turns":6},{"damage":18,"enemies":"Gremlin Nob","floor":7,"turns":6},{"damage":13,"enemies":"Large Slime","floor":8,"turns":6},{"damage":43,"enemies":"Lagavulin","floor":10,"turns":10}],"seed_played":"-8318769295484736765","potions_obtained":[{"floor":1,"key":"Block Potion"},{"floor":3,"key":"Poison Potion"}],"is_trial":false,"path_per_floor":["M","$","M","M","M","R","E","M","T","E"],"character_chosen":"THE_SILENT","items_purchased":["Footwork","Dagger Spray"],"campfire_rested":0,"item_purchase_floors":[2,2],"current_hp_per_floor":[70,70,70,70,70,70,52,39,39,0],"gold":108,"neow_bonus":"THREE_ENEMY_KILL","is_prod":false,"is_daily":false,"chose_seed":false,"campfire_upgraded":1,"win_rate":0,"timestamp":1550249834,"path_taken":["M","$","M","M","M","R","E","M","T","E"],"build_version":"2019-01-23","purchased_purges":0,"victory":false,"max_hp_per_floor":[70,70,70,70,70,70,70,70,70,70],"card_choices":[{"not_picked":["Dagger Throw","Flechettes"],"picked":"Finisher","floor":1},{"not_picked":["Choke","Prepared","Riddle With Holes"],"picked":"SKIP","floor":3},{"not_picked":["Flying Knee","Dagger Spray"],"picked":"PiercingWail","floor":4},{"not_picked":["Slice","Deadly Poison","Poisoned Stab"],"picked":"SKIP","floor":5},{"not_picked":["Reflex","Envenom"],"picked":"Blade Dance","floor":7},{"not_picked":["Poisoned Stab","Finisher","Outmaneuver"],"picked":"SKIP","floor":8}],"player_experience":190928,"relics_obtained":[{"floor":7,"key":"Shovel"},{"floor":9,"key":"Blue Candle"}],"event_choices":[],"is_beta":false,"boss_relics":[],"items_purged_floors":[],"is_endless":false,"potions_floor_spawned":[1,3],"killed_by":"Lagavulin","ascension_level":3}