{"gold_per_floor":[113,132,142,159,177,177,210,210,263,322,287,141,141,156,156,229,229,242,259,358,358,273,301,301,63,63,63,77,110,121,121,121,121],"floor_reached":33,"playtime":1623,"items_purged":["Strike_G"],"score":470,"play_id":"c43fae2f-45cb-4da3-9fd8-27b63515c8db","local_time":"20190222084004","is_ascension_mode":true,"campfire_choices":[{"data":"Crippling Poison","floor":6,"key":"SMITH"},{"floor":13,"key":"REST"},{"data":"Caltrops","floor":15,"key":"SMITH"},{"floor":24,"key":"REST"},{"data":"Malaise","floor":32,"key":"SMITH"}],"neow_cost":"NONE","seed_source_timestamp":829885930386535,"circlet_count":0,"master_deck":["AscendersBane","Defend_G","Defend_G","Defend_G","Defend_G","Defend_G","Strike_G","Strike_G","Strike_G","Strike_G+1","Survivor","Neutralize","Sucker Punch","PiercingWail","Flying Knee","Crippling Poison+1","Deflect","Deadly Poison","Backflip","Caltrops+1","Calculated Gamble","Malaise+1","All Out Attack+1","Cloak And Dagger","Poisoned Stab","Quick Slash","Cloak And Dagger","Dodge and Roll","PiercingWail","Backflip","Dagger Spray+1","Doppelganger"],"relics":["Ring of the Snake","NeowsBlessing","Vajra","Tiny Chest","Happy Flower","Orrery","PreservedInsect","Dodecahedron","Meat on the Bone","Bronze Scales","Shuriken","Whetstone"],"potions_floor_usage":[16,23,29,33,33],"damage_taken":[{"damage":0,"enemies":"Small Slimes","floor":1,"turns":1},{"damage":0,"enemies":"Jaw Worm","floor":2,"turns":1},{"damage":0,"enemies":"Cultist","floor":3,"turns":1},{"damage":16,"enemies":"Exordium Thugs","floor":4,"turns":6},{"damage":9,"enemies":"2 Fungi Beasts","floor":5,"turns":4},{"damage":23,"enemies":"3 Sentries","floor":7,"turns":8},{"damage":37,"enemies":"3 Sentries","floor":10,"turns":8},{"damage":15,"enemies":"Large Slime","floor":14,"turns":7},{"damage":23,"enemies":"The Guardian","floor":16,"turns":11},{"damage":0,"enemies":"3 Byrds","floor":18,"turns":1},{"damage":21,"enemies":"Shell Parasite","floor":19,"turns":6},{"damage":22,"enemies":"Slavers","floor":23,"turns":3},{"damage":31,"enemies":"Centurion and Healer","floor":28,"turns":9},{"damage":31,"enemies":"Gremlin Leader","floor":29,"turns":5},{"damage":3,"enemies":"3 Cultists","floor":30,"turns":4},{"damage":65,"enemies":"Automaton","floor":33,"turns":6}],"seed_played":"-1199511904451617698","potions_obtained":[{"floor":1,"key":"Block Potion"},{"floor":2,"key":"GamblersBrew"},{"floor":18,"key":"Fire Potion"},{"floor":28,"key":"AttackPotion"},{"floor":30,"key":"AttackPotion"}],"is_trial":false,"path_per_floor":["M","M","M","M","M","R","E","?","T","?","?","$","R","M","R","B",null,"M","M","?","?","?","E","R","$","T","$","M","E","M","T","R","B"],"character_chosen":"THE_SILENT","items_purchased":["Caltrops","Meat on the Bone"],"campfire_rested":2,"item_purchase_floors":[12,25],"current_hp_per_floor":[63,63,63,47,38,38,15,38,38,1,18,18,39,24,24,1,53,53,32,32,55,55,33,54,54,54,54,35,16,25,25,25,0],"gold":121,"neow_bonus":"THREE_ENEMY_KILL","is_prod":false,"is_daily":false,"chose_seed":false,"campfire_upgraded":3,"win_rate":0,"timestamp":1550853604,"path_taken":["M","M","M","M","M","R","E","?","T","?","?","?","R","M","R","BOSS","M","M","?","?","?","E","R","?","T","$","?","E","M","?","R","BOSS"],"build_version":"2019-01-23","purchased_purges":1,"victory":false,"max_hp_per_floor":[70,70,70,70,70,70,70,70,70,70,70,70,70,70,70,70,70,70,70,70,70,70,70,70,70,70,70,70,70,70,70,70,70],"card_choices":[{"not_picked":["Endless Agony","Blade Dance"],"picked":"Sucker Punch","floor":1},{"not_picked":["Prepared","Accuracy"],"picked":"PiercingWail","floor":2},{"not_picked":["Accuracy","Predator"],"picked":"Flying Knee","floor":3},{"not_picked":["Outmaneuver","Bane"],"picked":"Crippling Poison","floor":4},{"not_picked":["Expertise","Sucker Punch"],"picked":"Deflect","floor":5},{"not_picked":["Dodge and Roll","Deflect"],"picked":"Deadly Poison","floor":7},{"not_picked":["Concentrate","Bane"],"picked":"Backflip","floor":10},{"not_picked":["Blade Dance","Deadly Poison"],"picked":"Calculated Gamble","floor":14},{"not_picked":["Storm of Steel","Adrenaline"],"picked":"Malaise","floor":16},{"not_picked":["Outmaneuver","Crippling Poison"],"picked":"All Out Attack","floor":17},{"not_picked":["Quick Slash","Bane"],"picked":"Cloak And Dagger","floor":17},{"not_picked":["Backflip","Cloak And Dagger"],"picked":"Poisoned Stab","floor":17},{"not_picked":["Outmaneuver","Dagger Throw"],"picked":"Quick Slash","floor":17},{"not_picked":["Bane","Eviscerate"],"picked":"Cloak And Dagger","floor":17},{"not_picked":["Choke","Slice"],"picked":"Dodge and Roll","floor":18},{"not_picked":["Endless Agony","Expertise"],"picked":"PiercingWail","floor":19},{"not_picked":["Infinite Blades","Terror"],"picked":"Backflip","floor":23},{"not_picked":["Prepared","Bane"],"picked":"Dagger Spray+1","floor":28},{"not_picked":["Flying Knee+1","Bouncing Flask+1"],"picked":"Doppelganger","floor":29},{"not_picked":["Blade Dance","Poisoned Stab","Bane"],"picked":"SKIP","floor":30}],"player_experience":213697,"relics_obtained":[{"floor":7,"key":"Vajra"},{"floor":9,"key":"Tiny Chest"},{"floor":10,"key":"Happy Flower"},{"floor":23,"key":"Dodecahedron"},{"floor":26,"key":"Bronze Scales"},{"floor":29,"key":"Shuriken"},{"floor":31,"key":"Whetstone"}],"event_choices":[{"damage_healed":23,"gold_gain":0,"player_choice":"Banana","damage_taken":0,"max_hp_gain":0,"max_hp_loss":0,"event_name":"Big Fish","floor":8,"gold_loss":0},{"damage_healed":0,"gold_gain":0,"player_choice":"Searched \u00271\u0027 times","damage_taken":0,"max_hp_gain":0,"max_hp_loss":0,"event_name":"Dead Adventurer","floor":10,"gold_loss":0},{"damage_healed":17,"gold_gain":0,"player_choice":"Healed","damage_taken":0,"max_hp_gain":0,"max_hp_loss":0,"event_name":"The Cleric","floor":11,"gold_loss":35},{"damage_healed":0,"gold_gain":99,"player_choice":"Stole From Cult","damage_taken":0,"max_hp_gain":0,"max_hp_loss":0,"event_name":"Nest","floor":20,"gold_loss":0},{"damage_healed":23,"gold_gain":0,"player_choice":"Heal","damage_taken":0,"max_hp_gain":0,"max_hp_loss":0,"event_name":"The Library","floor":21,"gold_loss":0},{"damage_healed":0,"gold_gain":0,"player_choice":"Obtained Relic","damage_taken":0,"relics_obtained":["PreservedInsect"],"max_hp_gain":0,"max_hp_loss":0,"event_name":"Addict","floor":22,"gold_loss":85}],"is_beta":false,"boss_relics":[{"not_picked":["Empty Cage","Ring of the Serpent"],"picked":"Orrery"}],"items_purged_floors":[12],"is_endless":false,"potions_floor_spawned":[1,2,7,14,18,28,30],"killed_by":"Automaton","ascension_level":13}