{"gold_per_floor":[17,17,29,104,117,117,146,146,146,146,146,146,161,175,175,175],"floor_reached":16,"playtime":418,"items_purged":[],"score":200,"play_id":"2286874a-0807-4c5c-aadf-ef608a76ade1","local_time":"20190212171407","is_ascension_mode":true,"campfire_choices":[{"data":"Magnetism","floor":6,"key":"SMITH"},{"floor":8,"key":"REST"},{"data":"Phantasmal Killer","floor":10,"key":"SMITH"},{"data":"Neutralize","floor":12,"key":"SMITH"},{"floor":15,"key":"REST"}],"neow_cost":"NO_GOLD","seed_source_timestamp":1828388427574913,"circlet_count":0,"master_deck":["AscendersBane","Defend_G","Defend_G","Defend_G","Defend_G","Strike_G","Strike_G","Strike_G","Strike_G","Strike_G","Survivor","Neutralize+1","Magnetism+1","Panacea","Crippling Poison","Dagger Spray","Phantasmal Killer+1","PiercingWail","Deadly Poison","Deadly Poison","Noxious Fumes"],"relics":["Ring of the Snake","Ginger","Peace Pipe"],"potions_floor_usage":[16],"damage_taken":[{"damage":12,"enemies":"Cultist","floor":1,"turns":6},{"damage":6,"enemies":"Jaw Worm","floor":3,"turns":6},{"damage":0,"enemies":"2 Louse","floor":5,"turns":4},{"damage":29,"enemies":"Lagavulin","floor":7,"turns":9},{"damage":4,"enemies":"Red Slaver","floor":13,"turns":4},{"damage":11,"enemies":"Blue Slaver","floor":14,"turns":4},{"damage":26,"enemies":"Hexaghost","floor":16,"turns":7}],"seed_played":"-2234574895665865101","potions_obtained":[{"floor":7,"key":"Poison Potion"},{"floor":13,"key":"FearPotion"}],"is_trial":false,"path_per_floor":["M","?","M","?","M","R","E","R","T","R","?","R","M","M","R","B"],"character_chosen":"THE_SILENT","items_purchased":[],"campfire_rested":2,"item_purchase_floors":[],"current_hp_per_floor":[47,47,41,30,30,30,1,20,20,20,20,20,16,5,24,0],"gold":175,"neow_bonus":"RANDOM_COLORLESS_2","is_prod":false,"is_daily":false,"chose_seed":false,"campfire_upgraded":3,"win_rate":0,"timestamp":1549959247,"path_taken":["M","?","M","?","M","R","E","R","T","R","?","R","M","M","R","BOSS"],"build_version":"2019-01-23","purchased_purges":0,"victory":false,"max_hp_per_floor":[66,66,66,66,66,66,66,66,66,66,66,66,66,66,66,66],"card_choices":[{"not_picked":["Deflect","Blade Dance"],"picked":"Crippling Poison","floor":1},{"not_picked":["Dagger Throw","Distraction"],"picked":"Dagger Spray","floor":3},{"not_picked":["Crippling Poison","Poisoned Stab"],"picked":"Phantasmal Killer","floor":5},{"not_picked":["Deadly Poison","Quick Slash"],"picked":"PiercingWail","floor":7},{"not_picked":["Endless Agony","Quick Slash"],"picked":"Deadly Poison","floor":13},{"not_picked":["Footwork","Backflip"],"picked":"Noxious Fumes","floor":14}],"player_experience":1126526,"relics_obtained":[{"floor":7,"key":"Ginger"},{"floor":9,"key":"Peace Pipe"}],"event_choices":[{"damage_healed":0,"gold_gain":0,"player_choice":"Leave","damage_taken":0,"max_hp_gain":0,"max_hp_loss":0,"event_name":"The Cleric","floor":2,"gold_loss":0},{"damage_healed":0,"gold_gain":75,"player_choice":"Gather Gold","damage_taken":11,"max_hp_gain":0,"max_hp_loss":0,"event_name":"World of Goop","floor":4,"gold_loss":0},{"damage_healed":0,"gold_gain":0,"cards_transformed":["Defend_G"],"player_choice":"Transformed","damage_taken":0,"max_hp_gain":0,"max_hp_loss":0,"event_name":"Transmorgrifier","floor":11,"gold_loss":0,"cards_obtained":["Deadly Poison"]}],"is_beta":false,"boss_relics":[],"items_purged_floors":[],"is_endless":false,"potions_floor_spawned":[7,13,14],"killed_by":"Hexaghost","ascension_level":20}