{"gold_per_floor":[116,191,156,166,179,195,195,230,230,262,277,11,70,83,83,83],"floor_reached":16,"playtime":481,"items_purged":["Strike_G"],"score":244,"play_id":"747ca2b3-9e11-472a-af88-1c04efb372c4","local_time":"20190201141124","is_ascension_mode":true,"campfire_choices":[{"data":"Deadly Poison","floor":7.0,"key":"SMITH"},{"data":"Footwork","floor":15.0,"key":"SMITH"}],"neow_cost":"NONE","seed_source_timestamp":1918746945695241,"circlet_count":0,"master_deck":["AscendersBane","Defend_G","Defend_G","Defend_G","Defend_G","Defend_G","Strike_G","Strike_G","Strike_G","Strike_G","Survivor","Neutralize+1","Deadly Poison+1","Poisoned Stab","PiercingWail","Deadly Poison","Bane","PiercingWail","PiercingWail","Noxious Fumes","Deadly Poison","Footwork+1"],"special_seed":0,"relics":["Ring of the Snake","Omamori","Sundial","Question Card","Tiny Chest"],"potions_floor_usage":[16],"damage_taken":[{"damage":1.0,"enemies":"2 Louse","floor":1.0,"turns":4.0},{"damage":0.0,"enemies":"Jaw Worm","floor":4.0,"turns":5.0},{"damage":0.0,"enemies":"Cultist","floor":5.0,"turns":3.0},{"damage":0.0,"enemies":"Looter","floor":6.0,"turns":4.0},{"damage":19.0,"enemies":"Lagavulin","floor":8.0,"turns":7.0},{"damage":28.0,"enemies":"Gremlin Nob","floor":10.0,"turns":4.0},{"damage":0.0,"enemies":"Exordium Wildlife","floor":11.0,"turns":3.0},{"damage":11.0,"enemies":"Lagavulin","floor":13.0,"turns":5.0},{"damage":0.0,"enemies":"3 Louse","floor":14.0,"turns":1.0},{"damage":17,"enemies":"The Guardian","floor":16,"turns":2}],"seed_played":"2627172868139922331","potions_obtained":[{"floor":5.0,"key":"PowerPotion"},{"floor":6.0,"key":"GamblersBrew"},{"floor":8.0,"key":"PowerPotion"},{"floor":11.0,"key":"GamblersBrew"},{"floor":14.0,"key":"Regen Potion"}],"is_trial":false,"path_per_floor":["M","?","?","M","M","M","R","E","T","E","M","$","E","M","R","B"],"character_chosen":"THE_SILENT","items_purchased":["Noxious Fumes","Explosive Potion","Deadly Poison"],"campfire_rested":0,"item_purchase_floors":[12,12,12],"current_hp_per_floor":[58,47,63,63,63,63,63,44,44,16,16,16,5,5,5,0],"gold":83,"neow_bonus":"UPGRADE_CARD","is_prod":false,"is_daily":false,"chose_seed":false,"campfire_upgraded":2,"win_rate":0,"timestamp":1549048284,"path_taken":["M","?","?","M","M","M","R","E","T","E","M","$","E","M","R","BOSS"],"build_version":"2019-01-23","purchased_purges":1,"victory":false,"max_hp_per_floor":[66,66,66,66,66,66,66,66,66,66,66,66,66,66,66,66],"card_choices":[{"not_picked":["Heel Hook","Masterful Stab"],"picked":"Deadly Poison","floor":1.0},{"not_picked":["Deadly Poison","Prepared"],"picked":"Poisoned Stab","floor":4.0},{"not_picked":["Deflect","Slice"],"picked":"PiercingWail","floor":5.0},{"not_picked":["Grand Finale","Bane"],"picked":"Deadly Poison","floor":6.0},{"not_picked":["Choke","Riddle With Holes"],"picked":"Bane","floor":8.0},{"not_picked":["Quick Slash","Dagger Spray"],"picked":"PiercingWail","floor":10.0},{"not_picked":["Setup","Acrobatics","Predator"],"picked":"PiercingWail","floor":11.0},{"not_picked":["Blade Dance","Backflip","Storm of Steel"],"picked":"Footwork","floor":13.0},{"not_picked":["Outmaneuver","Prepared","Sucker Punch","Underhanded Strike"],"picked":"SKIP","floor":14.0}],"player_experience":854287,"relics_obtained":[{"floor":8.0,"key":"Omamori"},{"floor":9.0,"key":"Sundial"},{"floor":10.0,"key":"Question Card"},{"floor":13.0,"key":"Tiny Chest"}],"event_choices":[{"damage_healed":0.0,"max_hp_gain":0.0,"max_hp_loss":0.0,"gold_gain":75.0,"event_name":"World of Goop","player_choice":"Gather Gold","floor":2.0,"gold_loss":0.0,"damage_taken":11.0},{"damage_healed":16.0,"max_hp_gain":0.0,"max_hp_loss":0.0,"gold_gain":0.0,"event_name":"The Cleric","player_choice":"Healed","floor":3.0,"gold_loss":35.0,"damage_taken":0.0}],"is_beta":false,"boss_relics":[],"items_purged_floors":[12],"is_endless":false,"potions_floor_spawned":[5,6,8,11,14],"killed_by":"The Guardian","ascension_level":20}