{"gold_per_floor":[116,116,128,39,59,59,78,78,78,78,112,127,127,141,141,245,245,258,111,71,81,91,91,124,124,151,176,186,212,18,28,28,130,130,147,160,178,198,209,209,209,222,294,294,324,1,49,81,81,81],"floor_reached":51,"playtime":2327,"items_purged":[],"score":894,"play_id":"cf945747-8255-4926-aa63-1e3436e2349a","local_time":"20190124200854","daily_mods":["SealedDeck"],"is_ascension_mode":false,"campfire_choices":[{"data":"Armaments","floor":6,"key":"SMITH"},{"data":"Body Slam","floor":8,"key":"SMITH"},{"data":"Finesse","floor":13,"key":"SMITH"},{"data":"Intimidate","floor":15,"key":"SMITH"},{"data":"Body Slam","floor":23,"key":"SMITH"},{"data":"Carnage","floor":32,"key":"SMITH"},{"floor":40,"key":"REST"},{"floor":49,"key":"REST"}],"neow_cost":"","seed_source_timestamp":0,"circlet_count":0,"master_deck":["Intimidate+1","Iron Wave","Iron Wave","Body Slam+1","Body Slam+1","Shrug It Off","Armaments+1","Body Slam+1","Shrug It Off","True Grit","Carnage+1","Finesse+1","Shrug It Off","Ghostly Armor","Body Slam+1","Feel No Pain","Armaments","Juggernaut+1","Evolve","Sentinel","Corruption","Necronomicurse","Disarm+1","Reckless Charge","Exhume","Panache+1","Limit Break","Shrug It Off","Shrug It Off","Disarm","Offering","Finesse","Panache+1","Dark Shackles","Sentinel+1","Power Through","Pommel Strike+1","Shrug It Off+1","Pommel Strike+1"],"relics":["Burning Blood","Shuriken","Bottled Lightning","Sozu","Whetstone","Bottled Flame","Necronomicon","Lantern","Frozen Egg 2","Bronze Scales","Fusion Hammer","Molten Egg 2","Regal Pillow","Charon\u0027s Ashes","Pocketwatch","Blue Candle"],"potions_floor_usage":[50,50],"damage_taken":[{"damage":0,"enemies":"2 Louse","floor":1,"turns":2},{"damage":0,"enemies":"Small Slimes","floor":3,"turns":3},{"damage":0,"enemies":"Cultist","floor":5,"turns":3},{"damage":0,"enemies":"3 Louse","floor":7,"turns":3},{"damage":13,"enemies":"3 Sentries","floor":11,"turns":6},{"damage":0,"enemies":"Blue Slaver","floor":12,"turns":2},{"damage":0,"enemies":"Large Slime","floor":14,"turns":4},{"damage":10,"enemies":"The Guardian","floor":16,"turns":11},{"damage":6,"enemies":"Spheric Guardian","floor":18,"turns":4},{"damage":0,"enemies":"Chosen","floor":21,"turns":2},{"damage":0,"enemies":"Snake Plant","floor":22,"turns":3},{"damage":22,"enemies":"Gremlin Leader","floor":24,"turns":6},{"damage":0,"enemies":"Book of Stabbing","floor":27,"turns":4},{"damage":4,"enemies":"Centurion and Healer","floor":28,"turns":5},{"damage":15,"enemies":"Slavers","floor":29,"turns":5},{"damage":0,"enemies":"Cultist and Chosen","floor":31,"turns":4},{"damage":31,"enemies":"Collector","floor":33,"turns":6},{"damage":31,"enemies":"3 Darklings","floor":35,"turns":4},{"damage":9,"enemies":"3 Shapes","floor":36,"turns":3},{"damage":0,"enemies":"3 Darklings","floor":37,"turns":3},{"damage":15,"enemies":"Spire Growth","floor":38,"turns":5},{"damage":2,"enemies":"Writhing Mass","floor":39,"turns":6},{"damage":6,"enemies":"3 Darklings","floor":42,"turns":3},{"damage":12,"enemies":"Reptomancer","floor":45,"turns":3},{"damage":6,"enemies":"2 Orb Walkers","floor":47,"turns":5},{"damage":30,"enemies":"Nemesis","floor":48,"turns":5},{"damage":36,"enemies":"Time Eater","floor":50,"turns":9}],"seed_played":"-8219675915635356260","potions_obtained":[{"floor":5,"key":"Weak Potion"},{"floor":12,"key":"SmokeBomb"},{"floor":16,"key":"BloodPotion"}],"is_trial":true,"path_per_floor":["M","?","M","$","M","R","M","R","T","?","E","M","R","M","R","B",null,"M","$","?","M","M","R","E","?","T","E","M","E","$","M","R","B",null,"M","M","M","M","M","R","?","M","T","?","E","$","?","E","R","B",null],"character_chosen":"IRONCLAD","items_purchased":["Finesse","Whetstone","Panache+1","Charon\u0027s Ashes","Pommel Strike+1"],"campfire_rested":2,"item_purchase_floors":[4,19,30,46,46],"current_hp_per_floor":[80,80,80,80,80,80,80,80,80,80,73,79,79,80,80,76,80,80,80,80,80,80,80,64,48,48,54,56,47,47,53,53,28,80,55,52,58,49,53,77,67,67,67,67,61,61,61,37,76,54],"gold":81,"neow_bonus":"","is_prod":false,"is_daily":false,"chose_seed":false,"campfire_upgraded":6,"win_rate":0,"timestamp":1548378534,"path_taken":["M","?","M","$","M","R","M","R","T","?","E","M","R","M","R","BOSS","M","$","?","?","M","R","E","?","T","E","M","E","$","M","R","BOSS","M","M","M","M","M","R","?","M","T","?","E","$","?","E","R","BOSS"],"build_version":"2019-01-23","purchased_purges":0,"victory":true,"max_hp_per_floor":[80,80,80,80,80,80,80,80,80,80,80,80,80,80,80,80,80,80,80,80,80,80,80,80,80,80,80,80,80,80,80,80,80,80,80,80,80,80,80,80,80,80,80,80,80,80,80,80,80,80],"card_choices":[{"not_picked":["Burning Pact","Warcry"],"picked":"Pommel Strike","floor":1},{"not_picked":["Wild Strike","Inflame"],"picked":"Carnage","floor":3},{"not_picked":["Pommel Strike","Inflame"],"picked":"Shrug It Off","floor":5},{"not_picked":["Reckless Charge","Infernal Blade"],"picked":"Ghostly Armor","floor":7},{"not_picked":["Flex","Perfected Strike"],"picked":"Body Slam","floor":11},{"not_picked":["Rupture","Anger"],"picked":"Feel No Pain","floor":12},{"not_picked":["Wild Strike","Dropkick"],"picked":"Armaments","floor":14},{"not_picked":["Demon Form","Bludgeon"],"picked":"Juggernaut","floor":16},{"not_picked":["Whirlwind","Clash+1","Twin Strike+1"],"picked":"SKIP","floor":18},{"not_picked":["Pommel Strike","Clothesline"],"picked":"Evolve","floor":21},{"not_picked":["Dark Embrace","Uppercut"],"picked":"Sentinel","floor":22},{"not_picked":["Armaments+1","Warcry"],"picked":"Corruption","floor":24},{"not_picked":["Shrug It Off+1","Perfected Strike"],"picked":"Disarm+1","floor":27},{"not_picked":["True Grit","Wild Strike"],"picked":"Reckless Charge","floor":28},{"not_picked":["Twin Strike","Second Wind"],"picked":"Exhume","floor":29},{"not_picked":["Perfected Strike+1","Inflame+1","Searing Blow+1"],"picked":"SKIP","floor":31},{"not_picked":["Immolate","Berserk+1"],"picked":"Limit Break","floor":33},{"not_picked":["Perfected Strike","Armaments"],"picked":"Shrug It Off","floor":35},{"not_picked":["Anger","Headbutt+1"],"picked":"Shrug It Off","floor":36},{"not_picked":["Armaments","Cleave+1","Flex+1"],"picked":"SKIP","floor":37},{"not_picked":["Iron Wave+1","Thunderclap+1"],"picked":"Disarm","floor":38},{"not_picked":["Corruption+1","Anger"],"picked":"Offering","floor":39},{"not_picked":["Panacea","Chrysalis"],"picked":"Finesse","floor":41},{"not_picked":["HandOfGreed","Forethought"],"picked":"Panache+1","floor":41},{"not_picked":["Chrysalis","Enlightenment"],"picked":"Dark Shackles","floor":41},{"not_picked":["True Grit+1","Sever Soul"],"picked":"Sentinel+1","floor":42},{"not_picked":["Sever Soul+1","Sword Boomerang+1"],"picked":"Power Through","floor":45},{"not_picked":["Havoc","Clash+1"],"picked":"Shrug It Off+1","floor":47},{"not_picked":["Anger+1","Cleave+1"],"picked":"Pommel Strike+1","floor":48}],"player_experience":811616,"relics_obtained":[{"floor":9,"key":"Shuriken"},{"floor":11,"key":"Bottled Lightning"},{"floor":24,"key":"Bottled Flame"},{"floor":25,"key":"Necronomicon"},{"floor":26,"key":"Lantern"},{"floor":27,"key":"Frozen Egg 2"},{"floor":29,"key":"Bronze Scales"},{"floor":43,"key":"Molten Egg 2"},{"floor":45,"key":"Regal Pillow"},{"floor":47,"key":"Pocketwatch"},{"floor":48,"key":"Blue Candle"}],"event_choices":[{"damage_healed":0,"gold_gain":0,"player_choice":"Leave","damage_taken":0,"max_hp_gain":0,"max_hp_loss":0,"event_name":"The Cleric","floor":2,"gold_loss":0},{"damage_healed":0,"gold_gain":0,"player_choice":"Ignored","damage_taken":0,"max_hp_gain":0,"max_hp_loss":0,"event_name":"Liars Game","floor":10,"gold_loss":0},{"damage_healed":0,"gold_gain":0,"player_choice":"Upgrade","damage_taken":0,"max_hp_gain":0,"max_hp_loss":0,"event_name":"Designer","floor":20,"gold_loss":40,"cards_upgraded":["Juggernaut"]},{"damage_healed":0,"gold_gain":0,"player_choice":"Obtained Book","damage_taken":16,"max_hp_gain":0,"max_hp_loss":0,"event_name":"Cursed Tome","floor":25,"gold_loss":0},{"damage_healed":0,"gold_gain":0,"player_choice":"Memory 3","damage_taken":10,"max_hp_gain":0,"max_hp_loss":0,"event_name":"SensoryStone","floor":41,"gold_loss":0},{"cards_removed":["Pommel Strike"],"damage_healed":0,"gold_gain":0,"player_choice":"Removed Attack","damage_taken":0,"max_hp_gain":0,"max_hp_loss":0,"event_name":"Falling","floor":44,"gold_loss":0},{"damage_healed":0,"gold_gain":0,"player_choice":"Fight","damage_taken":0,"max_hp_gain":0,"max_hp_loss":0,"event_name":"Mysterious Sphere","floor":47,"gold_loss":0}],"is_beta":false,"boss_relics":[{"not_picked":["Calling Bell","Eternal Feather"],"picked":"Sozu"},{"not_picked":["Empty Cage","Astrolabe"],"picked":"Fusion Hammer"}],"items_purged_floors":[],"is_endless":false,"potions_floor_spawned":[5,12,16,22,29,38,39,42,47],"ascension_level":0}