{"gold_per_floor":[369,379,394,404,404,404,87,87,114,78,94,94,109,129,129,229,229,217,236,38,38,38,38,38],"floor_reached":24,"playtime":1268,"items_purged":[],"score":263,"play_id":"e3ed7beb-1022-4a1c-b3d6-0a1d81ee3045","local_time":"20190204022638","is_ascension_mode":true,"campfire_choices":[{"floor":6.0,"key":"REST"},{"floor":15.0,"key":"REST"},{"data":"Sunder","floor":23.0,"key":"SMITH"}],"neow_cost":"PERCENT_DAMAGE","seed_source_timestamp":69276624922314,"circlet_count":0,"master_deck":["Strike_B","Strike_B","Strike_B","Defend_B","Defend_B","Defend_B","Defend_B","Zap","Dualcast","Capacitor","Streamline+1","Turbo","Coolheaded","Hologram","Sunder+1","Consume","Rebound","Conserve Battery","Thunder Strike","Rip and Tear+1","Turbo+1","Writhe","Shame"],"special_seed":0,"relics":["Cracked Core","Emotion Chip","Happy Flower","Tiny House","Lee\u0027s Waffle","Ancient Tea Set","Juzu Bracelet"],"potions_floor_usage":[],"damage_taken":[{"damage":8.0,"enemies":"Small Slimes","floor":1.0,"turns":3.0},{"damage":0.0,"enemies":"2 Louse","floor":2.0,"turns":2.0},{"damage":6.0,"enemies":"Cultist","floor":3.0,"turns":3.0},{"damage":1.0,"enemies":"2 Fungi Beasts","floor":4.0,"turns":3.0},{"damage":8.0,"enemies":"Gremlin Gang","floor":11.0,"turns":3.0},{"damage":15.0,"enemies":"Lots of Slimes","floor":13.0,"turns":3.0},{"damage":12.0,"enemies":"3 Louse","floor":14.0,"turns":3.0},{"damage":9.0,"enemies":"Slime Boss","floor":16.0,"turns":7.0},{"damage":17.0,"enemies":"2 Thieves","floor":18.0,"turns":4.0},{"damage":38.0,"enemies":"3 Byrds","floor":19.0,"turns":6.0},{"damage":90,"enemies":"Book of Stabbing","floor":24,"turns":5}],"seed_played":"8730681215385663421","potions_obtained":[{"floor":1.0,"key":"SpeedPotion"},{"floor":4.0,"key":"SkillPotion"},{"floor":16.0,"key":"Block Potion"},{"floor":18.0,"key":"FearPotion"}],"is_trial":false,"path_per_floor":["M","M","M","M","?","R","$","?","T","$","M","?","M","M","R","B",null,"M","M","$","?","?","R","E"],"character_chosen":"DEFECT","items_purchased":["Emotion Chip","Hologram","Sunder","Lee\u0027s Waffle"],"campfire_rested":2,"item_purchase_floors":[7,7,10,20],"current_hp_per_floor":[42,42,36,35,35,57,57,57,57,57,49,42,27,15,37,28,68,51,13,87,87,87,87,0],"gold":38,"neow_bonus":"TWO_FIFTY_GOLD","is_prod":false,"is_daily":false,"chose_seed":false,"campfire_upgraded":1,"win_rate":0,"timestamp":1549218398,"path_taken":["M","M","M","M","?","R","$","?","T","$","?","?","?","?","R","BOSS","M","M","$","?","?","R","E"],"build_version":"2019-01-23","purchased_purges":0,"victory":false,"max_hp_per_floor":[75,75,75,75,75,75,75,75,75,75,75,75,75,75,75,75,80,80,80,87,87,87,87,87],"card_choices":[{"not_picked":["Leap","Gash"],"picked":"Capacitor","floor":1.0},{"not_picked":["Rebound","Heatsinks"],"picked":"Streamline","floor":2.0},{"not_picked":["Tempest","Darkness"],"picked":"Turbo","floor":3.0},{"not_picked":["Stack","Streamline"],"picked":"Coolheaded","floor":4.0},{"not_picked":["Streamline","Machine Learning"],"picked":"Consume","floor":11.0},{"not_picked":["FTL","Ball Lightning"],"picked":"Rebound","floor":13.0},{"not_picked":["Scrape","Streamline"],"picked":"Conserve Battery","floor":14.0},{"not_picked":["Hyperbeam","Machine Learning"],"picked":"Thunder Strike","floor":16.0},{"not_picked":["Hello World+1","Barrage"],"picked":"Rip and Tear+1","floor":18.0},{"not_picked":["Blizzard+1","Streamline"],"picked":"Turbo+1","floor":19.0}],"player_experience":630712,"relics_obtained":[{"floor":9.0,"key":"Happy Flower"}],"event_choices":[{"damage_healed":0.0,"max_hp_gain":0.0,"max_hp_loss":0.0,"gold_gain":0.0,"event_name":"Shining Light","player_choice":"Ignored","floor":5.0,"gold_loss":0.0,"damage_taken":0.0},{"cards_removed":["Strike_B"],"damage_healed":0.0,"max_hp_gain":0.0,"max_hp_loss":0.0,"gold_gain":0.0,"event_name":"Purifier","player_choice":"Purged","floor":8.0,"gold_loss":0.0,"damage_taken":0.0},{"damage_healed":0.0,"max_hp_gain":0.0,"max_hp_loss":0.0,"gold_gain":0.0,"event_name":"Wheel of Change","player_choice":"Damaged","floor":12.0,"gold_loss":0.0,"damage_taken":7.0},{"damage_healed":0.0,"max_hp_gain":0.0,"max_hp_loss":0.0,"gold_gain":0.0,"event_name":"The Mausoleum","player_choice":"Opened","floor":21.0,"gold_loss":0.0,"damage_taken":0.0,"relics_obtained":["Ancient Tea Set"],"cards_obtained":["Writhe"]},{"damage_healed":0.0,"max_hp_gain":0.0,"max_hp_loss":0.0,"gold_gain":0.0,"event_name":"Addict","player_choice":"Stole Relic","floor":22.0,"gold_loss":0.0,"damage_taken":0.0,"relics_obtained":["Juzu Bracelet"],"cards_obtained":["Shame"]}],"is_beta":false,"boss_relics":[{"not_picked":["Coffee Dripper","White Beast Statue"],"picked":"Tiny House"}],"items_purged_floors":[],"is_endless":false,"potions_floor_spawned":[1,4,16,18],"killed_by":"Book of Stabbing","ascension_level":8}