{"gold_per_floor":[112,112,62,13,25,25,54,54,54,80,80,107,107,107,107,207,207,222,122,141,60,88,88,115,115,115,115,91,91,124,143,143,247,247,258,258,277,63,63,96,96],"floor_reached":41,"playtime":2501,"items_purged":["Defend_R","Defend_R"],"score":532,"play_id":"4fcc6912-c65d-4db4-8f31-706599789573","local_time":"20190101224108","is_ascension_mode":true,"campfire_choices":[{"data":"Heavy Blade","floor":6,"key":"SMITH"},{"floor":8,"key":"REST"},{"data":"Armaments","floor":11,"key":"SMITH"},{"floor":13,"key":"REST"},{"data":"Limit Break","floor":15,"key":"SMITH"},{"floor":23,"key":"REST"},{"floor":27,"key":"REST"},{"floor":29,"key":"REST"},{"floor":32,"key":"REST"}],"neow_cost":"NONE","seed_source_timestamp":159477412797301,"circlet_count":0,"master_deck":["Bash","Armaments+1","Heavy Blade+1","Armaments","Anger","Shrug It Off","Limit Break+1","Bludgeon","Reckless Charge+1","Havoc+1","Metallicize+1","Clothesline","Shrug It Off","Cleave","Shockwave","Seeing Red+1","True Grit+1","RitualDagger","Cleave","Dropkick+1","Ghostly Armor+1","Dual Wield+1","Madness","Madness","Headbutt","Inflame","Rampage","Pain","Havoc+1"],"relics":["Burning Blood","Odd Mushroom","Pocketwatch","Kunai","Happy Flower","Astrolabe","Red Mask","Bottled Flame","Turnip","Blood Vial","Empty Cage","WarpedTongs","Prayer Wheel"],"potions_floor_usage":[16,16,20,24,31,40,41,41],"damage_taken":[{"damage":4,"enemies":"Jaw Worm","floor":1,"turns":4},{"damage":1,"enemies":"Cultist","floor":5,"turns":3},{"damage":51,"enemies":"The Mushroom Lair","floor":7,"turns":7},{"damage":18,"enemies":"Lagavulin","floor":10,"turns":6},{"damage":20,"enemies":"3 Sentries","floor":12,"turns":9},{"damage":9,"enemies":"Slime Boss","floor":16,"turns":8},{"damage":5,"enemies":"Shell Parasite","floor":18,"turns":4},{"damage":21,"enemies":"3 Byrds","floor":20,"turns":7},{"damage":15,"enemies":"Masked Bandits","floor":22,"turns":5},{"damage":40,"enemies":"Gremlin Leader","floor":24,"turns":6},{"damage":76,"enemies":"Slavers","floor":30,"turns":8},{"damage":10,"enemies":"Centurion and Healer","floor":31,"turns":6},{"damage":44,"enemies":"Automaton","floor":33,"turns":14},{"damage":14,"enemies":"Orb Walker","floor":35,"turns":4},{"damage":3,"enemies":"3 Shapes","floor":37,"turns":4},{"damage":26,"enemies":"Giant Head","floor":40,"turns":7},{"damage":64,"enemies":"Transient","floor":41,"turns":5}],"seed_played":"5785787913941471398","potions_obtained":[{"floor":7,"key":"GamblersBrew"},{"floor":10,"key":"Swift Potion"},{"floor":12,"key":"AttackPotion"},{"floor":20,"key":"Poison Potion"},{"floor":30,"key":"BloodPotion"},{"floor":33,"key":"GamblersBrew"},{"floor":35,"key":"Dexterity Potion"},{"floor":37,"key":"AttackPotion"}],"is_trial":false,"path_per_floor":["M","?","?","$","M","R","?","R","T","E","R","E","R","?","R","B",null,"M","$","M","$","?","R","E","?","T","R","$","R","E","M","R","B",null,"M","?","M","$","?","E","M"],"character_chosen":"IRONCLAD","items_purchased":["Heavy Blade","Shrug It Off","Shockwave","Cleave","Inflame","Rampage"],"campfire_rested":6,"item_purchase_floors":[4,19,21,28,38,38],"current_hp_per_floor":[88,81,81,81,86,86,41,67,67,55,55,41,67,72,72,69,93,93,93,78,78,69,93,59,53,53,80,80,93,23,30,57,21,93,85,73,78,78,78,60,0],"gold":96,"neow_bonus":"TEN_PERCENT_HP_BONUS","is_prod":false,"is_daily":false,"chose_seed":false,"campfire_upgraded":3,"win_rate":0,"timestamp":1546342868,"path_taken":["M","?","?","?","?","R","?","R","T","E","R","E","R","?","R","BOSS","M","$","M","$","?","R","E","?","T","R","?","R","E","M","R","BOSS","M","?","M","$","?","E","?"],"build_version":"2018-12-20","purchased_purges":2,"victory":false,"max_hp_per_floor":[88,88,88,88,88,88,88,88,88,88,88,88,88,93,93,93,93,93,93,93,93,93,93,93,93,93,93,93,93,93,93,93,93,93,93,93,93,93,93,93,93],"card_choices":[{"not_picked":["Warcry","Shrug It Off"],"picked":"Armaments","floor":1},{"not_picked":["Perfected Strike","Sever Soul"],"picked":"Armaments","floor":5},{"not_picked":["Thunderclap","Cleave"],"picked":"Anger","floor":7},{"not_picked":["Feel No Pain","Dual Wield"],"picked":"Shrug It Off","floor":10},{"not_picked":["Shrug It Off","Reckless Charge"],"picked":"Limit Break","floor":12},{"not_picked":["Brutality","Berserk"],"picked":"Bludgeon","floor":16},{"not_picked":["Flex","Sword Boomerang"],"picked":"Clothesline","floor":18},{"not_picked":["Perfected Strike","Burning Pact"],"picked":"Cleave","floor":20},{"not_picked":["Wild Strike","Iron Wave"],"picked":"Seeing Red+1","floor":22},{"not_picked":["Dark Embrace","Havoc"],"picked":"True Grit+1","floor":24},{"not_picked":["Cleave+1","Hemokinesis"],"picked":"Dropkick+1","floor":30},{"not_picked":["Anger","Perfected Strike"],"picked":"Ghostly Armor+1","floor":31},{"not_picked":["Flex+1","Evolve+1"],"picked":"Dual Wield+1","floor":35},{"not_picked":["Wild Strike","Twin Strike+1"],"picked":"Headbutt","floor":37},{"not_picked":["Immolate","Clothesline+1"],"picked":"Havoc+1","floor":40}],"player_experience":380873,"relics_obtained":[{"floor":7,"key":"Odd Mushroom"},{"floor":9,"key":"Pocketwatch"},{"floor":10,"key":"Kunai"},{"floor":12,"key":"Happy Flower"},{"floor":22,"key":"Red Mask"},{"floor":24,"key":"Bottled Flame"},{"floor":26,"key":"Turnip"},{"floor":30,"key":"Blood Vial"},{"floor":40,"key":"Prayer Wheel"}],"event_choices":[{"cards_removed":["Strike_R"],"damage_healed":0,"gold_gain":0,"player_choice":"Card Removal","damage_taken":7,"max_hp_gain":0,"max_hp_loss":0,"event_name":"Golden Wing","floor":2,"gold_loss":0},{"cards_removed":["Strike_R"],"damage_healed":0,"gold_gain":0,"player_choice":"Card Removal","damage_taken":0,"max_hp_gain":0,"max_hp_loss":0,"event_name":"The Cleric","floor":3,"gold_loss":50},{"damage_healed":0,"gold_gain":0,"player_choice":"Fought Mushrooms","damage_taken":0,"max_hp_gain":0,"max_hp_loss":0,"event_name":"Mushrooms","floor":7,"gold_loss":0},{"damage_healed":0,"gold_gain":0,"player_choice":"Donut","damage_taken":0,"max_hp_gain":5,"max_hp_loss":0,"event_name":"Big Fish","floor":14,"gold_loss":0},{"damage_healed":0,"gold_gain":0,"player_choice":"Fought Bandits","damage_taken":0,"max_hp_gain":0,"max_hp_loss":0,"event_name":"Masked Bandits","floor":22,"gold_loss":0},{"damage_healed":0,"gold_gain":0,"player_choice":"Joined the Cult","damage_taken":6,"max_hp_gain":0,"max_hp_loss":0,"event_name":"Nest","floor":25,"gold_loss":0,"cards_obtained":["RitualDagger"]},{"damage_healed":0,"gold_gain":0,"player_choice":"Embrace Madness","damage_taken":12,"max_hp_gain":0,"max_hp_loss":0,"event_name":"Winding Halls","floor":36,"gold_loss":0,"cards_obtained":["Madness","Madness"]},{"damage_healed":0,"gold_gain":0,"player_choice":"Rummage","damage_taken":0,"relics_obtained":["WarpedTongs"],"max_hp_gain":0,"max_hp_loss":0,"event_name":"Accursed Blacksmith","floor":39,"gold_loss":0,"cards_obtained":["Pain"]}],"is_beta":false,"boss_relics":[{"not_picked":["Eternal Feather","Ectoplasm"],"picked":"Astrolabe"},{"not_picked":["Snecko Eye","Velvet Choker"],"picked":"Empty Cage"}],"items_purged_floors":[19,38],"is_endless":false,"potions_floor_spawned":[7,10,12,20,30,33,35,37],"killed_by":"Transient","ascension_level":2}