{"gold_per_floor":[110,128,128,138,63,91,91,101,101,116,191,226,226,257,257,257],"floor_reached":16,"playtime":1532,"items_purged":["Defend_R"],"score":126,"play_id":"c49837e1-4159-46f1-b086-ea19dc48175c","local_time":"20190802014927","is_ascension_mode":true,"campfire_choices":[{"floor":7,"key":"RECALL"},{"data":"Armaments","floor":13,"key":"SMITH"},{"floor":15,"key":"REST"}],"neow_cost":"NONE","seed_source_timestamp":538675871223951,"circlet_count":0,"master_deck":["Strike_R","Strike_R","Strike_R","Strike_R","Strike_R","Defend_R","Defend_R","Defend_R","Bash","Pommel Strike","Spot Weakness","Shrug It Off","Iron Wave","Armaments+1","Body Slam","Offering"],"relics":["Burning Blood","Meat on the Bone","Mummified Hand","Gambling Chip","Ancient Tea Set"],"potions_floor_usage":[14,16,16],"damage_taken":[{"damage":5,"enemies":"2 Louse","floor":1,"turns":3},{"damage":5,"enemies":"Jaw Worm","floor":2,"turns":4},{"damage":0,"enemies":"Small Slimes","floor":4,"turns":4},{"damage":35,"enemies":"Lagavulin","floor":6,"turns":7},{"damage":7,"enemies":"Exordium Thugs","floor":8,"turns":4},{"damage":0,"enemies":"Large Slime","floor":10,"turns":4},{"damage":31,"enemies":"3 Sentries","floor":12,"turns":8},{"damage":22,"enemies":"Gremlin Nob","floor":14,"turns":4},{"damage":65,"enemies":"The Guardian","floor":16,"turns":12}],"seed_played":"-7669125394634316581","potions_obtained":[{"floor":2,"key":"Swift Potion"},{"floor":4,"key":"GamblersBrew"},{"floor":12,"key":"SkillPotion"}],"is_trial":false,"path_per_floor":["M","M","?","M","$","E","R","M","T","M","?","E","R","E","R","B"],"character_chosen":"IRONCLAD","items_purchased":[],"campfire_rested":1,"item_purchase_floors":[],"current_hp_per_floor":[88,88,85,88,88,59,59,58,58,64,53,40,40,36,62,0],"gold":257,"neow_bonus":"TEN_PERCENT_HP_BONUS","is_prod":false,"is_daily":false,"chose_seed":false,"campfire_upgraded":1,"win_rate":0,"timestamp":1564703367,"path_taken":["M","M","?","M","$","E","R","M","T","M","?","E","R","E","R","BOSS"],"build_version":"2019-07-17","purchased_purges":1,"victory":false,"max_hp_per_floor":[88,88,88,88,88,88,88,88,88,88,88,88,88,88,88,88],"card_choices":[{"not_picked":["Evolve","Blood for Blood"],"picked":"Pommel Strike","floor":1},{"not_picked":["Anger","Thunderclap"],"picked":"Spot Weakness","floor":2},{"not_picked":["Havoc","Iron Wave"],"picked":"Shrug It Off","floor":4},{"not_picked":["Flame Barrier","Thunderclap"],"picked":"Iron Wave","floor":6},{"not_picked":["Thunderclap","Burning Pact"],"picked":"Armaments","floor":8},{"not_picked":["Anger","Infernal Blade"],"picked":"Body Slam","floor":10},{"not_picked":["Iron Wave","Shockwave","Sentinel"],"picked":"SKIP","floor":12},{"not_picked":["Combust","Barricade"],"picked":"Offering","floor":14}],"player_experience":124447,"relics_obtained":[{"floor":6,"key":"Mummified Hand"},{"floor":12,"key":"Gambling Chip"},{"floor":14,"key":"Ancient Tea Set"}],"event_choices":[{"damage_healed":0,"gold_gain":0,"player_choice":"Success","damage_taken":3,"relics_obtained":["Meat on the Bone"],"max_hp_gain":0,"max_hp_loss":0,"event_name":"Scrap Ooze","floor":3,"gold_loss":0},{"damage_healed":0,"gold_gain":75,"player_choice":"Gather Gold","damage_taken":11,"max_hp_gain":0,"max_hp_loss":0,"event_name":"World of Goop","floor":11,"gold_loss":0}],"is_beta":false,"boss_relics":[],"items_purged_floors":[5],"is_endless":false,"potions_floor_spawned":[2,4,12],"killed_by":"The Guardian","ascension_level":1}