{"gold_per_floor":[113,131,131,131,131,165,165,165,165,176,176,211,223,258,270,358,370,396,13,23,73,90,90,120,120,147,159,159],"floor_reached":28,"playtime":777,"items_purged":["Strike_B"],"score":562,"play_id":"d4ca7463-ed1a-469f-a073-adbe7a26595e","local_time":"20190525012234","is_ascension_mode":true,"campfire_choices":[{"data":"Streamline","floor":7.0,"key":"SMITH"},{"data":"Zap","floor":11.0,"key":"SMITH"},{"data":"Capacitor","floor":15.0,"key":"SMITH"},{"data":"Apotheosis","floor":23.0,"key":"SMITH"},{"data":"Skim","floor":25.0,"key":"SMITH"}],"neow_cost":"NONE","seed_source_timestamp":310804279721198,"circlet_count":0,"master_deck":["AscendersBane","Strike_B","Strike_B+1","Defend_B+1","Defend_B+1","Defend_B","Defend_B","Zap+1","Dualcast+1","Streamline+1","Reboot","Biased Cognition","Capacitor+1","Heatsinks","Apotheosis+1","Loop","Turbo","Skim+1","Self Repair+1","Storm","Undo"],"special_seed":0,"relics":["Cracked Core","NeowsBlessing","PreservedInsect","War Paint","Meat on the Bone","Letter Opener","MawBank","Coffee Dripper","Potion Belt","Pen Nib"],"potions_floor_usage":[],"damage_taken":[{"damage":0.0,"enemies":"2 Louse","floor":1.0,"turns":1.0},{"damage":0.0,"enemies":"Small Slimes","floor":2.0,"turns":1.0},{"damage":0.0,"enemies":"Lagavulin","floor":6.0,"turns":1.0},{"damage":0.0,"enemies":"Cultist","floor":10.0,"turns":3.0},{"damage":20.0,"enemies":"3 Sentries","floor":12.0,"turns":5.0},{"damage":12.0,"enemies":"Large Slime","floor":13.0,"turns":4.0},{"damage":4.0,"enemies":"Lagavulin","floor":14.0,"turns":4.0},{"damage":19.0,"enemies":"The Guardian","floor":16.0,"turns":10.0},{"damage":2.0,"enemies":"Chosen","floor":18.0,"turns":3.0},{"damage":17.0,"enemies":"Shell Parasite","floor":20.0,"turns":4.0},{"damage":15.0,"enemies":"Snake Plant","floor":22.0,"turns":3.0},{"damage":33.0,"enemies":"Slavers","floor":24.0,"turns":3.0},{"damage":11.0,"enemies":"3 Cultists","floor":27.0,"turns":4.0},{"damage":48,"enemies":"Gremlin Leader","floor":28,"turns":2}],"seed_played":"-8941615127343686473","potions_obtained":[{"floor":2.0,"key":"FearPotion"},{"floor":10.0,"key":"LiquidBronze"},{"floor":22.0,"key":"FocusPotion"}],"is_trial":false,"path_per_floor":["M","M","?","?","?","E","R","?","T","M","R","E","M","E","R","B",null,"M","$","M","?","M","R","E","R","T","M","E"],"character_chosen":"DEFECT","items_purchased":["Apotheosis","Loop","Turbo"],"campfire_rested":0,"item_purchase_floors":[19,19,19],"current_hp_per_floor":[64,64,46,69,62,62,62,41,41,41,41,33,33,41,41,34,62,60,60,43,43,40,40,29,29,29,40,0],"gold":159,"neow_bonus":"THREE_ENEMY_KILL","is_prod":false,"is_daily":false,"chose_seed":false,"campfire_upgraded":5,"win_rate":0,"timestamp":1558718554,"path_taken":["M","M","?","?","?","E","R","?","T","M","R","E","M","E","R","BOSS","M","$","M","?","M","R","E","R","T","M","E"],"build_version":"2019-01-23","purchased_purges":1,"victory":false,"max_hp_per_floor":[71,71,71,71,71,71,71,71,71,71,71,71,71,71,71,71,71,71,71,71,71,71,71,71,71,71,71,71],"card_choices":[{"not_picked":["Static Discharge","Hologram"],"picked":"Streamline","floor":1.0},{"not_picked":["Rebound","Go for the Eyes","Force Field"],"picked":"SKIP","floor":2.0},{"not_picked":["Darkness","Force Field","Stack"],"picked":"SKIP","floor":6.0},{"not_picked":["Barrage","Leap"],"picked":"Reboot","floor":10.0},{"not_picked":["Chill","Static Discharge"],"picked":"Biased Cognition","floor":12.0},{"not_picked":["Redo","Recycle"],"picked":"Capacitor","floor":13.0},{"not_picked":["Gash","Steam","BootSequence"],"picked":"SKIP","floor":14.0},{"not_picked":["Lockon","Beam Cell+1"],"picked":"Heatsinks","floor":18.0},{"not_picked":["Scrape","Consume"],"picked":"Skim","floor":20.0},{"not_picked":["Beam Cell","Stack"],"picked":"Self Repair+1","floor":22.0},{"not_picked":["Beam Cell","Turbo+1"],"picked":"Storm","floor":24.0},{"not_picked":["Consume","Rainbow"],"picked":"Undo","floor":27.0}],"player_experience":945943,"relics_obtained":[{"floor":6.0,"key":"War Paint"},{"floor":9.0,"key":"Meat on the Bone"},{"floor":12.0,"key":"Letter Opener"},{"floor":14.0,"key":"MawBank"},{"floor":24.0,"key":"Potion Belt"},{"floor":26.0,"key":"Pen Nib"}],"event_choices":[{"damage_healed":0.0,"max_hp_gain":0.0,"max_hp_loss":0.0,"gold_gain":0.0,"event_name":"Scrap Ooze","player_choice":"Success","floor":3.0,"gold_loss":0.0,"damage_taken":18.0,"relics_obtained":["PreservedInsect"]},{"damage_healed":23.0,"max_hp_gain":0.0,"max_hp_loss":0.0,"gold_gain":0.0,"event_name":"Big Fish","player_choice":"Banana","floor":4.0,"gold_loss":0.0,"damage_taken":0.0},{"cards_removed":["Strike_B"],"damage_healed":0.0,"max_hp_gain":0.0,"max_hp_loss":0.0,"gold_gain":0.0,"event_name":"Golden Wing","player_choice":"Card Removal","floor":5.0,"gold_loss":0.0,"damage_taken":7.0},{"damage_healed":0.0,"max_hp_gain":0.0,"max_hp_loss":0.0,"gold_gain":0.0,"event_name":"Shining Light","player_choice":"Entered Light","floor":8.0,"gold_loss":0.0,"damage_taken":21.0,"cards_upgraded":["Defend_B","Strike_B"]},{"damage_healed":0.0,"max_hp_gain":0.0,"max_hp_loss":0.0,"gold_gain":50.0,"event_name":"Nest","player_choice":"Stole From Cult","floor":21.0,"gold_loss":0.0,"damage_taken":0.0}],"is_beta":false,"boss_relics":[{"not_picked":["Tiny House","Sozu"],"picked":"Coffee Dripper"}],"items_purged_floors":[19],"is_endless":false,"potions_floor_spawned":[2,10,12,14,22],"killed_by":"Gremlin Leader","ascension_level":20}