{"gold_per_floor":[117,136,13,30,30,30,30,30,99,109,109,127,140,155,155],"floor_reached":15,"playtime":224,"items_purged":["Strike_R"],"score":89,"play_id":"08992bb2-01a0-4347-9af1-f824748162ad","local_time":"20190708101309","is_ascension_mode":false,"campfire_choices":[{"data":"Sword Boomerang","floor":6,"key":"SMITH"},{"data":"Second Wind","floor":11,"key":"SMITH"}],"neow_cost":"NONE","seed_source_timestamp":388545450498175,"circlet_count":0,"master_deck":["Strike_R","Strike_R","Strike_R+1","Strike_R+1","Defend_R","Defend_R","Defend_R","Defend_R","Bash","Sword Boomerang+1","Second Wind+1","Shrug It Off"],"relics":["Burning Blood","NeowsBlessing","Orichalcum","Dodecahedron"],"potions_floor_usage":[],"damage_taken":[{"damage":0,"enemies":"2 Louse","floor":1,"turns":1},{"damage":0,"enemies":"Jaw Worm","floor":2,"turns":1},{"damage":0,"enemies":"Cultist","floor":4,"turns":1},{"damage":10,"enemies":"3 Louse","floor":10,"turns":4},{"damage":6,"enemies":"Blue Slaver","floor":12,"turns":2},{"damage":4,"enemies":"Exordium Wildlife","floor":13,"turns":4},{"damage":9,"enemies":"Lots of Slimes","floor":14,"turns":4}],"seed_played":"-6882118839698356995","potions_obtained":[{"floor":4,"key":"PowerPotion"},{"floor":10,"key":"FearPotion"},{"floor":13,"key":"SpeedPotion"}],"is_trial":false,"path_per_floor":["M","M","$","M","?","R","?","T","T","M","R","M","M","M","R"],"character_chosen":"IRONCLAD","items_purchased":["Sword Boomerang"],"campfire_rested":0,"item_purchase_floors":[3],"current_hp_per_floor":[80,80,80,80,64,64,64,64,64,60,60,60,62,59,59],"gold":155,"neow_bonus":"THREE_ENEMY_KILL","is_prod":false,"is_daily":false,"chose_seed":false,"campfire_upgraded":2,"win_rate":0,"timestamp":1562551989,"path_taken":["M","M","$","M","?","R","?","?","T","M","R","M","M","M","R"],"build_version":"2019-07-05","purchased_purges":1,"victory":false,"max_hp_per_floor":[80,80,80,80,80,80,80,80,80,80,80,80,80,80,80],"card_choices":[{"not_picked":["Wild Strike","Heavy Blade","Havoc"],"picked":"SKIP","floor":1},{"not_picked":["Combust","Cleave","Clash"],"picked":"SKIP","floor":2},{"not_picked":["Anger","Body Slam","Twin Strike"],"picked":"SKIP","floor":4},{"not_picked":["Clash","Warcry"],"picked":"Second Wind","floor":10},{"not_picked":["Twin Strike","Sentinel","Havoc"],"picked":"SKIP","floor":12},{"not_picked":["Combust","Sentinel"],"picked":"Shrug It Off","floor":13},{"not_picked":["Thunderclap","Anger","Havoc"],"picked":"SKIP","floor":14}],"player_experience":1060531,"relics_obtained":[{"floor":8,"key":"Orichalcum"},{"floor":9,"key":"Dodecahedron"}],"event_choices":[{"damage_healed":0,"gold_gain":0,"player_choice":"Entered Light","damage_taken":16,"max_hp_gain":0,"max_hp_loss":0,"event_name":"Shining Light","floor":5,"gold_loss":0,"cards_upgraded":["Strike_R","Strike_R"]},{"damage_healed":0,"gold_gain":0,"player_choice":"Ignored","damage_taken":0,"max_hp_gain":0,"max_hp_loss":0,"event_name":"Liars Game","floor":7,"gold_loss":0}],"is_beta":false,"boss_relics":[],"items_purged_floors":[3],"is_endless":false,"potions_floor_spawned":[4,10,13],"ascension_level":0}