{"gold_per_floor":[115,115,115,133,145,145,171,246,246,266,33,33,61,71,71,175,175,192,205,205,215,46,81,81,106,106,106,116,116,216,315,315,413,413,432,532,549,566,579,604,604,937,961,975,995,995,1006,1006,1006,1006,1006,1006,66,100,100],"floor_reached":56,"playtime":7097,"items_purged":["Strike_G","Normality","Doubt"],"score":1410,"play_id":"bfbc887b-41a2-447c-b2ce-472605d4914f","local_time":"20190731211811","is_ascension_mode":true,"campfire_choices":[{"data":"Quick Slash","floor":6.0,"key":"SMITH"},{"data":"Footwork","floor":15.0,"key":"SMITH"},{"data":"Outmaneuver","floor":24.0,"key":"SMITH"},{"data":"Footwork","floor":32.0,"key":"SMITH"},{"data":"A Thousand Cuts","floor":41,"key":"SMITH"},{"data":"Burst","floor":46,"key":"SMITH"},{"floor":49,"key":"RECALL"},{"data":"Infinite Blades","floor":52,"key":"SMITH"}],"neow_cost":"NONE","seed_source_timestamp":1808334588063300,"circlet_count":0,"master_deck":["Defend_G","Defend_G","Defend_G","Defend_G","Defend_G","Survivor","Neutralize+1","Flying Knee","Quick Slash+1","Outmaneuver+1","Backflip","Blur","Terror","Purity","Quick Slash","Footwork+1","Malaise","Injury","Masterful Stab","Dodge and Roll","Neutralize","All Out Attack+1","Malaise","Burst+1","Infinite Blades+1","Footwork+1","Writhe","Backflip+1","A Thousand Cuts+1","Expertise+1","A Thousand Cuts+1","Adrenaline+1","Flechettes+1","Skewer+1","Backflip+1","Escape Plan","Heel Hook+1","Finisher+1","Distraction+1","Good Instincts","Panacea","Good Instincts","Infinite Blades","Finesse","Expertise+1"],"special_seed":0,"relics":["Ring of the Snake","Bronze Scales","Gremlin Horn","Pen Nib","Calling Bell","Happy Flower","Matryoshka","Thread and Needle","PreservedInsect","Boot","Ornamental Fan","Torii","Pocketwatch","Bottled Tornado","Astrolabe","Nunchaku","Bird Faced Urn","Old Coin","Lantern","Dream Catcher","Paper Crane","ClockworkSouvenir","Bag of Preparation","Sundial"],"potions_floor_usage":[42,50,55,55,55],"damage_taken":[{"damage":0.0,"enemies":"Small Slimes","floor":1.0,"turns":3.0},{"damage":0.0,"enemies":"2 Louse","floor":4.0,"turns":3.0},{"damage":0.0,"enemies":"Cultist","floor":5.0,"turns":3.0},{"damage":10.0,"enemies":"Gremlin Nob","floor":7.0,"turns":4.0},{"damage":0.0,"enemies":"Gremlin Gang","floor":10.0,"turns":4.0},{"damage":7.0,"enemies":"3 Sentries","floor":13.0,"turns":11.0},{"damage":0.0,"enemies":"Blue Slaver","floor":14.0,"turns":4.0},{"damage":0.0,"enemies":"Hexaghost","floor":16.0,"turns":9.0},{"damage":4.0,"enemies":"Spheric Guardian","floor":18.0,"turns":6.0},{"damage":0.0,"enemies":"Chosen","floor":19.0,"turns":8.0},{"damage":0.0,"enemies":"Shelled Parasite and Fungi","floor":21.0,"turns":6.0},{"damage":30.0,"enemies":"Gremlin Leader","floor":23.0,"turns":8.0},{"damage":0.0,"enemies":"Book of Stabbing","floor":25.0,"turns":6.0},{"damage":0.0,"enemies":"Snake Plant","floor":28.0,"turns":6.0},{"damage":0.0,"enemies":"Colosseum Slavers","floor":30.0,"turns":4.0},{"damage":7.0,"enemies":"Colosseum Nobs","floor":30.0,"turns":3.0},{"damage":3.0,"enemies":"Champ","floor":33.0,"turns":25.0},{"damage":0.0,"enemies":"Orb Walker","floor":35.0,"turns":4.0},{"damage":0.0,"enemies":"Mind Bloom Boss Battle","floor":36.0,"turns":8.0},{"damage":0.0,"enemies":"3 Shapes","floor":37.0,"turns":5.0},{"damage":0.0,"enemies":"3 Darklings","floor":38.0,"turns":5.0},{"damage":0,"enemies":"Spire Growth","floor":39,"turns":6},{"damage":0,"enemies":"Giant Head","floor":40,"turns":8},{"damage":0,"enemies":"Reptomancer","floor":42,"turns":5},{"damage":0,"enemies":"Jaw Worm Horde","floor":44,"turns":3},{"damage":0,"enemies":"Transient","floor":45,"turns":5},{"damage":1,"enemies":"3 Darklings","floor":47,"turns":4},{"damage":17,"enemies":"Donu and Deca","floor":50,"turns":10},{"damage":1,"enemies":"Shield and Spear","floor":54,"turns":5},{"damage":28,"enemies":"The Heart","floor":55,"turns":9}],"seed_played":"5828369845503786172","potions_obtained":[{"floor":10.0,"key":"SteroidPotion"},{"floor":12.0,"key":"Fire Potion"},{"floor":12.0,"key":"Block Potion"},{"floor":12.0,"key":"Strength Potion"},{"floor":13.0,"key":"PowerPotion"},{"floor":16.0,"key":"GamblersBrew"},{"floor":23.0,"key":"Energy Potion"},{"floor":35.0,"key":"SkillPotion"},{"floor":36.0,"key":"Strength Potion"},{"floor":42,"key":"SteroidPotion"}],"is_trial":false,"path_per_floor":["M","?","?","M","M","R","E","?","T","M","$","?","E","M","R","B",null,"M","M","?","M","$","E","R","E","T","?","M","?","?","?","R","B",null,"M","?","M","M","M","E","R","E","T","M","M","R","M","?","R","B",null,"R","$","E","B",null],"character_chosen":"THE_SILENT","items_purchased":["Terror","Purity","Malaise","Infinite Blades","Finesse","Paper Crane","ClockworkSouvenir","Bag of Preparation","SpeedPotion"],"campfire_rested":0,"item_purchase_floors":[11,11,22,53,53,53,53,53,53],"current_hp_per_floor":[70,63,63,63,63,63,53,42,42,42,42,42,35,35,35,35,70,66,66,66,66,66,36,36,36,36,36,36,36,29,29,29,26,70,70,70,70,70,70,70,70,70,70,70,70,70,70,60,60,53,70,70,70,70,49],"gold":100,"neow_bonus":"UPGRADE_CARD","is_prod":false,"is_daily":false,"chose_seed":false,"campfire_upgraded":7,"win_rate":1,"timestamp":1564629491,"path_taken":["M","?","?","M","M","R","E","?","T","M","$","?","E","M","R","BOSS","M","M","?","?","$","E","R","E","T","?","M","?","?","?","R","BOSS","M","?","M","M","M","E","R","E","T","M","M","R","M","?","R","BOSS","R","$","E","BOSS"],"build_version":"2019-07-18","purchased_purges":3,"victory":true,"max_hp_per_floor":[70,70,70,70,70,70,70,70,70,70,70,70,70,70,70,70,70,70,70,70,70,70,70,70,70,70,70,70,70,70,70,70,70,70,70,70,70,70,70,70,70,70,70,70,70,70,70,70,70,70,70,70,70,70,70],"card_choices":[{"not_picked":["Sucker Punch","PiercingWail"],"picked":"Flying Knee","floor":1.0},{"not_picked":["Prepared","Bane"],"picked":"Quick Slash","floor":4.0},{"not_picked":["Deadly Poison","Choke"],"picked":"Outmaneuver","floor":5.0},{"not_picked":["Poisoned Stab","Blade Dance"],"picked":"Backflip","floor":7.0},{"not_picked":["Quick Slash","Venomology"],"picked":"Blur","floor":10.0},{"not_picked":["Endless Agony","Escape Plan"],"picked":"Quick Slash","floor":13.0},{"not_picked":["Quick Slash","Bane"],"picked":"Footwork","floor":14.0},{"not_picked":["Tools of the Trade","Adrenaline"],"picked":"Malaise","floor":16.0},{"not_picked":["PiercingWail","Deadly Poison"],"picked":"Masterful Stab","floor":18.0},{"not_picked":["Blur","Caltrops"],"picked":"Dodge and Roll","floor":19.0},{"not_picked":["Eviscerate","Poisoned Stab"],"picked":"All Out Attack+1","floor":21.0},{"not_picked":["Reflex+1","Backflip"],"picked":"Burst","floor":23.0},{"not_picked":["Blade Dance","Underhanded Strike+1"],"picked":"Infinite Blades","floor":25.0},{"not_picked":["Slice+1","Bouncing Flask","Terror"],"picked":"SKIP","floor":28.0},{"not_picked":["Dagger Throw","Bouncing Flask"],"picked":"Backflip+1","floor":30.0},{"not_picked":["Malaise","Bullet Time"],"picked":"A Thousand Cuts","floor":33.0},{"not_picked":["Sucker Punch+1","Reflex+1"],"picked":"Flechettes+1","floor":35.0},{"not_picked":["Prepared","Outmaneuver"],"picked":"Skewer+1","floor":36.0},{"not_picked":["Deadly Poison","Bane","Sucker Punch+1"],"picked":"SKIP","floor":37.0},{"not_picked":["Underhanded Strike","Glass Knife"],"picked":"Backflip+1","floor":38.0},{"not_picked":["Skewer","Bane+1"],"picked":"Escape Plan","floor":39},{"not_picked":["Poisoned Stab+1","Sucker Punch+1"],"picked":"Heel Hook+1","floor":40},{"not_picked":["Blade Dance","Dodge and Roll","Prepared+1"],"picked":"SKIP","floor":42},{"not_picked":["Sucker Punch","Corpse Explosion","Underhanded Strike+1"],"picked":"SKIP","floor":44},{"not_picked":["Sucker Punch","Corpse Explosion","Underhanded Strike+1"],"picked":"SKIP","floor":44},{"not_picked":["Backflip","Blade Dance"],"picked":"Finisher+1","floor":45},{"not_picked":["Dagger Throw","Tactician+1"],"picked":"Distraction+1","floor":47},{"not_picked":["Mind Blast","HandOfGreed"],"picked":"Good Instincts","floor":48},{"not_picked":["The Bomb","Forethought"],"picked":"Panacea","floor":48},{"not_picked":["Swift Strike","Mind Blast"],"picked":"Good Instincts","floor":48},{"not_picked":["Predator","Distraction+1"],"picked":"Expertise+1","floor":54}],"player_experience":20454,"relics_obtained":[{"floor":7.0,"key":"Bronze Scales"},{"floor":9.0,"key":"Gremlin Horn"},{"floor":13.0,"key":"Pen Nib"},{"floor":17.0,"key":"Happy Flower"},{"floor":17.0,"key":"Matryoshka"},{"floor":17.0,"key":"Thread and Needle"},{"floor":23.0,"key":"PreservedInsect"},{"floor":25.0,"key":"Boot"},{"floor":26.0,"key":"Ornamental Fan"},{"floor":30.0,"key":"Pocketwatch"},{"floor":30.0,"key":"Bottled Tornado"},{"floor":36.0,"key":"Nunchaku"},{"floor":40,"key":"Bird Faced Urn"},{"floor":42,"key":"Old Coin"},{"floor":43,"key":"Lantern"},{"floor":43,"key":"Dream Catcher"},{"floor":54,"key":"Sundial"}],"event_choices":[{"cards_removed":["Strike_G"],"damage_healed":0.0,"max_hp_gain":0.0,"max_hp_loss":0.0,"gold_gain":0.0,"event_name":"Golden Wing","player_choice":"Card Removal","floor":2.0,"gold_loss":0.0,"damage_taken":7.0},{"damage_healed":0.0,"max_hp_gain":0.0,"max_hp_loss":0.0,"gold_gain":0.0,"event_name":"Liars Game","player_choice":"Ignored","floor":3.0,"gold_loss":0.0,"damage_taken":0.0},{"damage_healed":0.0,"max_hp_gain":0.0,"max_hp_loss":0.0,"gold_gain":75.0,"event_name":"World of Goop","player_choice":"Gather Gold","floor":8.0,"gold_loss":0.0,"damage_taken":11.0},{"damage_healed":0.0,"max_hp_gain":0.0,"max_hp_loss":0.0,"gold_gain":0.0,"event_name":"Lab","player_choice":"Got Potions","floor":12.0,"gold_loss":0.0,"damage_taken":0.0},{"damage_healed":0.0,"max_hp_gain":0.0,"max_hp_loss":0.0,"gold_gain":0.0,"event_name":"Match and Keep!","player_choice":"1 cards matched","floor":20.0,"gold_loss":0.0,"damage_taken":0.0,"cards_obtained":["Neutralize"]},{"damage_healed":0.0,"max_hp_gain":0.0,"max_hp_loss":0.0,"gold_gain":0.0,"event_name":"The Library","player_choice":"Read","floor":27.0,"gold_loss":0.0,"damage_taken":0.0,"cards_obtained":["Footwork"]},{"damage_healed":0.0,"max_hp_gain":0.0,"max_hp_loss":0.0,"gold_gain":0.0,"event_name":"The Mausoleum","player_choice":"Opened","floor":29.0,"gold_loss":0.0,"damage_taken":0.0,"relics_obtained":["Torii"],"cards_obtained":["Writhe"]},{"damage_healed":0.0,"max_hp_gain":0.0,"max_hp_loss":0.0,"gold_gain":0.0,"event_name":"Colosseum","player_choice":"Fight","floor":30.0,"gold_loss":0.0,"damage_taken":0.0},{"damage_healed":0.0,"max_hp_gain":0.0,"max_hp_loss":0.0,"gold_gain":0.0,"event_name":"Colosseum","player_choice":"Fought Nobs","floor":30.0,"gold_loss":0.0,"damage_taken":0.0},{"damage_healed":0.0,"max_hp_gain":0.0,"max_hp_loss":0.0,"gold_gain":99.0,"event_name":"Nest","player_choice":"Stole From Cult","floor":31.0,"gold_loss":0.0,"damage_taken":0.0},{"damage_healed":0.0,"max_hp_gain":0.0,"max_hp_loss":0.0,"gold_gain":0.0,"event_name":"MindBloom","player_choice":"Fight","floor":36.0,"gold_loss":0.0,"damage_taken":0.0},{"damage_healed":0,"gold_gain":0,"player_choice":"Memory 3","damage_taken":10,"max_hp_gain":0,"max_hp_loss":0,"event_name":"SensoryStone","floor":48,"gold_loss":0}],"is_beta":true,"boss_relics":[{"not_picked":["Orrery","Philosopher\u0027s Stone"],"picked":"Calling Bell"},{"not_picked":["HoveringKite","Lizard Tail"],"picked":"Astrolabe"}],"items_purged_floors":[11,22,53],"is_endless":false,"potions_floor_spawned":[10,13,16,18,23,28,30,35,36,42,44],"ascension_level":1}