{"gold_per_floor":[110,110,124,124,78,78,111,111,111,111,144,154,186,203,203,306,306,316,140,160,59,76,111,161],"floor_reached":24,"playtime":1550,"items_purged":[],"score":298,"play_id":"ae35af5e-c13c-4cb1-a69e-2e2340058221","local_time":"20190123181220","is_ascension_mode":true,"campfire_choices":[{"floor":6.0,"key":"REST"},{"data":"Cold Snap","floor":10.0,"key":"SMITH"},{"floor":15.0,"key":"REST"}],"neow_cost":"NONE","seed_source_timestamp":119683815323406,"circlet_count":0,"master_deck":["Strike_B","Strike_B","Strike_B","Defend_B","Defend_B","Defend_B","Defend_B","Zap","Dualcast","Coolheaded","Streamline","Turbo","Cold Snap+1","Reinforced Body","Go for the Eyes","Aggregate","Conserve Battery","Meteor Strike","Steam","Redo","Stack","White Noise","Coolheaded","Sunder","Echo Form","Force Field","Ball Lightning","Defragment","Enlightenment","White Noise+1"],"special_seed":0,"relics":["Cracked Core","NeowsBlessing","Darkstone Periapt","Potion Belt","SsserpentHead","Vajra","Lantern","Orichalcum","Orrery","Toxic Egg 2"],"potions_floor_usage":[24],"damage_taken":[{"damage":0.0,"enemies":"Small Slimes","floor":1.0,"turns":1.0},{"damage":0.0,"enemies":"2 Louse","floor":3.0,"turns":1.0},{"damage":0.0,"enemies":"Lagavulin","floor":7.0,"turns":1.0},{"damage":25.0,"enemies":"Gremlin Nob","floor":11.0,"turns":4.0},{"damage":0.0,"enemies":"Cultist","floor":12.0,"turns":3.0},{"damage":8.0,"enemies":"3 Sentries","floor":13.0,"turns":8.0},{"damage":0.0,"enemies":"Gremlin Gang","floor":14.0,"turns":4.0},{"damage":41.0,"enemies":"The Guardian","floor":16.0,"turns":15.0},{"damage":9.0,"enemies":"Shell Parasite","floor":18.0,"turns":12.0},{"damage":17.0,"enemies":"Chosen","floor":20.0,"turns":7.0},{"damage":34.0,"enemies":"3 Cultists","floor":22.0,"turns":6.0},{"damage":18.0,"enemies":"Book of Stabbing","floor":23.0,"turns":7.0},{"damage":14,"enemies":"Chosen and Byrds","floor":24,"turns":6}],"seed_played":"3147622082501275746","potions_obtained":[{"floor":3.0,"key":"Fire Potion"},{"floor":7.0,"key":"Regen Potion"},{"floor":13.0,"key":"Strength Potion"},{"floor":16.0,"key":"LiquidBronze"},{"floor":22.0,"key":"SteroidPotion"},{"floor":23.0,"key":"EssenceOfSteel"}],"is_trial":false,"path_per_floor":["M","?","M","?","$","R","E","?","T","R","E","M","E","M","R","B",null,"M","$","M","$","M","E","M"],"character_chosen":"DEFECT","items_purchased":["Turbo","Echo Form","Force Field","Defragment","Enlightenment"],"campfire_rested":2,"item_purchase_floors":[5,19,19,21,21],"current_hp_per_floor":[75,68,68,61,61,75,75,75,75,75,50,50,42,42,64,23,75,66,66,49,49,29,11,0],"gold":161,"neow_bonus":"THREE_ENEMY_KILL","is_prod":false,"is_daily":false,"chose_seed":false,"campfire_upgraded":1,"win_rate":0,"timestamp":1548227540,"path_taken":["M","?","M","?","$","R","E","?","T","R","E","M","E","M","R","BOSS","M","$","M","?","M","E","?"],"build_version":"2019-01-17v2","purchased_purges":0,"victory":false,"max_hp_per_floor":[75,75,75,75,75,75,75,75,75,75,75,75,75,75,75,75,75,75,75,75,75,75,75,75],"card_choices":[{"not_picked":["Leap","Hologram"],"picked":"Coolheaded","floor":1.0},{"not_picked":["Sweeping Beam","Self Repair"],"picked":"Streamline","floor":3.0},{"not_picked":["Conserve Battery","Streamline"],"picked":"Cold Snap","floor":7.0},{"not_picked":["Steam Power","Recycle"],"picked":"Reinforced Body","floor":11.0},{"not_picked":["Fusion","Compile Driver"],"picked":"Go for the Eyes","floor":12.0},{"not_picked":["Multi-Cast","Beam Cell"],"picked":"Aggregate","floor":13.0},{"not_picked":["Stack","Storm"],"picked":"Conserve Battery","floor":14.0},{"not_picked":["Thunder Strike","Core Surge"],"picked":"Meteor Strike","floor":16.0},{"not_picked":["Darkness","Heatsinks"],"picked":"Steam","floor":17.0},{"not_picked":["Gash","Compile Driver"],"picked":"Redo","floor":17.0},{"not_picked":["Coolheaded","Barrage"],"picked":"Stack","floor":17.0},{"not_picked":["Compile Driver","Aggregate"],"picked":"White Noise","floor":17.0},{"not_picked":["Compile Driver","Streamline"],"picked":"Coolheaded","floor":17.0},{"not_picked":["Gash","Cold Snap+1"],"picked":"Sunder","floor":18.0},{"not_picked":["Stack","Lockon+1"],"picked":"Ball Lightning","floor":20.0},{"not_picked":["FTL","Cold Snap"],"picked":"White Noise+1","floor":22.0},{"not_picked":["Compile Driver","Scrape","Doom and Gloom+1"],"picked":"SKIP","floor":23.0}],"player_experience":535310,"relics_obtained":[{"floor":7.0,"key":"Potion Belt"},{"floor":9.0,"key":"Vajra"},{"floor":11.0,"key":"Lantern"},{"floor":13.0,"key":"Orichalcum"},{"floor":23.0,"key":"Toxic Egg 2"}],"event_choices":[{"damage_healed":0.0,"max_hp_gain":0.0,"max_hp_loss":0.0,"gold_gain":0.0,"event_name":"Scrap Ooze","player_choice":"Success","floor":2.0,"gold_loss":0.0,"damage_taken":7.0,"relics_obtained":["Darkstone Periapt"]},{"cards_removed":["Strike_B"],"damage_healed":0.0,"max_hp_gain":0.0,"max_hp_loss":0.0,"gold_gain":0.0,"event_name":"Golden Wing","player_choice":"Card Removal","floor":4.0,"gold_loss":0.0,"damage_taken":7.0},{"damage_healed":0.0,"max_hp_gain":0.0,"max_hp_loss":0.0,"gold_gain":0.0,"event_name":"FaceTrader","player_choice":"Trade","floor":8.0,"gold_loss":0.0,"damage_taken":0.0,"relics_obtained":["SsserpentHead"]}],"is_beta":false,"boss_relics":[{"not_picked":["Velvet Choker","Busted Crown"],"picked":"Orrery"}],"items_purged_floors":[],"is_endless":false,"potions_floor_spawned":[3,7,13,16,22,23],"killed_by":"Chosen and Byrds","ascension_level":3}