{"gold_per_floor":[112,126,137,137,155,155,167,167,192,9,39,39,39,39,39,152,152,178,196,196,30,30,49,49,49,117,117,151,176,217,239,239,352,352],"floor_reached":34,"playtime":2467,"items_purged":["Delirium"],"score":465,"play_id":"700918d2-0e1c-4c70-9950-e814384a67cf","local_time":"20190806085155","is_ascension_mode":false,"campfire_choices":[{"data":"Bludgeon","floor":6,"key":"SMITH"},{"data":"Bludgeon","floor":8,"key":"SMITH"},{"data":"Strike_R","floor":15,"key":"PURGE"},{"data":"Wild Strike","floor":24,"key":"SMITH"},{"data":"Transmutation","floor":32,"key":"SMITH"}],"neow_cost":"NONE","seed_source_timestamp":2286985543358400,"circlet_count":0,"master_deck":["Defend_R","Defend_R+1","Defend_R","Defend_R+1","Bash","Bludgeon+1","Wild Strike+1","ReplayTheSpireMod:LeadingStrike","Bludgeon+1","ReplayTheSpireMod:Stacked","Headbutt+1","Shrug It Off+1","Transmutation+1","Berserk","Barricade","Body Slam","Chrysalis","Bite","Bite","Bite","Bite","Bite","Body Slam","Shrug It Off"],"special_seed":0,"relics":["Burning Blood","War Paint","ReplayTheSpireMod:Lightbulb","ReplayTheSpireMod:CursedCoin","Replay:Bandana","Replay:Multitool","Busted Crown","FossilizedHelix","Onion Ring","Replay:Bottled Flurry","The Courier","ReplayTheSpireMod:TigerMarble"],"potions_floor_usage":[30],"damage_taken":[{"damage":0.0,"enemies":"Cultist","floor":1.0,"turns":2.0},{"damage":6.0,"enemies":"Jaw Worm","floor":2.0,"turns":3.0},{"damage":6.0,"enemies":"2 Louse","floor":3.0,"turns":2.0},{"damage":8,"enemies":"Red Slaver","floor":5,"turns":2},{"damage":6,"enemies":"Exordium Wildlife","floor":7,"turns":2},{"damage":10,"enemies":"3 Sentries","floor":11,"turns":7},{"damage":28,"enemies":"Slime Boss","floor":16,"turns":6},{"damage":10,"enemies":"2 Thieves","floor":18,"turns":3},{"damage":20,"enemies":"3 Byrds","floor":19,"turns":6},{"damage":12,"enemies":"Cultist and Chosen","floor":23,"turns":10},{"damage":19,"enemies":"Replay:Snechameleon","floor":28,"turns":6},{"damage":10,"enemies":"Sentry and Sphere","floor":29,"turns":4},{"damage":33,"enemies":"Slavers","floor":30,"turns":6},{"damage":28,"enemies":"Shelled Parasite and Fungi","floor":31,"turns":8},{"damage":0,"enemies":"Champ","floor":33,"turns":11}],"seed_played":"5885482730234698425","potions_obtained":[{"floor":2.0,"key":"Swift Potion"},{"floor":3.0,"key":"Dexterity Potion"},{"floor":11,"key":"Poison Potion"},{"floor":23,"key":"Fire Potion"},{"floor":33,"key":"Elixir"}],"is_trial":false,"path_per_floor":["M","M","M","?","M","R","M","R","T","$","E","$","?","?","R","B",null,"M","M","T","$","?","M","R","$","T","T","E","M","E","M","R","B",null],"character_chosen":"IRONCLAD","items_purchased":["Headbutt+1","Shrug It Off","ReplayTheSpireMod:CursedCoin","Transmutation","Chrysalis"],"campfire_rested":0,"item_purchase_floors":[10,10,10,10,21],"current_hp_per_floor":[80,80,80,80,78,78,78,78,78,78,74,74,74,74,74,52,80,76,62,62,62,56,56,56,56,56,56,56,52,33,27,27,56,56],"gold":352,"neow_bonus":"ONE_RANDOM_RARE_CARD","is_prod":false,"is_daily":false,"chose_seed":false,"campfire_upgraded":4,"win_rate":0,"timestamp":1565103115,"path_taken":["M","M","M","?","M","R","?","R","T","$","E","$","?","?","R","BOSS","M","M","?","$","?","M","R","?","T","?","E","M","E","M","R","BOSS"],"build_version":"2019-07-18","purchased_purges":1,"victory":false,"max_hp_per_floor":[80,80,80,80,80,80,80,80,80,80,80,80,80,80,80,80,80,80,80,80,80,56,56,56,56,56,56,56,56,56,56,56,56,56],"card_choices":[{"not_picked":["Cleave","Replay:Undeath\u0027s Touch"],"picked":"Wild Strike","floor":1.0},{"not_picked":["ReplayTheSpireMod:Muscle Training","Clash","Armaments"],"picked":"SKIP","floor":2.0},{"not_picked":["Cleave","Thunderclap"],"picked":"ReplayTheSpireMod:LeadingStrike","floor":3.0},{"not_picked":["Sword Boomerang","Warcry"],"picked":"Bludgeon","floor":5},{"not_picked":["Pommel Strike","Reckless Charge"],"picked":"ReplayTheSpireMod:Stacked","floor":7},{"not_picked":["Entrench","Massacre"],"picked":"Berserk","floor":11},{"not_picked":["Feed","Brutality"],"picked":"Barricade","floor":16},{"not_picked":[],"picked":"Body Slam","floor":18},{"not_picked":["Massacre"],"picked":"SKIP","floor":19},{"not_picked":["True Grit"],"picked":"SKIP","floor":23},{"not_picked":["Pummel+1"],"picked":"SKIP","floor":28},{"not_picked":[],"picked":"Body Slam","floor":29},{"not_picked":[],"picked":"Shrug It Off","floor":30},{"not_picked":["Armaments+1"],"picked":"SKIP","floor":31}],"player_experience":207033,"relics_obtained":[{"floor":9,"key":"ReplayTheSpireMod:Lightbulb"},{"floor":11,"key":"Replay:Bandana"},{"floor":14,"key":"Replay:Multitool"},{"floor":20,"key":"FossilizedHelix"},{"floor":26,"key":"Onion Ring"},{"floor":27,"key":"Replay:Bottled Flurry"},{"floor":28,"key":"The Courier"},{"floor":30,"key":"ReplayTheSpireMod:TigerMarble"}],"event_choices":[{"damage_healed":0.0,"max_hp_gain":0.0,"max_hp_loss":0.0,"gold_gain":0.0,"event_name":"WeMeetAgain","player_choice":"Gave Potion","floor":4.0,"gold_loss":0.0,"damage_taken":0.0,"relics_obtained":["War Paint"]},{"damage_healed":0,"gold_gain":0,"player_choice":"Relic","damage_taken":0,"max_hp_gain":0,"max_hp_loss":0,"event_name":"Wheel of Change","floor":14,"gold_loss":0},{"damage_healed":0,"gold_gain":0,"player_choice":"Became a vampire","damage_taken":0,"max_hp_gain":0,"max_hp_loss":24,"event_name":"Vampires","floor":22,"gold_loss":0,"cards_obtained":["Bite","Bite","Bite","Bite","Bite"]}],"is_beta":true,"boss_relics":[{"not_picked":["Electric Blood","Astrolabe"],"picked":"Busted Crown"}],"items_purged_floors":[10],"is_endless":false,"potions_floor_spawned":[2,3,11,23,29,33],"ascension_level":0}