{"gold_per_floor":[116,116,126,126,141,141,172,172,172,191,191,208,44,44,44,148,148,165,68,68,68],"floor_reached":21,"playtime":1546,"items_purged":["Parasite"],"score":222,"play_id":"3af8e61c-d3d2-45e7-b2a7-bcf4c5d791f3","local_time":"20190102221027","is_ascension_mode":true,"campfire_choices":[{"data":"Double Tap","floor":6,"key":"SMITH"},{"data":"Limit Break","floor":8,"key":"SMITH"},{"floor":15,"key":"REST"}],"neow_cost":"NONE","seed_source_timestamp":220484904323361,"circlet_count":0,"master_deck":["Strike_R","Strike_R","Strike_R","Defend_R","Defend_R","Defend_R","Defend_R","Bash","Headbutt","Inflame","Double Tap+1","Impatience","Heavy Blade","Limit Break+1","Ghostly Armor","Exhume","Armaments","Spot Weakness","Metallicize","Shrug It Off","Reaper","Writhe","Injury","Warcry","Shrug It Off"],"relics":["Burning Blood","Pocketwatch","Bottled Flame","Matryoshka","Calling Bell","Pen Nib","Letter Opener","WingedGreaves"],"potions_floor_usage":[10,16,16,21],"damage_taken":[{"damage":1,"enemies":"Cultist","floor":1,"turns":4},{"damage":7,"enemies":"Small Slimes","floor":3,"turns":3},{"damage":7,"enemies":"2 Louse","floor":5,"turns":3},{"damage":30,"enemies":"Gremlin Nob","floor":7,"turns":4},{"damage":22,"enemies":"Exordium Thugs","floor":10,"turns":3},{"damage":2,"enemies":"Looter","floor":12,"turns":4},{"damage":44,"enemies":"Hexaghost","floor":16,"turns":6},{"damage":50,"enemies":"3 Byrds","floor":18,"turns":7},{"damage":47,"enemies":"Colosseum Slavers","floor":21,"turns":7},{"damage":98,"enemies":"Colosseum Nobs","floor":21,"turns":4}],"seed_played":"4053746004967875837","potions_obtained":[{"floor":5,"key":"FearPotion"},{"floor":10,"key":"Energy Potion"},{"floor":12,"key":"SkillPotion"},{"floor":18,"key":"Weak Potion"}],"is_trial":false,"path_per_floor":["M","?","M","?","M","R","E","R","T","M","?","M","$","T","R","B",null,"M","$","?","?"],"character_chosen":"IRONCLAD","items_purchased":["Spot Weakness","Metallicize","Shrug It Off","Shrug It Off"],"campfire_rested":1,"item_purchase_floors":[13,13,13,19],"current_hp_per_floor":[88,88,87,87,86,86,62,62,62,46,46,50,50,50,76,38,88,69,69,69,0],"gold":68,"neow_bonus":"TEN_PERCENT_HP_BONUS","is_prod":false,"is_daily":false,"chose_seed":false,"campfire_upgraded":2,"win_rate":0,"timestamp":1546427427,"path_taken":["M","?","?","?","M","R","E","R","T","?","?","M","$","?","R","BOSS","M","$","?","?"],"build_version":"2018-12-20","purchased_purges":1,"victory":false,"max_hp_per_floor":[88,88,88,88,88,88,88,88,88,88,88,88,88,88,88,88,88,88,85,85,85],"card_choices":[{"not_picked":["Ghostly Armor","Sword Boomerang"],"picked":"Headbutt","floor":1},{"not_picked":["Perfected Strike","Body Slam"],"picked":"Inflame","floor":3},{"not_picked":["Headbutt","Body Slam"],"picked":"Heavy Blade","floor":5},{"not_picked":["Power Through","Clash"],"picked":"Limit Break","floor":7},{"not_picked":["Pommel Strike","Bloodletting"],"picked":"Ghostly Armor","floor":10},{"not_picked":["Searing Blow","True Grit"],"picked":"Armaments","floor":12},{"not_picked":["Immolate","Berserk"],"picked":"Reaper","floor":16},{"not_picked":["Body Slam","Hemokinesis"],"picked":"Warcry","floor":18}],"player_experience":387453,"relics_obtained":[{"floor":7,"key":"Pocketwatch"},{"floor":9,"key":"Bottled Flame"},{"floor":14,"key":"Matryoshka"},{"floor":17,"key":"Pen Nib"},{"floor":17,"key":"Letter Opener"},{"floor":17,"key":"WingedGreaves"}],"event_choices":[{"cards_removed":["Strike_R"],"damage_healed":0,"gold_gain":0,"player_choice":"Offered Basic","damage_taken":0,"max_hp_gain":0,"max_hp_loss":0,"event_name":"Bonfire Elementals","floor":2,"gold_loss":0},{"damage_healed":0,"gold_gain":0,"player_choice":"2 cards matched","damage_taken":0,"max_hp_gain":0,"max_hp_loss":0,"event_name":"Match and Keep!","floor":4,"gold_loss":0,"cards_obtained":["Double Tap","Impatience"]},{"damage_healed":0,"gold_gain":0,"cards_transformed":["Strike_R"],"player_choice":"Transformed","damage_taken":0,"max_hp_gain":0,"max_hp_loss":0,"event_name":"Transmorgrifier","floor":11,"gold_loss":0,"cards_obtained":["Exhume"]},{"damage_healed":0,"gold_gain":0,"player_choice":"Ignored","damage_taken":0,"max_hp_gain":0,"max_hp_loss":0,"event_name":"Ghosts","floor":20,"gold_loss":0},{"damage_healed":0,"gold_gain":0,"player_choice":"Fight","damage_taken":0,"max_hp_gain":0,"max_hp_loss":0,"event_name":"Colosseum","floor":21,"gold_loss":0},{"damage_healed":0,"gold_gain":0,"player_choice":"Fought Nobs","damage_taken":0,"max_hp_gain":0,"max_hp_loss":0,"event_name":"Colosseum","floor":21,"gold_loss":0}],"is_beta":false,"boss_relics":[{"not_picked":["Sozu","Ectoplasm"],"picked":"Calling Bell"}],"items_purged_floors":[19],"is_endless":false,"potions_floor_spawned":[5,10,12,18,21],"killed_by":"Colosseum Nobs","ascension_level":2}