{"gold_per_floor":[115,115,16,16,29,55,77,89,126,166,178,190,202,233,245,353,365,395,417,429,452,464],"floor_reached":22,"playtime":1074,"items_purged":["Strike_R"],"score":230,"play_id":"a2439e82-1565-489d-83b0-df62ca1edc65","local_time":"20181216151538","is_ascension_mode":true,"campfire_choices":[{"floor":13,"key":"RECALL"},{"data":"Armaments","floor":15,"key":"SMITH"}],"neow_cost":"NONE","seed_source_timestamp":1800909918044309,"circlet_count":0,"master_deck":["Strike_R","Strike_R","Strike_R","Defend_R","Defend_R","Defend_R","Defend_R","Bash","Rupture","Exhume","Armaments+1","Heavy Blade","Infernal Blade","Anger","Flame Barrier","True Grit","Brutality","Barricade","Uppercut"],"relics":["Burning Blood","NeowsBlessing","MawBank","Blood Vial","Question Card","Busted Crown"],"potions_floor_usage":[16,19,22],"damage_taken":[{"damage":0,"enemies":"Small Slimes","floor":1,"turns":1},{"damage":0,"enemies":"Cultist","floor":5,"turns":1},{"damage":0,"enemies":"Lagavulin","floor":6,"turns":1},{"damage":9,"enemies":"Jaw Worm","floor":7,"turns":2},{"damage":18,"enemies":"Gremlin Nob","floor":10,"turns":4},{"damage":7,"enemies":"Exordium Thugs","floor":14,"turns":5},{"damage":49,"enemies":"The Guardian","floor":16,"turns":10},{"damage":17,"enemies":"Shell Parasite","floor":18,"turns":5},{"damage":35,"enemies":"3 Byrds","floor":19,"turns":6},{"damage":24,"enemies":"Shelled Parasite and Fungi","floor":21,"turns":6},{"damage":42,"enemies":"Sentry and Sphere","floor":22,"turns":5}],"seed_played":"-3542466683498730702","potions_obtained":[{"floor":1,"key":"Explosive Potion"},{"floor":6,"key":"Poison Potion"},{"floor":21,"key":"Weak Potion"}],"is_trial":false,"path_per_floor":["M","?","$","?","M","E","M","$","T","E","?","$","R","M","R","B",null,"M","M","$","M","M"],"character_chosen":"IRONCLAD","items_purchased":["Armaments"],"campfire_rested":0,"item_purchase_floors":[3],"current_hp_per_floor":[80,80,80,80,80,80,77,77,77,67,72,72,72,73,73,32,85,74,47,47,31,0],"gold":464,"neow_bonus":"THREE_ENEMY_KILL","is_prod":false,"is_daily":false,"chose_seed":false,"campfire_upgraded":1,"win_rate":0,"timestamp":1544933738,"path_taken":["M","?","$","?","?","E","M","$","T","E","?","?","R","M","R","BOSS","M","M","$","M","M"],"build_version":"2018-12-13","purchased_purges":1,"victory":false,"max_hp_per_floor":[80,80,80,80,80,80,80,80,80,80,85,85,85,85,85,85,85,85,85,85,85,85],"card_choices":[{"not_picked":["Evolve","Twin Strike"],"picked":"Rupture","floor":1},{"not_picked":["Warcry","Rupture"],"picked":"Infernal Blade","floor":5},{"not_picked":["Pommel Strike","Infernal Blade"],"picked":"Anger","floor":6},{"not_picked":["Cleave","Havoc"],"picked":"Flame Barrier","floor":7},{"not_picked":["Flex","Headbutt"],"picked":"True Grit","floor":10},{"not_picked":["Rupture","Anger","Wild Strike"],"picked":"Brutality","floor":14},{"not_picked":["Immolate","Bludgeon","Offering"],"picked":"Barricade","floor":16},{"not_picked":["Flex","True Grit"],"picked":"SKIP","floor":18},{"not_picked":["Wild Strike"],"picked":"Uppercut","floor":19},{"not_picked":["Flex+1","Twin Strike+1"],"picked":"SKIP","floor":21}],"player_experience":250208,"relics_obtained":[{"floor":6,"key":"MawBank"},{"floor":9,"key":"Blood Vial"},{"floor":10,"key":"Question Card"}],"event_choices":[{"damage_healed":0,"gold_gain":0,"cards_transformed":["Strike_R"],"player_choice":"Change","damage_taken":0,"max_hp_gain":0,"max_hp_loss":0,"event_name":"Living Wall","floor":2,"gold_loss":0,"cards_obtained":["Exhume"]},{"damage_healed":0,"gold_gain":0,"player_choice":"1 cards matched","damage_taken":0,"max_hp_gain":0,"max_hp_loss":0,"event_name":"Match and Keep!","floor":4,"gold_loss":0,"cards_obtained":["Heavy Blade"]},{"damage_healed":0,"gold_gain":0,"player_choice":"Donut","damage_taken":0,"max_hp_gain":5,"max_hp_loss":0,"event_name":"Big Fish","floor":11,"gold_loss":0}],"is_beta":false,"boss_relics":[{"not_picked":["Fusion Hammer","Velvet Choker"],"picked":"Busted Crown"}],"items_purged_floors":[3],"is_endless":false,"potions_floor_spawned":[1,6,21],"killed_by":"Sentry and Sphere","ascension_level":1}