{"gold_per_floor":[115,132,45,59,70,70,82,100,127,52,52,202,43,77,77,77],"floor_reached":16,"playtime":397,"items_purged":[],"score":204,"play_id":"d0b0e7c3-54af-4671-9cbf-c97229c2abcb","local_time":"20190508150133","is_ascension_mode":true,"campfire_choices":[{"data":"Armaments","floor":6,"key":"SMITH"},{"data":"Pommel Strike","floor":11,"key":"SMITH"},{"floor":15,"key":"REST"}],"neow_cost":"TEN_PERCENT_HP_LOSS","seed_source_timestamp":1402354578987550,"circlet_count":0,"master_deck":["AscendersBane","Strike_R","Strike_R","Defend_R","Defend_R","Defend_R","Defend_R","Bash","Pommel Strike+1","Battle Trance","Evolve","Armaments+1","Cleave","Shrug It Off","Doubt","Burning Pact","Dropkick","Shockwave","Rampage"],"relics":["Burning Blood","Art of War","Dream Catcher"],"potions_floor_usage":[14],"damage_taken":[{"damage":1,"enemies":"Cultist","floor":1,"turns":3},{"damage":5,"enemies":"2 Louse","floor":2,"turns":3},{"damage":18,"enemies":"Small Slimes","floor":4,"turns":4},{"damage":10,"enemies":"2 Fungi Beasts","floor":5,"turns":4},{"damage":12,"enemies":"Looter","floor":7,"turns":3},{"damage":9,"enemies":"3 Louse","floor":8,"turns":3},{"damage":39,"enemies":"Gremlin Nob","floor":14,"turns":4},{"damage":41,"enemies":"Slime Boss","floor":16,"turns":7}],"seed_played":"6908944555481186422","potions_obtained":[{"floor":2,"key":"FearPotion"},{"floor":7,"key":"FearPotion"},{"floor":8,"key":"SmokeBomb"}],"is_trial":false,"path_per_floor":["M","M","$","M","M","R","M","M","T","?","R","?","$","E","R","B"],"character_chosen":"IRONCLAD","items_purchased":["Evolve","Burning Pact","Dropkick"],"campfire_rested":1,"item_purchase_floors":[3,13,13],"current_hp_per_floor":[68,68,68,56,52,52,46,43,43,43,43,43,43,10,30,0],"gold":77,"neow_bonus":"REMOVE_TWO","is_prod":false,"is_daily":false,"chose_seed":false,"campfire_upgraded":2,"win_rate":0,"timestamp":1557298893,"path_taken":["M","?","$","M","M","R","M","M","T","?","R","?","$","E","R","BOSS"],"build_version":"2019-01-23","purchased_purges":0,"victory":false,"max_hp_per_floor":[68,68,68,68,68,68,68,68,68,68,68,68,68,68,68,68],"card_choices":[{"not_picked":["Body Slam","Flame Barrier"],"picked":"Pommel Strike","floor":1},{"not_picked":["Shrug It Off","Pommel Strike"],"picked":"Battle Trance","floor":2},{"not_picked":["Dual Wield","Sword Boomerang"],"picked":"Armaments","floor":4},{"not_picked":["Perfected Strike","Thunderclap"],"picked":"Cleave","floor":5},{"not_picked":["Clothesline","Perfected Strike","Rage"],"picked":"SKIP","floor":7},{"not_picked":["Brutality","Iron Wave"],"picked":"Shrug It Off","floor":8},{"not_picked":["Shrug It Off","Evolve"],"picked":"Shockwave","floor":14},{"not_picked":["Sever Soul","Pommel Strike"],"picked":"Rampage","floor":15}],"player_experience":829089,"relics_obtained":[{"floor":9,"key":"Art of War"},{"floor":14,"key":"Dream Catcher"}],"event_choices":[{"cards_removed":["Strike_R"],"damage_healed":0,"gold_gain":0,"player_choice":"Card Removal","damage_taken":0,"max_hp_gain":0,"max_hp_loss":0,"event_name":"The Cleric","floor":10,"gold_loss":75},{"damage_healed":0,"gold_gain":150,"player_choice":"AGREE","damage_taken":0,"max_hp_gain":0,"max_hp_loss":0,"event_name":"Liars Game","floor":12,"gold_loss":0,"cards_obtained":["Doubt"]}],"is_beta":false,"boss_relics":[],"items_purged_floors":[],"is_endless":false,"potions_floor_spawned":[2,7,8],"killed_by":"Slime Boss","ascension_level":20}