{"gold_per_floor":[112,123,133,152,165,165,197,197,197,217,217,217,217,74,74,74],"floor_reached":16,"playtime":1104,"items_purged":[],"score":148,"play_id":"1085a2d3-9d15-4376-b4bb-91c9253087f0","local_time":"20190609162218","is_ascension_mode":true,"campfire_choices":[{"data":"Havoc","floor":6,"key":"SMITH"},{"data":"Whirlwind","floor":8,"key":"SMITH"},{"data":"Metallicize","floor":11,"key":"SMITH"},{"data":"Inflame","floor":13,"key":"SMITH"},{"data":"Demon Form","floor":15,"key":"SMITH"}],"neow_cost":"NONE","seed_source_timestamp":5163835278718736,"circlet_count":0,"master_deck":["Strike_R","Strike_R","Strike_R","Strike_R","Strike_R","Defend_R","Defend_R","Defend_R","Defend_R","Bash","Shrug It Off","Metallicize+1","Inflame+1","Whirlwind+1","Havoc+1","Corruption","Clash","Demon Form+1"],"relics":["Burning Blood","Dodecahedron","Self Forming Clay","CultistMask"],"potions_floor_usage":[5,16],"damage_taken":[{"damage":8,"enemies":"2 Louse","floor":1,"turns":4},{"damage":1,"enemies":"Cultist","floor":2,"turns":3},{"damage":4,"enemies":"Jaw Worm","floor":3,"turns":5},{"damage":10,"enemies":"3 Louse","floor":4,"turns":5},{"damage":25,"enemies":"Exordium Thugs","floor":5,"turns":7},{"damage":30,"enemies":"3 Sentries","floor":7,"turns":6},{"damage":6,"enemies":"Looter","floor":10,"turns":4},{"damage":40,"enemies":"The Guardian","floor":16,"turns":9}],"seed_played":"6815528755486545448","potions_obtained":[{"floor":1,"key":"Explosive Potion"},{"floor":10,"key":"Block Potion"}],"is_trial":false,"path_per_floor":["M","M","M","M","M","R","E","R","T","M","R","?","R","$","R","B"],"character_chosen":"IRONCLAD","items_purchased":["Demon Form"],"campfire_rested":0,"item_purchase_floors":[14],"current_hp_per_floor":[78,83,85,81,62,62,38,38,38,38,38,38,38,38,38,0],"gold":74,"neow_bonus":"TEN_PERCENT_HP_BONUS","is_prod":false,"is_daily":false,"chose_seed":false,"campfire_upgraded":5,"win_rate":0,"timestamp":1560111738,"path_taken":["M","M","M","M","M","R","E","R","T","M","R","?","R","$","R","BOSS"],"build_version":"2019-01-23","purchased_purges":0,"victory":false,"max_hp_per_floor":[88,88,88,88,88,88,88,88,88,88,88,88,88,88,88,88],"card_choices":[{"not_picked":["Infernal Blade","Heavy Blade"],"picked":"Shrug It Off","floor":1},{"not_picked":["Flame Barrier","Entrench"],"picked":"Metallicize","floor":2},{"not_picked":["Armaments","Cleave"],"picked":"Inflame","floor":3},{"not_picked":["Clothesline","Shockwave"],"picked":"Whirlwind","floor":4},{"not_picked":["True Grit","Pummel"],"picked":"Havoc","floor":5},{"not_picked":["Uppercut","Dropkick"],"picked":"Corruption","floor":7},{"not_picked":["Sever Soul","Corruption"],"picked":"Clash","floor":10}],"player_experience":225350,"relics_obtained":[{"floor":7,"key":"Dodecahedron"},{"floor":9,"key":"Self Forming Clay"}],"event_choices":[{"damage_healed":0,"gold_gain":0,"player_choice":"Trade","damage_taken":0,"relics_obtained":["CultistMask"],"max_hp_gain":0,"max_hp_loss":0,"event_name":"FaceTrader","floor":12,"gold_loss":0}],"is_beta":false,"boss_relics":[],"items_purged_floors":[],"is_endless":false,"potions_floor_spawned":[1,10],"killed_by":"The Guardian","ascension_level":9}