{"gold_per_floor":[117,127,127,127,127,127,165,165,239,17,30,30,48,64,64,159,159,159],"floor_reached":18,"playtime":488,"items_purged":[],"score":370,"play_id":"99c5d438-3d35-49c0-96c7-ce6092c9fceb","local_time":"20190712125148","is_ascension_mode":true,"campfire_choices":[{"data":"Neutralize","floor":6.0,"key":"SMITH"},{"data":"Acrobatics","floor":8.0,"key":"SMITH"},{"floor":12,"key":"RECALL"},{"data":"Poisoned Stab","floor":15,"key":"SMITH"}],"neow_cost":"NONE","seed_source_timestamp":86689878753314,"circlet_count":0,"master_deck":["AscendersBane","Strike_G","Strike_G","Strike_G","Strike_G","Strike_G","Defend_G","Defend_G","Defend_G","Defend_G","Defend_G","Survivor","Neutralize+1","Backflip","Acrobatics+1","Escape Plan","Masterful Stab","Poisoned Stab+1","A Thousand Cuts"],"special_seed":0,"relics":["Ring of the Snake","NeowsBlessing","Golden Idol","Ornamental Fan","Meat on the Bone","TheAbacus","Lizard Tail"],"potions_floor_usage":[16],"damage_taken":[{"damage":0.0,"enemies":"Jaw Worm","floor":1.0,"turns":1.0},{"damage":0.0,"enemies":"2 Louse","floor":2.0,"turns":1.0},{"damage":0.0,"enemies":"3 Sentries","floor":7.0,"turns":1.0},{"damage":0,"enemies":"Cultist","floor":11,"turns":4},{"damage":0,"enemies":"Blue Slaver","floor":13,"turns":5},{"damage":0,"enemies":"2 Fungi Beasts","floor":14,"turns":3},{"damage":9,"enemies":"The Guardian","floor":16,"turns":18},{"damage":0,"enemies":"2 Thieves","floor":18,"turns":1}],"seed_played":"-4362164220605123298","potions_obtained":[{"floor":2.0,"key":"GhostInAJar"},{"floor":7.0,"key":"Ancient Potion"},{"floor":11,"key":"Energy Potion"},{"floor":14,"key":"GhostInAJar"}],"is_trial":false,"path_per_floor":["M","M","?","?","?","R","E","R","T","$","M","R","M","M","R","B",null,"M"],"character_chosen":"THE_SILENT","items_purchased":["TheAbacus"],"campfire_rested":0,"item_purchase_floors":[10],"current_hp_per_floor":[59,59,59,59,64,64,64,64,64,64,64,64,64,64,64,55,63,63],"gold":159,"neow_bonus":"THREE_ENEMY_KILL","is_prod":false,"is_daily":false,"chose_seed":false,"campfire_upgraded":3,"win_rate":0,"timestamp":1562907108,"path_taken":["M","M","?","?","?","R","E","R","T","?","?","R","M","M","R","BOSS","M"],"build_version":"2019-07-05","purchased_purges":0,"victory":false,"max_hp_per_floor":[66,66,60,60,65,65,65,65,65,65,65,65,65,65,65,65,65,65],"card_choices":[{"not_picked":["Quick Slash","Infinite Blades"],"picked":"Backflip","floor":1.0},{"not_picked":["Dagger Throw","Reflex"],"picked":"Acrobatics","floor":2.0},{"not_picked":["Flying Knee","Sucker Punch","Slice"],"picked":"SKIP","floor":7.0},{"not_picked":["Underhanded Strike","Outmaneuver"],"picked":"Escape Plan","floor":11},{"not_picked":["Backstab","Bane"],"picked":"Masterful Stab","floor":13},{"not_picked":["Masterful Stab","Expertise"],"picked":"Poisoned Stab","floor":14},{"not_picked":["Die Die Die","Bullet Time"],"picked":"A Thousand Cuts","floor":16}],"player_experience":1108553,"relics_obtained":[{"floor":7.0,"key":"Ornamental Fan"},{"floor":9.0,"key":"Meat on the Bone"}],"event_choices":[{"damage_healed":0.0,"max_hp_gain":0.0,"max_hp_loss":6.0,"gold_gain":0.0,"event_name":"Golden Idol","player_choice":"Lose Max HP","floor":3.0,"gold_loss":0.0,"damage_taken":0.0,"relics_obtained":["Golden Idol"]},{"damage_healed":0.0,"max_hp_gain":0.0,"max_hp_loss":0.0,"gold_gain":0.0,"event_name":"Liars Game","player_choice":"Ignored","floor":4.0,"gold_loss":0.0,"damage_taken":0.0},{"damage_healed":0.0,"max_hp_gain":5.0,"max_hp_loss":0.0,"gold_gain":0.0,"event_name":"Big Fish","player_choice":"Donut","floor":5.0,"gold_loss":0.0,"damage_taken":0.0}],"is_beta":false,"boss_relics":[{"not_picked":["Eternal Feather","Busted Crown"],"picked":"Lizard Tail"}],"items_purged_floors":[],"is_endless":false,"potions_floor_spawned":[2,7,11,14],"killed_by":"2 Thieves","ascension_level":20}