{"gold_per_floor":[113,63,36,36,211,246,246,7,34,34,68,81,110,129,129,231,231,246,246,266,284,284,284,317,317,317,329,354,379,3,29,29,134,134,154,154,165,125,143,143,143],"floor_reached":41,"playtime":2195,"items_purged":["Doubt"],"score":783,"play_id":"92b4e180-0918-4777-b478-b6a13b8debe5","local_time":"20190806044809","is_ascension_mode":true,"campfire_choices":[{"data":"Sword Boomerang","floor":7.0,"key":"SMITH"},{"data":"Uppercut","floor":10.0,"key":"SMITH"},{"data":"Sword Boomerang","floor":15.0,"key":"SMITH"},{"data":"Double Tap","floor":23.0,"key":"SMITH"},{"data":"Disarm","floor":25.0,"key":"SMITH"},{"data":"Immolate","floor":27.0,"key":"SMITH"},{"data":"Inflame","floor":32.0,"key":"SMITH"},{"data":"Blade Dance","floor":40.0,"key":"SMITH"}],"neow_cost":"NONE","seed_source_timestamp":2272132904065300,"circlet_count":0,"master_deck":["AscendersBane","Strike_R+1","Strike_R+1","Strike_R+1","Strike_R+1","Strike_R+1","Defend_R+1","Defend_R+1","Defend_R+1","Bash","Fire Breathing","Sword Boomerang+1","Shrug It Off","Uppercut+1","Inflame+1","Impervious","Iron Wave+1","Double Tap+1","Disarm+1","Rage+1","Immolate+1","Fire Breathing","Flex+1","Violence","Night Terror","Double Energy+1","Pommel Strike","Ball Lightning","Dagger Spray","Reprogram+1","Blade Dance+1"],"special_seed":0,"relics":["Burning Blood","NeowsBlessing","Boot","Centennial Puzzle","Oddly Smooth Stone","Pantograph","Sozu","MutagenicStrength","Bottled Flame","MawBank","PrismaticShard","Happy Flower","Orrery"],"potions_floor_usage":[41],"damage_taken":[{"damage":0.0,"enemies":"2 Louse","floor":1.0,"turns":1.0},{"damage":0.0,"enemies":"3 Sentries","floor":6.0,"turns":1.0},{"damage":0.0,"enemies":"Lagavulin","floor":11.0,"turns":1.0},{"damage":2.0,"enemies":"Small Slimes","floor":12.0,"turns":2.0},{"damage":12.0,"enemies":"Gremlin Nob","floor":13.0,"turns":3.0},{"damage":0.0,"enemies":"Jaw Worm","floor":14.0,"turns":3.0},{"damage":28.0,"enemies":"Hexaghost","floor":16.0,"turns":9.0},{"damage":4.0,"enemies":"Shell Parasite","floor":18.0,"turns":4.0},{"damage":11.0,"enemies":"Spheric Guardian","floor":20.0,"turns":3.0},{"damage":18.0,"enemies":"Snake Plant","floor":21.0,"turns":3.0},{"damage":0.0,"enemies":"Gremlin Leader","floor":24.0,"turns":5.0},{"damage":12.0,"enemies":"Chosen and Byrds","floor":28.0,"turns":3.0},{"damage":10.0,"enemies":"Centurion and Healer","floor":29.0,"turns":6.0},{"damage":20.0,"enemies":"Slavers","floor":31.0,"turns":2.0},{"damage":69.0,"enemies":"Collector","floor":33.0,"turns":9.0},{"damage":21.0,"enemies":"3 Darklings","floor":35.0,"turns":2.0},{"damage":2.0,"enemies":"Orb Walker","floor":37.0,"turns":3.0},{"damage":12.0,"enemies":"Maw","floor":39.0,"turns":7.0},{"damage":55,"enemies":"Giant Head","floor":41,"turns":6}],"seed_played":"-2508418949935508866","potions_obtained":[{"floor":6.0,"key":"SpeedPotion"},{"floor":11.0,"key":"Ancient Potion"},{"floor":12.0,"key":"Regen Potion"}],"is_trial":false,"path_per_floor":["M","?","$","?","?","E","R","$","T","R","E","M","E","M","R","B",null,"M","?","M","M","?","R","E","R","T","R","M","M","$","E","R","B",null,"M","?","M","?","M","R","E"],"character_chosen":"IRONCLAD","items_purchased":["Sword Boomerang","Shrug It Off","Uppercut","Inflame","Violence","PrismaticShard"],"campfire_rested":0,"item_purchase_floors":[3,8,8,8,30,30],"current_hp_per_floor":[78,78,78,83,83,85,85,85,85,85,85,85,79,85,85,63,80,82,82,77,65,65,65,85,85,85,85,79,75,75,61,61,22,69,54,54,58,58,52,52,0],"gold":143,"neow_bonus":"THREE_ENEMY_KILL","is_prod":false,"is_daily":false,"chose_seed":false,"campfire_upgraded":8,"win_rate":0,"timestamp":1565088489,"path_taken":["M","?","$","?","?","E","R","$","T","R","E","M","E","M","R","BOSS","M","?","M","M","?","R","E","R","T","R","M","M","?","E","R","BOSS","M","?","M","?","?","R","E"],"build_version":"2019-07-18","purchased_purges":1,"victory":false,"max_hp_per_floor":[80,80,80,85,85,85,85,85,85,85,85,85,85,85,85,85,85,85,85,85,85,85,85,85,85,85,85,85,85,85,85,85,85,85,85,85,85,85,85,85,85],"card_choices":[{"not_picked":["Flex","Heavy Blade"],"picked":"Fire Breathing","floor":1.0},{"not_picked":["Body Slam","Burning Pact"],"picked":"Sword Boomerang","floor":6.0},{"not_picked":["Warcry","Intimidate","Perfected Strike"],"picked":"SKIP","floor":11.0},{"not_picked":["Dual Wield","Havoc","Armaments"],"picked":"SKIP","floor":12.0},{"not_picked":["Shrug It Off","Havoc"],"picked":"Impervious","floor":13.0},{"not_picked":["Shockwave","Headbutt"],"picked":"Iron Wave","floor":14.0},{"not_picked":["Reaper","Offering"],"picked":"Double Tap","floor":16.0},{"not_picked":["Wild Strike","Rupture"],"picked":"Disarm","floor":18.0},{"not_picked":["Perfected Strike","Heavy Blade"],"picked":"Rage+1","floor":20.0},{"not_picked":["Clash","Anger"],"picked":"Immolate","floor":21.0},{"not_picked":["Fiend Fire","Carnage"],"picked":"Fire Breathing","floor":24.0},{"not_picked":["Sever Soul","Body Slam","Headbutt+1"],"picked":"SKIP","floor":28.0},{"not_picked":["Heavy Blade+1","True Grit"],"picked":"Flex+1","floor":29.0},{"not_picked":["Havoc","Rupture","Thunderclap"],"picked":"SKIP","floor":31.0},{"not_picked":["Havoc","Rupture","Thunderclap"],"picked":"SKIP","floor":31.0},{"not_picked":["Phantasmal Killer","Fiend Fire"],"picked":"Night Terror","floor":33.0},{"not_picked":["Leap","Cold Snap"],"picked":"Double Energy+1","floor":34.0},{"not_picked":["Tactician","Slice+1"],"picked":"Pommel Strike","floor":34.0},{"not_picked":["Steam","Dagger Throw"],"picked":"Ball Lightning","floor":34.0},{"not_picked":["True Grit","Beam Cell+1"],"picked":"Dagger Spray","floor":35.0},{"not_picked":["Turbo+1","Corruption+1"],"picked":"Reprogram+1","floor":37.0},{"not_picked":["Redo+1","Acrobatics+1"],"picked":"Blade Dance","floor":39.0}],"player_experience":194901,"relics_obtained":[{"floor":6.0,"key":"Boot"},{"floor":9.0,"key":"Centennial Puzzle"},{"floor":11.0,"key":"Oddly Smooth Stone"},{"floor":13.0,"key":"Pantograph"},{"floor":24.0,"key":"Bottled Flame"},{"floor":26.0,"key":"MawBank"},{"floor":31.0,"key":"Happy Flower"}],"event_choices":[{"cards_removed":["Defend_R"],"damage_healed":0.0,"max_hp_gain":0.0,"max_hp_loss":0.0,"gold_gain":0.0,"event_name":"The Cleric","player_choice":"Card Removal","floor":2.0,"gold_loss":50.0,"damage_taken":0.0},{"damage_healed":0.0,"max_hp_gain":5.0,"max_hp_loss":0.0,"gold_gain":0.0,"event_name":"Big Fish","player_choice":"Donut","floor":4.0,"gold_loss":0.0,"damage_taken":0.0},{"damage_healed":0.0,"max_hp_gain":0.0,"max_hp_loss":0.0,"gold_gain":175.0,"event_name":"Liars Game","player_choice":"AGREE","floor":5.0,"gold_loss":0.0,"damage_taken":0.0,"cards_obtained":["Doubt"]},{"damage_healed":0.0,"max_hp_gain":0.0,"max_hp_loss":0.0,"gold_gain":0.0,"event_name":"Back to Basics","player_choice":"Simplicity","floor":19.0,"gold_loss":0.0,"damage_taken":0.0,"cards_upgraded":["Strike_R","Strike_R","Strike_R","Strike_R","Strike_R","Defend_R","Defend_R","Defend_R"]},{"damage_healed":0.0,"max_hp_gain":0.0,"max_hp_loss":0.0,"gold_gain":0.0,"event_name":"Drug Dealer","player_choice":"Inject Mutagens","floor":22.0,"gold_loss":0.0,"damage_taken":0.0,"relics_obtained":["MutagenicStrength"]},{"cards_removed":["Sword Boomerang"],"damage_healed":0.0,"max_hp_gain":0.0,"max_hp_loss":0.0,"gold_gain":0.0,"event_name":"Falling","player_choice":"Removed Attack","floor":36.0,"gold_loss":0.0,"damage_taken":0.0},{"damage_healed":0.0,"max_hp_gain":0.0,"max_hp_loss":0.0,"gold_gain":0.0,"event_name":"Designer","player_choice":"Upgrade","floor":38.0,"gold_loss":40.0,"damage_taken":0.0,"cards_upgraded":["Iron Wave"]}],"is_beta":true,"boss_relics":[{"not_picked":["Tiny House","Ectoplasm"],"picked":"Sozu"},{"not_picked":["Velvet Choker","Philosopher\u0027s Stone"],"picked":"Orrery"}],"items_purged_floors":[8],"is_endless":false,"potions_floor_spawned":[6,11,12,13,21,24,28,31,35,37],"killed_by":"Giant Head","ascension_level":10}