{"gold_per_floor":[111,111,85,85,10,10,42,42,42,70,87,14,31,48,48,152,152,168,168,168,185,185,185,203,233,233,33,33,132,132],"floor_reached":30,"playtime":1200,"items_purged":["Strike_B"],"score":381,"play_id":"fe2cd715-a1f0-4b45-88e2-4c34d0c2c3e8","local_time":"20190204024723","is_ascension_mode":true,"campfire_choices":[{"floor":6.0,"key":"REST"},{"data":"Streamline","floor":8.0,"key":"SMITH"},{"floor":15.0,"key":"REST"},{"data":"Good Instincts","floor":23.0,"key":"SMITH"}],"neow_cost":"NONE","seed_source_timestamp":74406090746358,"circlet_count":0,"master_deck":["Defend_B+1","Defend_B","Defend_B","Defend_B","Zap","Dualcast","Rebound","Streamline+1","Go for the Eyes","Go for the Eyes","Stack+1","Go for the Eyes","Gash","Go for the Eyes","Ball Lightning","Conserve Battery","Cold Snap","Electrodynamics","Go for the Eyes+1","Good Instincts+1","All For One","Sweeping Beam","Go for the Eyes","Creative AI"],"special_seed":0,"relics":["Cracked Core","PreservedInsect","Bottled Flame","War Paint","Black Star","Pen Nib","Bronze Scales","Bag of Preparation","Blood Vial","Bag of Marbles"],"potions_floor_usage":[],"damage_taken":[{"damage":12.0,"enemies":"Small Slimes","floor":1.0,"turns":2.0},{"damage":17.0,"enemies":"Lagavulin","floor":7.0,"turns":6.0},{"damage":15.0,"enemies":"3 Sentries","floor":10.0,"turns":5.0},{"damage":4.0,"enemies":"Jaw Worm","floor":11.0,"turns":2.0},{"damage":0.0,"enemies":"Cultist","floor":13.0,"turns":2.0},{"damage":0.0,"enemies":"Large Slime","floor":14.0,"turns":4.0},{"damage":6.0,"enemies":"The Guardian","floor":16.0,"turns":13.0},{"damage":9.0,"enemies":"Spheric Guardian","floor":18.0,"turns":5.0},{"damage":0.0,"enemies":"3 Byrds","floor":21.0,"turns":2.0},{"damage":18.0,"enemies":"3 Cultists","floor":24.0,"turns":5.0},{"damage":20.0,"enemies":"Book of Stabbing","floor":25.0,"turns":4.0}],"seed_played":"-5021540238999769019","potions_obtained":[{"floor":10.0,"key":"Explosive Potion"},{"floor":11.0,"key":"FocusPotion"},{"floor":13.0,"key":"PowerPotion"},{"floor":18.0,"key":"Explosive Potion"},{"floor":21.0,"key":"GamblersBrew"},{"floor":24.0,"key":"SmokeBomb"}],"is_trial":false,"path_per_floor":["M","?","$","?","$","R","E","R","T","E","M","$","M","M","R","B",null,"M","?","?","M","?","R","M","E","T","$","?","?","?"],"character_chosen":"DEFECT","items_purchased":["Go for the Eyes","Go for the Eyes","Ball Lightning","Bag of Marbles","PowerPotion"],"campfire_rested":2,"item_purchase_floors":[3,12,12,27,27],"current_hp_per_floor":[56,56,56,56,56,75,58,58,58,43,39,39,39,39,61,55,70,61,61,61,61,61,61,43,23,23,23,9,9,0],"gold":132,"neow_bonus":"TRANSFORM_CARD","is_prod":false,"is_daily":false,"chose_seed":false,"campfire_upgraded":2,"win_rate":0,"timestamp":1549219643,"path_taken":["M","?","$","?","$","R","E","R","T","E","M","?","?","M","R","BOSS","M","?","?","?","?","R","M","E","T","?","?","?","?"],"build_version":"2019-01-23","purchased_purges":1,"victory":false,"max_hp_per_floor":[75,75,75,75,75,75,75,75,75,75,75,75,75,75,75,75,75,75,75,75,75,75,75,75,75,75,75,80,80,80],"card_choices":[{"not_picked":["Rebound","Compile Driver"],"picked":"Streamline","floor":1.0},{"not_picked":["Ball Lightning","Static Discharge"],"picked":"Stack","floor":7.0},{"not_picked":["Sweeping Beam","Auto Shields"],"picked":"Go for the Eyes","floor":10.0},{"not_picked":["Rebound","Double Energy"],"picked":"Gash","floor":11.0},{"not_picked":["Redo","Glacier"],"picked":"Conserve Battery","floor":13.0},{"not_picked":["Steam","Chill"],"picked":"Cold Snap","floor":14.0},{"not_picked":["Biased Cognition","Buffer"],"picked":"Electrodynamics","floor":16.0},{"not_picked":["Melter","Sweeping Beam+1"],"picked":"Go for the Eyes+1","floor":18.0},{"not_picked":["Ball Lightning+1","Recycle"],"picked":"Sweeping Beam","floor":21.0},{"not_picked":["Cold Snap+1","Chaos"],"picked":"Go for the Eyes","floor":24.0},{"not_picked":["Steam Power+1","Hyperbeam"],"picked":"Creative AI","floor":25.0}],"player_experience":631980,"relics_obtained":[{"floor":7.0,"key":"PreservedInsect"},{"floor":9.0,"key":"Bottled Flame"},{"floor":10.0,"key":"War Paint"},{"floor":25.0,"key":"Bronze Scales"},{"floor":25.0,"key":"Bag of Preparation"},{"floor":26.0,"key":"Blood Vial"}],"event_choices":[{"damage_healed":0.0,"max_hp_gain":0.0,"max_hp_loss":0.0,"gold_gain":0.0,"cards_transformed":["Strike_B"],"event_name":"Living Wall","player_choice":"Change","floor":2.0,"gold_loss":0.0,"damage_taken":0.0,"cards_obtained":["Go for the Eyes"]},{"damage_healed":0.0,"max_hp_gain":0.0,"max_hp_loss":0.0,"gold_gain":0.0,"event_name":"Shining Light","player_choice":"Ignored","floor":4.0,"gold_loss":0.0,"damage_taken":0.0},{"cards_removed":["Strike_B"],"damage_healed":0.0,"max_hp_gain":0.0,"max_hp_loss":0.0,"gold_gain":0.0,"event_name":"Back to Basics","player_choice":"Elegance","floor":19.0,"gold_loss":0.0,"damage_taken":0.0},{"damage_healed":0.0,"max_hp_gain":0.0,"max_hp_loss":0.0,"gold_gain":0.0,"event_name":"Match and Keep!","player_choice":"2 cards matched","floor":20.0,"gold_loss":0.0,"damage_taken":0.0,"cards_obtained":["Good Instincts","All For One"]},{"damage_healed":0.0,"max_hp_gain":0.0,"max_hp_loss":0.0,"gold_gain":0.0,"event_name":"WeMeetAgain","player_choice":"Gave Potion","floor":22.0,"gold_loss":0.0,"damage_taken":0.0,"relics_obtained":["Pen Nib"]},{"damage_healed":0.0,"max_hp_gain":5.0,"max_hp_loss":0.0,"gold_gain":0.0,"event_name":"Forgotten Altar","player_choice":"Shed Blood","floor":28.0,"gold_loss":0.0,"damage_taken":19.0},{"damage_healed":0.0,"max_hp_gain":0.0,"max_hp_loss":0.0,"gold_gain":99.0,"event_name":"Nest","player_choice":"Stole From Cult","floor":29.0,"gold_loss":0.0,"damage_taken":0.0}],"is_beta":false,"boss_relics":[{"not_picked":["Calling Bell","Busted Crown"],"picked":"Black Star"}],"items_purged_floors":[5],"is_endless":false,"potions_floor_spawned":[10,11,13,18,21,24],"ascension_level":8}