{"gold_per_floor":[118,133,150,163,163,163,163,163,2,2,49,68,95,125,154,154,154,253,253,263,40,60,330,347,347,437,467,467,481,29,29,41,41],"floor_reached":33,"playtime":1619,"items_purged":["Strike_R"],"score":275,"play_id":"11032fc6-d5f2-4acd-acc1-a82b1cde6ce1","local_time":"20190806103255","is_ascension_mode":false,"campfire_choices":[{"data":"Hemokinesis","floor":8,"key":"SMITH"},{"data":"Shrug It Off","floor":10,"key":"SMITH"},{"data":"Metallicize","floor":17,"key":"SMITH"},{"floor":25,"key":"REST"}],"neow_cost":"NONE","seed_source_timestamp":2293931118890000,"circlet_count":0,"master_deck":["Strike_R","Strike_R+1","Strike_R","Strike_R","Defend_R","Defend_R+1","Defend_R","Defend_R","Bash","Pommel Strike","Hemokinesis+1","Shrug It Off+1","Double Tap+1","Shrug It Off+1","Twin Strike","Metallicize+1","Demon Form+1","Barricade","Blind","Shrug It Off","Carnage+1","Seeing Red","Sword Boomerang","Bandage Up"],"relics":["Ring of Chaos","Vajra","Replay:Wax Seal","Ice Cream","Replay:Bottled Steam","War Paint","Sozu","Centennial Puzzle","Incense Burner","Blue Candle","Membership Card","Replay:Bottled Snecko","PreservedInsect","Self Forming Clay"],"potions_floor_usage":[18],"damage_taken":[{"damage":3,"enemies":"Jaw Worm","floor":1,"turns":4},{"damage":0,"enemies":"Small Slimes","floor":2,"turns":3},{"damage":1,"enemies":"Cultist","floor":3,"turns":3},{"damage":3,"enemies":"Looter","floor":4,"turns":4},{"damage":2,"enemies":"Exordium Thugs","floor":12,"turns":5},{"damage":8,"enemies":"3 Sentries","floor":13,"turns":7},{"damage":13,"enemies":"Gremlin Nob","floor":15,"turns":3},{"damage":23,"enemies":"The Guardian","floor":18,"turns":9},{"damage":21,"enemies":"2 Thieves","floor":20,"turns":4},{"damage":10,"enemies":"Spheric Guardian","floor":22,"turns":5},{"damage":9,"enemies":"Snecko","floor":24,"turns":7},{"damage":12,"enemies":"Book of Stabbing","floor":27,"turns":5},{"damage":6,"enemies":"Cultist and Chosen","floor":29,"turns":7},{"damage":7,"enemies":"Snake Plant","floor":32,"turns":5},{"damage":0,"enemies":"Sentry and Sphere","floor":33,"turns":1}],"seed_played":"8438003809116582089","potions_obtained":[{"floor":2,"key":"Elixir"},{"floor":3,"key":"BloodPotion"},{"floor":4,"key":"Fire Potion"}],"is_trial":false,"path_per_floor":["M","M","M","M","?","PTL","PTL","R","$","R","T","M","E","?","E","?","R","B",null,"M","$","M","?","M","R","?","E","T","M","$","T","M","M"],"character_chosen":"IRONCLAD","items_purchased":["Double Tap+1","Shrug It Off","Blind","Shrug It Off","Membership Card","Replay:Bottled Snecko","PreservedInsect","Bandage Up"],"campfire_rested":1,"item_purchase_floors":[9,9,21,21,30,30,30,30],"current_hp_per_floor":[85,85,84,81,74,74,74,74,74,74,74,72,64,64,51,33,33,32,88,67,67,57,25,16,42,42,30,30,24,24,24,21,21],"gold":41,"neow_bonus":"TEN_PERCENT_HP_BONUS","is_prod":false,"is_daily":false,"chose_seed":false,"campfire_upgraded":3,"win_rate":0,"timestamp":1565109175,"path_taken":["M","M","M","M","?","PTL","PTL","R","$","R","T","M","E","?","E","?","R","BOSS","M","$","M","?","?","R","?","E","T","M","$","?","M","?"],"build_version":"2019-07-18","purchased_purges":1,"victory":false,"max_hp_per_floor":[88,88,88,88,88,88,88,88,88,88,88,88,88,88,88,88,88,88,88,88,88,88,88,88,88,88,88,88,88,88,88,88,88],"card_choices":[{"not_picked":["Cleave","Anger"],"picked":"Pommel Strike","floor":1},{"not_picked":["Wild Strike","Thunderclap"],"picked":"Hemokinesis","floor":2},{"not_picked":["Rage","Armaments"],"picked":"Shrug It Off","floor":3},{"not_picked":["True Grit","Second Wind","Flame Barrier"],"picked":"SKIP","floor":4},{"not_picked":["Body Slam","Armaments"],"picked":"Twin Strike","floor":12},{"not_picked":["Warcry","Entrench"],"picked":"Metallicize","floor":13},{"not_picked":["Entrench","Carnage"],"picked":"Demon Form","floor":15},{"not_picked":["Reaper","Offering"],"picked":"Barricade","floor":18},{"not_picked":["Sever Soul","Burning Pact","Headbutt+1"],"picked":"SKIP","floor":20},{"not_picked":["Flex","Body Slam"],"picked":"Carnage+1","floor":22},{"not_picked":["Second Wind+1","Clothesline"],"picked":"Seeing Red","floor":24},{"not_picked":["True Grit","Thunderclap"],"picked":"Sword Boomerang","floor":26},{"not_picked":["Clash","Perfected Strike","Dark Embrace"],"picked":"SKIP","floor":27},{"not_picked":["Armaments","Clash","Searing Blow"],"picked":"SKIP","floor":29},{"not_picked":["Perfected Strike","Headbutt","Sword Boomerang+1"],"picked":"SKIP","floor":32}],"player_experience":209568,"relics_obtained":[{"floor":11,"key":"Replay:Wax Seal"},{"floor":13,"key":"Ice Cream"},{"floor":15,"key":"War Paint"},{"floor":26,"key":"Centennial Puzzle"},{"floor":27,"key":"Incense Burner"},{"floor":28,"key":"Blue Candle"},{"floor":31,"key":"Self Forming Clay"}],"event_choices":[{"damage_healed":0,"gold_gain":0,"player_choice":"Success","damage_taken":7,"relics_obtained":["Vajra"],"max_hp_gain":0,"max_hp_loss":0,"event_name":"Scrap Ooze","floor":5,"gold_loss":0},{"damage_healed":0,"gold_gain":30,"player_choice":"Searched \u00273\u0027 times","damage_taken":0,"relics_obtained":["Replay:Bottled Steam"],"max_hp_gain":0,"max_hp_loss":0,"event_name":"Dead Adventurer","floor":14,"gold_loss":0},{"damage_healed":0,"gold_gain":0,"player_choice":"Entered Light","damage_taken":18,"max_hp_gain":0,"max_hp_loss":0,"event_name":"Shining Light","floor":16,"gold_loss":0,"cards_upgraded":["Strike_R","Demon Form"]},{"damage_healed":0,"gold_gain":270,"player_choice":"GOLD GOLD GOLD ","damage_taken":32,"max_hp_gain":0,"max_hp_loss":0,"event_name":"Knowing Skull","floor":23,"potions_obtained":[],"gold_loss":0,"cards_obtained":[]}],"is_beta":true,"boss_relics":[{"not_picked":["Calling Bell","Eternal Feather"],"picked":"Sozu"}],"items_purged_floors":[21],"is_endless":false,"potions_floor_spawned":[2,3,4,13,20,22,27,29],"killed_by":"Sentry and Sphere","ascension_level":0}