{"gold_per_floor":[215,23,39,39,39,39,39,68,149,169,169,59,59,69,69,173,173,188,39,39],"floor_reached":20,"playtime":727,"items_purged":["Strike_R"],"score":204,"play_id":"fe6d3f75-a1b1-43d9-8d33-3f92a2cb9017","local_time":"20190117233901","is_ascension_mode":true,"campfire_choices":[{"data":"Apotheosis","floor":6,"key":"SMITH"},{"floor":11,"key":"REST"},{"floor":15,"key":"REST"}],"neow_cost":"NONE","seed_source_timestamp":841590234072043,"circlet_count":0,"master_deck":["Strike_R","Strike_R","Defend_R","Defend_R","Defend_R","Defend_R","Bash","Thunderclap","Apotheosis+1","Sword Boomerang","Cleave","Rupture","Juggernaut","Shrug It Off","Corruption","Dropkick","Clothesline","Demon Form","Power Through","Metallicize","Sentinel"],"relics":["Burning Blood","Peace Pipe","Question Card","Black Star"],"potions_floor_usage":[16,18],"damage_taken":[{"damage":0,"enemies":"Small Slimes","floor":1,"turns":3},{"damage":14,"enemies":"2 Louse","floor":3,"turns":2},{"damage":44,"enemies":"Lagavulin","floor":8,"turns":6},{"damage":2,"enemies":"Cultist","floor":10,"turns":4},{"damage":8,"enemies":"Exordium Wildlife","floor":14,"turns":4},{"damage":20,"enemies":"Slime Boss","floor":16,"turns":7},{"damage":58,"enemies":"3 Byrds","floor":18,"turns":5},{"damage":45,"enemies":"Colosseum Slavers","floor":20,"turns":5}],"seed_played":"3946840401227228887","potions_obtained":[{"floor":8,"key":"Fire Potion"},{"floor":10,"key":"BloodPotion"}],"is_trial":false,"path_per_floor":["M","$","M","$","?","R","?","E","T","M","R","$","?","M","R","B",null,"M","$","?"],"character_chosen":"IRONCLAD","items_purchased":["Apotheosis","Sword Boomerang","Corruption","Metallicize","Sentinel"],"campfire_rested":2,"item_purchase_floors":[2,2,12,19,19],"current_hp_per_floor":[80,80,72,72,72,72,72,34,34,38,62,62,62,60,80,66,80,36,36,0],"gold":39,"neow_bonus":"HUNDRED_GOLD","is_prod":false,"is_daily":false,"chose_seed":false,"campfire_upgraded":1,"win_rate":0,"timestamp":1547728741,"path_taken":["M","$","M","$","?","R","?","E","T","?","R","$","?","M","R","BOSS","M","$","?"],"build_version":"2019-01-10","purchased_purges":1,"victory":false,"max_hp_per_floor":[80,80,80,80,80,80,80,80,80,80,80,80,80,80,80,80,80,80,80,80],"card_choices":[{"not_picked":["Flex","Sever Soul"],"picked":"Thunderclap","floor":1},{"not_picked":["Perfected Strike","Headbutt"],"picked":"Cleave","floor":3},{"not_picked":["Reckless Charge","Headbutt"],"picked":"Juggernaut","floor":8},{"not_picked":["Searing Blow","Clash","Shockwave"],"picked":"Shrug It Off","floor":10},{"not_picked":["Pummel","Thunderclap","Clash"],"picked":"Clothesline","floor":14},{"not_picked":["Reaper","Double Tap","Fiend Fire"],"picked":"Demon Form","floor":16},{"not_picked":["Warcry","Fire Breathing","Twin Strike"],"picked":"Power Through","floor":18}],"player_experience":469539,"relics_obtained":[{"floor":8,"key":"Peace Pipe"},{"floor":9,"key":"Question Card"}],"event_choices":[{"damage_healed":0,"gold_gain":0,"player_choice":"Ignored","damage_taken":0,"max_hp_gain":0,"max_hp_loss":0,"event_name":"Shining Light","floor":5,"gold_loss":0},{"damage_healed":0,"gold_gain":0,"cards_transformed":["Strike_R"],"player_choice":"Transformed","damage_taken":0,"max_hp_gain":0,"max_hp_loss":0,"event_name":"Transmorgrifier","floor":7,"gold_loss":0,"cards_obtained":["Rupture"]},{"damage_healed":0,"gold_gain":0,"cards_transformed":["Strike_R"],"player_choice":"Change","damage_taken":0,"max_hp_gain":0,"max_hp_loss":0,"event_name":"Living Wall","floor":13,"gold_loss":0,"cards_obtained":["Dropkick"]},{"damage_healed":0,"gold_gain":0,"player_choice":"Fight","damage_taken":0,"max_hp_gain":0,"max_hp_loss":0,"event_name":"Colosseum","floor":20,"gold_loss":0}],"is_beta":false,"boss_relics":[{"not_picked":["Calling Bell","Pandora\u0027s Box"],"picked":"Black Star"}],"items_purged_floors":[12],"is_endless":false,"potions_floor_spawned":[8,10],"killed_by":"Colosseum Slavers","ascension_level":4}