{"gold_per_floor":[115,290,290,96,171,171,201,201,227,246,246,262,262,281,281,377,377,388,388,400,400,400,400,433,433,433,465,390,390,402,17,17,120,120,134,134,134,134,134,134,164,183,183,283,283,298,316,17,17,17],"floor_reached":51,"playtime":6976,"items_purged":["Doubt"],"score":878,"play_id":"c180c31f-2774-4840-8b21-16a0191ddeda","local_time":"20190212224022","is_ascension_mode":true,"campfire_choices":[{"data":"Well Laid Plans","floor":6.0,"key":"SMITH"},{"floor":11.0,"key":"REST"},{"floor":13.0,"key":"REST"},{"data":"Accuracy","floor":15.0,"key":"SMITH"},{"data":"Envenom","floor":23.0,"key":"SMITH"},{"floor":25.0,"key":"REST"},{"floor":29.0,"key":"REST"},{"floor":32.0,"key":"REST"},{"data":"Apotheosis","floor":40.0,"key":"SMITH"},{"floor":45.0,"key":"REST"},{"floor":49.0,"key":"REST"}],"neow_cost":"NONE","seed_source_timestamp":0,"circlet_count":0,"master_deck":["Survivor+1","Infinite Blades","Catalyst","Well Laid Plans+1","Footwork","Leg Sweep","Accuracy+1","Envenom+1","Tactician","Bouncing Flask","Bullet Time","Glass Knife","Dagger Throw","Deflect","Slice","Corpse Explosion","Crippling Poison","Backflip","Acrobatics","Cloak And Dagger","Backflip+1","Noxious Fumes","Catalyst+1","Backflip","Infinite Blades","Cloak And Dagger","Burst","PiercingWail+1","Jack Of All Trades","Apotheosis+1","Terror+1","Leg Sweep","Prepared+1","Blade Dance","Dodge and Roll+1","Blade Dance","Infinite Blades"],"special_seed":0,"relics":["Ring of the Serpent","Lantern","Bottled Tornado","Matryoshka","Vajra","War Paint","Pandora\u0027s Box","PreservedInsect","Juzu Bracelet","Bottled Flame","Smiling Mask","Mummified Hand","Meat on the Bone","Gremlin Horn","Shovel","Anchor"],"potions_floor_usage":[50,50],"damage_taken":[{"damage":1.0,"enemies":"Jaw Worm","floor":1.0,"turns":6.0},{"damage":24.0,"enemies":"3 Sentries","floor":7.0,"turns":12.0},{"damage":1.0,"enemies":"Small Slimes","floor":10.0,"turns":4.0},{"damage":0.0,"enemies":"2 Louse","floor":12.0,"turns":3.0},{"damage":0.0,"enemies":"2 Fungi Beasts","floor":14.0,"turns":4.0},{"damage":6.0,"enemies":"Slime Boss","floor":16.0,"turns":12.0},{"damage":5.0,"enemies":"2 Thieves","floor":18.0,"turns":2.0},{"damage":17.0,"enemies":"Spheric Guardian","floor":20.0,"turns":6.0},{"damage":18.0,"enemies":"Book of Stabbing","floor":24.0,"turns":5.0},{"damage":21.0,"enemies":"Gremlin Leader","floor":27.0,"turns":6.0},{"damage":9.0,"enemies":"Cultist and Chosen","floor":30.0,"turns":5.0},{"damage":56.0,"enemies":"Champ","floor":33.0,"turns":9.0},{"damage":29.0,"enemies":"3 Darklings","floor":35.0,"turns":3.0},{"damage":7.0,"enemies":"Reptomancer","floor":41.0,"turns":5.0},{"damage":4.0,"enemies":"Orb Walker","floor":42.0,"turns":3.0},{"damage":0.0,"enemies":"Mind Bloom Boss Battle","floor":44.0,"turns":6.0},{"damage":9.0,"enemies":"Writhing Mass","floor":46.0,"turns":5.0},{"damage":11.0,"enemies":"3 Darklings","floor":47.0,"turns":2.0},{"damage":48,"enemies":"Donu and Deca","floor":50,"turns":7}],"seed_played":"-318731715545110389","potions_obtained":[{"floor":1.0,"key":"SpeedPotion"},{"floor":7.0,"key":"Ancient Potion"},{"floor":10.0,"key":"Swift Potion"},{"floor":30.0,"key":"Fire Potion"},{"floor":33.0,"key":"Poison Potion"},{"floor":46.0,"key":"AttackPotion"}],"is_trial":false,"path_per_floor":["M","?","?","$","?","R","E","?","T","M","R","M","R","M","R","B",null,"M","?","M","?","?","R","E","R","T","E","?","R","M","$","R","B",null,"M","?","?","?","?","R","E","M","T","?","R","M","M","$","R","B",null],"character_chosen":"THE_SILENT","items_purchased":["Catalyst","Well Laid Plans","Infinite Blades","Cloak And Dagger","Mummified Hand","Blade Dance","Energy Potion","Anchor","Infinite Blades"],"campfire_rested":7,"item_purchase_floors":[4,4,31,31,31,48,48,48,48],"current_hp_per_floor":[69,69,74,74,63,63,39,32,32,31,53,53,75,75,75,69,74,69,69,52,52,75,75,57,75,75,54,54,75,66,66,75,19,61,32,32,32,27,66,66,59,55,55,55,66,57,46,46,65,29],"gold":17,"neow_bonus":"RANDOM_COMMON_RELIC","is_prod":false,"is_daily":false,"chose_seed":false,"campfire_upgraded":4,"win_rate":0,"timestamp":1549971622,"path_taken":["M","?","?","$","?","R","E","?","T","M","R","M","R","M","R","BOSS","M","?","M","?","?","R","E","R","T","E","?","R","M","$","R","BOSS","M","?","?","?","?","R","E","M","T","?","R","M","M","?","R","BOSS"],"build_version":"2019-01-23","purchased_purges":1,"victory":true,"max_hp_per_floor":[70,70,75,75,75,75,75,75,75,75,75,75,75,75,75,75,75,75,75,75,75,75,75,75,75,75,75,75,75,75,75,75,75,75,75,75,75,75,66,66,66,66,66,66,66,66,66,66,66,66],"card_choices":[{"not_picked":["Underhanded Strike","Endless Agony"],"picked":"Infinite Blades","floor":1.0},{"not_picked":["Underhanded Strike","Quick Slash"],"picked":"Footwork","floor":7.0},{"not_picked":["Dagger Spray","Sucker Punch","Riddle With Holes"],"picked":"SKIP","floor":10.0},{"not_picked":["Dodge and Roll","Infinite Blades"],"picked":"Leg Sweep","floor":12.0},{"not_picked":["Escape Plan","Dagger Spray"],"picked":"Accuracy","floor":14.0},{"not_picked":["Glass Knife","Corpse Explosion"],"picked":"Envenom","floor":16.0},{"not_picked":["Reflex+1","Outmaneuver"],"picked":"Acrobatics","floor":18.0},{"not_picked":["Bane","Bouncing Flask"],"picked":"Backflip+1","floor":20.0},{"not_picked":["Envenom","Riddle With Holes"],"picked":"Noxious Fumes","floor":24.0},{"not_picked":["Acrobatics","Deflect"],"picked":"Catalyst","floor":27.0},{"not_picked":["Underhanded Strike+1","Distraction"],"picked":"Backflip","floor":30.0},{"not_picked":["Unload","Wraith Form v2"],"picked":"Burst","floor":33.0},{"not_picked":["Dagger Spray+1","Distraction"],"picked":"PiercingWail+1","floor":35.0},{"not_picked":["Secret Weapon","Impatience"],"picked":"Jack Of All Trades","floor":38.0},{"not_picked":["Forethought","Jack Of All Trades"],"picked":"Apotheosis","floor":38.0},{"not_picked":["Concentrate","Eviscerate"],"picked":"Terror+1","floor":41.0},{"not_picked":["PiercingWail","Masterful Stab+1"],"picked":"Leg Sweep","floor":42.0},{"not_picked":["Dagger Spray+1","Escape Plan+1"],"picked":"Prepared+1","floor":44.0},{"not_picked":["Concentrate+1","Poisoned Stab+1"],"picked":"Blade Dance","floor":46.0},{"not_picked":["Caltrops+1","Poisoned Stab"],"picked":"Dodge and Roll+1","floor":47.0}],"player_experience":692699,"relics_obtained":[{"floor":7.0,"key":"Bottled Tornado"},{"floor":9.0,"key":"Vajra"},{"floor":9.0,"key":"War Paint"},{"floor":24.0,"key":"PreservedInsect"},{"floor":26.0,"key":"Juzu Bracelet"},{"floor":26.0,"key":"Bottled Flame"},{"floor":27.0,"key":"Smiling Mask"},{"floor":41.0,"key":"Meat on the Bone"},{"floor":43.0,"key":"Gremlin Horn"},{"floor":44.0,"key":"Shovel"}],"event_choices":[{"damage_healed":0.0,"max_hp_gain":0.0,"max_hp_loss":0.0,"gold_gain":175.0,"event_name":"Liars Game","player_choice":"AGREE","floor":2.0,"gold_loss":0.0,"damage_taken":0.0,"cards_obtained":["Doubt"]},{"damage_healed":0.0,"max_hp_gain":5.0,"max_hp_loss":0.0,"gold_gain":0.0,"event_name":"Big Fish","player_choice":"Donut","floor":3.0,"gold_loss":0.0,"damage_taken":0.0},{"damage_healed":0.0,"max_hp_gain":0.0,"max_hp_loss":0.0,"gold_gain":75.0,"event_name":"World of Goop","player_choice":"Gather Gold","floor":5.0,"gold_loss":0.0,"damage_taken":11.0},{"damage_healed":0.0,"max_hp_gain":0.0,"max_hp_loss":0.0,"gold_gain":0.0,"event_name":"Scrap Ooze","player_choice":"Success","floor":8.0,"gold_loss":0.0,"damage_taken":7.0,"relics_obtained":["Matryoshka"]},{"damage_healed":0.0,"max_hp_gain":0.0,"max_hp_loss":0.0,"gold_gain":0.0,"event_name":"The Library","player_choice":"Read","floor":19.0,"gold_loss":0.0,"damage_taken":0.0,"cards_obtained":["Cloak And Dagger"]},{"damage_healed":0.0,"max_hp_gain":0.0,"max_hp_loss":0.0,"gold_gain":0.0,"event_name":"Vampires","player_choice":"Ignored","floor":21.0,"gold_loss":0.0,"damage_taken":0.0},{"damage_healed":23.0,"max_hp_gain":0.0,"max_hp_loss":0.0,"gold_gain":0.0,"event_name":"Wheel of Change","player_choice":"Full Heal","floor":22.0,"gold_loss":0.0,"damage_taken":0.0},{"cards_removed":["Neutralize"],"damage_healed":0.0,"max_hp_gain":0.0,"max_hp_loss":0.0,"gold_gain":0.0,"event_name":"Beggar","player_choice":"Gave Gold","floor":28.0,"gold_loss":75.0,"damage_taken":0.0},{"damage_healed":0.0,"max_hp_gain":0.0,"max_hp_loss":0.0,"gold_gain":0.0,"event_name":"Mysterious Sphere","player_choice":"Ignored","floor":36.0,"gold_loss":0.0,"damage_taken":0.0},{"damage_healed":0.0,"max_hp_gain":0.0,"max_hp_loss":0.0,"gold_gain":0.0,"event_name":"Accursed Blacksmith","player_choice":"Forge","floor":37.0,"gold_loss":0.0,"damage_taken":0.0,"cards_upgraded":["Catalyst"]},{"damage_healed":0.0,"max_hp_gain":0.0,"max_hp_loss":0.0,"gold_gain":0.0,"event_name":"SensoryStone","player_choice":"Memory 2","floor":38.0,"gold_loss":0.0,"damage_taken":5.0},{"damage_healed":66.0,"max_hp_gain":0.0,"max_hp_loss":9.0,"gold_gain":0.0,"event_name":"The Moai Head","player_choice":"Heal","floor":39.0,"gold_loss":0.0,"damage_taken":0.0},{"damage_healed":0.0,"max_hp_gain":0.0,"max_hp_loss":0.0,"gold_gain":0.0,"event_name":"MindBloom","player_choice":"Fight","floor":44.0,"gold_loss":0.0,"damage_taken":0.0}],"is_beta":false,"boss_relics":[{"not_picked":["Astrolabe","Eternal Feather"],"picked":"Pandora\u0027s Box"},{"not_picked":["Coffee Dripper","White Beast Statue"],"picked":"Ring of the Serpent"}],"items_purged_floors":[4],"is_endless":false,"potions_floor_spawned":[1,7,10,30,33,46],"ascension_level":5}