{"gold_per_floor":[118,118,134,184,201,201,220,233,233,233,37,62,62,87,87,159,159,178,103,103,153,103,136,153,153,153,153,167,167],"floor_reached":29,"playtime":1277,"items_purged":[],"score":477,"play_id":"f23610cd-cce6-478d-a284-aa3a4935e7a5","local_time":"20190312220255","is_ascension_mode":true,"campfire_choices":[{"data":"Immolate","floor":6.0,"key":"SMITH"},{"data":"Anger","floor":10.0,"key":"SMITH"},{"floor":15.0,"key":"REST"},{"data":"Limit Break","floor":25.0,"key":"SMITH"},{"floor":27.0,"key":"REST"}],"neow_cost":"NONE","seed_source_timestamp":245870563524321,"circlet_count":0,"master_deck":["AscendersBane","Strike_R","Defend_R","Defend_R","Defend_R","Defend_R","Bash","Clothesline","Immolate+1","Anger+1","Uppercut","Seeing Red","Impervious","Inflame","Warcry","Entrench","Feel No Pain","Limit Break+1","Impervious","Shrug It Off+1","Shrug It Off","Clothesline+1","Entrench+1","Shockwave+1"],"special_seed":0,"relics":["Burning Blood","NeowsBlessing","Happy Flower","Calipers","Omamori","Dream Catcher","Runic Pyramid","Centennial Puzzle","Toxic Egg 2"],"potions_floor_usage":[],"damage_taken":[{"damage":0.0,"enemies":"2 Louse","floor":1.0,"turns":1.0},{"damage":0.0,"enemies":"Cultist","floor":3.0,"turns":1.0},{"damage":0.0,"enemies":"Jaw Worm","floor":5.0,"turns":1.0},{"damage":12.0,"enemies":"Looter","floor":7.0,"turns":3.0},{"damage":9.0,"enemies":"3 Louse","floor":8.0,"turns":2.0},{"damage":10.0,"enemies":"Lagavulin","floor":12.0,"turns":5.0},{"damage":20.0,"enemies":"3 Sentries","floor":14.0,"turns":3.0},{"damage":20.0,"enemies":"Hexaghost","floor":16.0,"turns":8.0},{"damage":14.0,"enemies":"3 Byrds","floor":18.0,"turns":6.0},{"damage":23.0,"enemies":"Book of Stabbing","floor":23.0,"turns":5.0},{"damage":17.0,"enemies":"Spheric Guardian","floor":24.0,"turns":5.0},{"damage":15.0,"enemies":"Snake Plant","floor":28.0,"turns":5.0},{"damage":47,"enemies":"Slavers","floor":29,"turns":7}],"seed_played":"-3968398817408391966","potions_obtained":[{"floor":1.0,"key":"SkillPotion"},{"floor":3.0,"key":"EssenceOfSteel"},{"floor":8.0,"key":"Explosive Potion"},{"floor":16.0,"key":"AttackPotion"},{"floor":18.0,"key":"LiquidBronze"}],"is_trial":false,"path_per_floor":["M","?","M","T","M","R","M","M","T","R","$","E","?","E","R","B",null,"M","?","?","?","?","E","M","R","T","R","M","E"],"character_chosen":"IRONCLAD","items_purchased":["Impervious","Inflame"],"campfire_rested":2,"item_purchase_floors":[11,11],"current_hp_per_floor":[74,74,75,75,75,75,69,66,66,66,66,62,62,48,70,56,70,62,62,62,62,62,45,34,34,34,56,47,0],"gold":167,"neow_bonus":"THREE_ENEMY_KILL","is_prod":false,"is_daily":false,"chose_seed":false,"campfire_upgraded":3,"win_rate":0,"timestamp":1552388575,"path_taken":["M","?","?","?","M","R","M","M","T","R","$","E","?","E","R","BOSS","M","?","?","?","?","E","?","R","T","R","M","E"],"build_version":"2019-01-23","purchased_purges":0,"victory":false,"max_hp_per_floor":[75,75,75,75,75,75,75,75,75,75,75,75,75,75,75,75,75,75,75,75,75,75,75,75,75,75,75,75,75],"card_choices":[{"not_picked":["Carnage","Clash"],"picked":"Clothesline","floor":1.0},{"not_picked":["Perfected Strike","Armaments"],"picked":"Immolate","floor":3.0},{"not_picked":["Clothesline","Pommel Strike"],"picked":"Anger","floor":5.0},{"not_picked":["Iron Wave","Wild Strike"],"picked":"Uppercut","floor":7.0},{"not_picked":["Armaments","Flex"],"picked":"Seeing Red","floor":8.0},{"not_picked":["Wild Strike","Dual Wield"],"picked":"Warcry","floor":12.0},{"not_picked":["Infernal Blade","Spot Weakness"],"picked":"Feel No Pain","floor":14.0},{"not_picked":["Armaments","Entrench"],"picked":"Limit Break","floor":15.0},{"not_picked":["Immolate","Offering"],"picked":"Impervious","floor":16.0},{"not_picked":["Iron Wave","Anger"],"picked":"Shrug It Off+1","floor":18.0},{"not_picked":["Reckless Charge","Rupture"],"picked":"Shrug It Off","floor":23.0},{"not_picked":["Anger","Warcry"],"picked":"Clothesline+1","floor":24.0},{"not_picked":["Inflame","Bloodletting+1"],"picked":"Entrench+1","floor":27.0},{"not_picked":["Perfected Strike+1","Thunderclap"],"picked":"Shockwave+1","floor":28.0}],"player_experience":835568,"relics_obtained":[{"floor":4.0,"key":"Happy Flower"},{"floor":9.0,"key":"Calipers"},{"floor":12.0,"key":"Omamori"},{"floor":14.0,"key":"Dream Catcher"},{"floor":23.0,"key":"Centennial Puzzle"},{"floor":26.0,"key":"Toxic Egg 2"}],"event_choices":[{"cards_removed":["Strike_R"],"damage_healed":0.0,"max_hp_gain":0.0,"max_hp_loss":0.0,"gold_gain":0.0,"event_name":"Bonfire Elementals","player_choice":"Offered Basic","floor":2.0,"gold_loss":0.0,"damage_taken":0.0},{"damage_healed":0.0,"max_hp_gain":0.0,"max_hp_loss":0.0,"gold_gain":0.0,"cards_transformed":["Strike_R"],"event_name":"Living Wall","player_choice":"Change","floor":13.0,"gold_loss":0.0,"damage_taken":0.0,"cards_obtained":["Entrench"]},{"cards_removed":["Strike_R"],"damage_healed":0.0,"max_hp_gain":0.0,"max_hp_loss":0.0,"gold_gain":0.0,"event_name":"Beggar","player_choice":"Gave Gold","floor":19.0,"gold_loss":75.0,"damage_taken":0.0},{"cards_removed":["Strike_R"],"damage_healed":0.0,"max_hp_gain":0.0,"max_hp_loss":0.0,"gold_gain":0.0,"event_name":"Back to Basics","player_choice":"Elegance","floor":20.0,"gold_loss":0.0,"damage_taken":0.0},{"damage_healed":0.0,"max_hp_gain":0.0,"max_hp_loss":0.0,"gold_gain":50.0,"event_name":"Nest","player_choice":"Stole From Cult","floor":21.0,"gold_loss":0.0,"damage_taken":0.0},{"damage_healed":0.0,"max_hp_gain":0.0,"max_hp_loss":0.0,"gold_gain":0.0,"event_name":"The Joust","player_choice":"Bet on Murderer","floor":22.0,"gold_loss":50.0,"damage_taken":0.0}],"is_beta":false,"boss_relics":[{"not_picked":["Sozu","Philosopher\u0027s Stone"],"picked":"Runic Pyramid"}],"items_purged_floors":[],"is_endless":false,"potions_floor_spawned":[1,3,7,8,16,18],"killed_by":"Slavers","ascension_level":18}