{"gold_per_floor":[369,121,140,150,163,198,213,213,213,224,253,269,21,33,33,33],"floor_reached":16,"playtime":749,"items_purged":[],"score":187,"play_id":"be1d5a95-eb06-4835-be27-4a2d31bb3e48","local_time":"20190204093414","is_ascension_mode":true,"campfire_choices":[{"floor":8,"key":"REST"},{"floor":15,"key":"REST"}],"neow_cost":"PERCENT_DAMAGE","seed_source_timestamp":87283695226755,"circlet_count":0,"master_deck":["Strike_B","Strike_B","Strike_B","Strike_B","Defend_B","Defend_B","Defend_B","Defend_B","Zap","Dualcast","Go for the Eyes","Cold Snap","Sunder","Loop","Gash","Gash","Rebound","Seek","Gash","BootSequence","Ball Lightning","Conserve Battery","Defragment","Gash"],"special_seed":0,"relics":["Cracked Core","Ancient Tea Set","Art of War","Question Card","Blood Vial","Vajra"],"potions_floor_usage":[6,6,11,12,16],"damage_taken":[{"damage":1.0,"enemies":"Cultist","floor":1.0,"turns":3.0},{"damage":0.0,"enemies":"Jaw Worm","floor":3.0,"turns":3.0},{"damage":7.0,"enemies":"2 Louse","floor":4.0,"turns":3.0},{"damage":11.0,"enemies":"Blue Slaver","floor":5.0,"turns":3.0},{"damage":7,"enemies":"3 Sentries","floor":6,"turns":7},{"damage":11,"enemies":"2 Fungi Beasts","floor":7,"turns":3},{"damage":4,"enemies":"Red Slaver","floor":10,"turns":2},{"damage":14,"enemies":"Lagavulin","floor":11,"turns":6},{"damage":4,"enemies":"Blue Slaver","floor":12,"turns":3},{"damage":0,"enemies":"Looter","floor":14,"turns":3},{"damage":50,"enemies":"Slime Boss","floor":16,"turns":6}],"seed_played":"-8261187059260231405","potions_obtained":[{"floor":1.0,"key":"FearPotion"},{"floor":4.0,"key":"SneckoOil"},{"floor":5.0,"key":"SkillPotion"},{"floor":10,"key":"EssenceOfSteel"},{"floor":12,"key":"GamblersBrew"}],"is_trial":false,"path_per_floor":["M","$","M","M","M","E","M","R","T","M","E","M","$","M","R","B"],"character_chosen":"DEFECT","items_purchased":["Cold Snap","Ancient Tea Set","Sunder","Conserve Battery","Vajra","Defragment"],"campfire_rested":2,"item_purchase_floors":[2,2,2,13,13,13],"current_hp_per_floor":[49,49,49,42,31,24,13,35,35,31,17,15,15,17,39,0],"gold":33,"neow_bonus":"TWO_FIFTY_GOLD","is_prod":false,"is_daily":false,"chose_seed":false,"campfire_upgraded":0,"win_rate":0,"timestamp":1549244054,"path_taken":["M","$","M","M","?","E","M","R","T","M","E","M","$","M","R","BOSS"],"build_version":"2019-01-23","purchased_purges":0,"victory":false,"max_hp_per_floor":[75,75,75,75,75,75,75,75,75,75,75,75,75,75,75,75],"card_choices":[{"not_picked":["Lockon","Darkness"],"picked":"Go for the Eyes","floor":1.0},{"not_picked":["Redo","Sweeping Beam"],"picked":"Loop","floor":3.0},{"not_picked":["Ball Lightning","Rebound"],"picked":"Gash","floor":4.0},{"not_picked":["Steam Power","Barrage"],"picked":"Gash","floor":5.0},{"not_picked":["Skim","Sweeping Beam"],"picked":"Rebound","floor":6},{"not_picked":["Ball Lightning","Stack"],"picked":"Seek","floor":7},{"not_picked":["Steam","Multi-Cast","Hello World"],"picked":"Gash","floor":10},{"not_picked":["Leap","Fission","Skim"],"picked":"BootSequence","floor":11},{"not_picked":["Chaos","Reprogram","Scrape"],"picked":"Ball Lightning","floor":12},{"not_picked":["Turbo","Stack","Fusion"],"picked":"Gash","floor":14}],"player_experience":636463,"relics_obtained":[{"floor":6,"key":"Art of War"},{"floor":9,"key":"Question Card"},{"floor":11,"key":"Blood Vial"}],"event_choices":[],"is_beta":false,"boss_relics":[],"items_purged_floors":[],"is_endless":false,"potions_floor_spawned":[1,4,5,10,12],"killed_by":"Slime Boss","ascension_level":8}