{"gold_per_floor":[118,129,129,143,154,182,192,192,192,210,239,249,249,269,269,269],"floor_reached":16,"playtime":1493,"items_purged":[],"score":116,"play_id":"58d8005e-56cc-4241-9fd8-6f83dcd7c468","local_time":"20190714234713","is_ascension_mode":false,"campfire_choices":[{"floor":8,"key":"REST"},{"floor":15,"key":"REST"}],"neow_cost":"NONE","seed_source_timestamp":258557764312969,"circlet_count":0,"master_deck":["Strike_R","Strike_R","Strike_R+1","Strike_R","Strike_R","Defend_R","Defend_R","Defend_R","Defend_R","Battle Trance","Clothesline","Shrug It Off","Flex","Flex","Pommel Strike","Sever Soul","Pommel Strike","Hemokinesis","Whirlwind"],"relics":["Burning Blood","Boot","Peace Pipe","Kunai"],"potions_floor_usage":[16,16,16],"damage_taken":[{"damage":13,"enemies":"Jaw Worm","floor":1,"turns":4},{"damage":4,"enemies":"Cultist","floor":2,"turns":3},{"damage":6,"enemies":"Small Slimes","floor":4,"turns":3},{"damage":13,"enemies":"3 Louse","floor":5,"turns":4},{"damage":32,"enemies":"Gremlin Nob","floor":6,"turns":5},{"damage":7,"enemies":"Blue Slaver","floor":7,"turns":4},{"damage":4,"enemies":"Exordium Thugs","floor":10,"turns":4},{"damage":32,"enemies":"3 Sentries","floor":11,"turns":7},{"damage":17,"enemies":"Gremlin Gang","floor":12,"turns":5},{"damage":3,"enemies":"Lots of Slimes","floor":14,"turns":3},{"damage":62,"enemies":"Hexaghost","floor":16,"turns":10}],"seed_played":"8120305638791081296","potions_obtained":[{"floor":2,"key":"SkillPotion"},{"floor":4,"key":"Dexterity Potion"},{"floor":7,"key":"Fruit Juice"},{"floor":14,"key":"SpeedPotion"}],"is_trial":false,"path_per_floor":["M","M","?","M","M","E","M","R","T","M","E","M","?","M","R","B"],"character_chosen":"IRONCLAD","items_purchased":[],"campfire_rested":2,"item_purchase_floors":[],"current_hp_per_floor":[73,75,75,75,68,42,41,65,65,67,41,30,30,33,57,0],"gold":269,"neow_bonus":"TRANSFORM_CARD","is_prod":false,"is_daily":false,"chose_seed":false,"campfire_upgraded":0,"win_rate":0.0,"timestamp":1563119233,"path_taken":["M","M","?","?","M","E","M","R","T","M","E","M","?","M","R","BOSS"],"build_version":"2019-07-05","purchased_purges":0,"victory":false,"max_hp_per_floor":[80,80,80,80,80,80,80,80,80,80,80,80,80,80,80,85],"card_choices":[{"not_picked":["Battle Trance","Metallicize"],"picked":"Clothesline","floor":1},{"not_picked":["Metallicize","Warcry"],"picked":"Shrug It Off","floor":2},{"not_picked":["Searing Blow","Iron Wave"],"picked":"Flex","floor":4},{"not_picked":["Iron Wave","Fire Breathing"],"picked":"Flex","floor":5},{"not_picked":["Body Slam","Brutality"],"picked":"Pommel Strike","floor":6},{"not_picked":["Combust","Battle Trance"],"picked":"Sever Soul","floor":7},{"not_picked":["Warcry","Juggernaut"],"picked":"Pommel Strike","floor":10},{"not_picked":["Pummel","Burning Pact","Thunderclap"],"picked":"SKIP","floor":11},{"not_picked":["Body Slam","Anger"],"picked":"Hemokinesis","floor":12},{"not_picked":["Pommel Strike","Dropkick"],"picked":"Whirlwind","floor":14}],"player_experience":2225,"relics_obtained":[{"floor":6,"key":"Boot"},{"floor":9,"key":"Peace Pipe"},{"floor":11,"key":"Kunai"}],"event_choices":[{"damage_healed":0,"gold_gain":0,"player_choice":"Upgraded","damage_taken":0,"max_hp_gain":0,"max_hp_loss":0,"event_name":"Upgrade Shrine","floor":3,"gold_loss":0,"cards_upgraded":["Strike_R"]},{"damage_healed":0,"gold_gain":0,"player_choice":"Ignored","damage_taken":0,"max_hp_gain":0,"max_hp_loss":0,"event_name":"Golden Idol","floor":13,"gold_loss":0}],"is_beta":false,"boss_relics":[],"items_purged_floors":[],"is_endless":false,"potions_floor_spawned":[2,4,7,14],"killed_by":"Hexaghost","ascension_level":0}