{"gold_per_floor":[114,130,130,149,164,164,181,181,181,181,181,198,267,300,300,373,423,441,232,207,220,120,153,153],"floor_reached":24,"playtime":974,"items_purged":["Strike_G","Strike_G"],"score":436,"play_id":"415ba0be-6678-4337-bb9c-ede6e2e6e39c","local_time":"20190628152110","is_ascension_mode":true,"campfire_choices":[{"data":"Cloak And Dagger","floor":6.0,"key":"SMITH"},{"data":"Skewer","floor":8.0,"key":"SMITH"},{"data":"Neutralize","floor":10.0,"key":"SMITH"},{"data":"Glass Knife","floor":15.0,"key":"SMITH"}],"neow_cost":"NONE","seed_source_timestamp":0,"circlet_count":0,"master_deck":["AscendersBane","Defend_G","Defend_G","Defend_G","Defend_G","Defend_G","Strike_G","Strike_G","Survivor","Neutralize+1","Footwork+1","Cloak And Dagger+1","Skewer+1","Glass Knife+1","Noxious Fumes","Acrobatics","Catalyst","Prepared+1","Malaise"],"special_seed":0,"relics":["Ring of the Snake","Kunai","SsserpentHead","Girya","Tiny House","Question Card"],"potions_floor_usage":[21,23],"damage_taken":[{"damage":4.0,"enemies":"2 Louse","floor":1.0,"turns":4.0},{"damage":1.0,"enemies":"Cultist","floor":2.0,"turns":5.0},{"damage":0.0,"enemies":"Small Slimes","floor":4.0,"turns":5.0},{"damage":8.0,"enemies":"3 Louse","floor":5.0,"turns":3.0},{"damage":1.0,"enemies":"Blue Slaver","floor":7.0,"turns":6.0},{"damage":4.0,"enemies":"2 Fungi Beasts","floor":12.0,"turns":3.0},{"damage":2.0,"enemies":"Red Slaver","floor":13.0,"turns":3.0},{"damage":28.0,"enemies":"Gremlin Nob","floor":14.0,"turns":4.0},{"damage":16.0,"enemies":"Hexaghost","floor":16.0,"turns":10.0},{"damage":9.0,"enemies":"3 Byrds","floor":18.0,"turns":6.0},{"damage":15,"enemies":"Shell Parasite","floor":21,"turns":7},{"damage":15,"enemies":"Book of Stabbing","floor":23,"turns":6},{"damage":4,"enemies":"Cultist and Chosen","floor":24,"turns":3}],"seed_played":"-4080100307657508091","potions_obtained":[{"floor":2.0,"key":"Strength Potion"},{"floor":12.0,"key":"LiquidBronze"},{"floor":13.0,"key":"FearPotion"},{"floor":16.0,"key":"Ancient Potion"},{"floor":17.0,"key":"PowerPotion"},{"floor":21,"key":"SteroidPotion"}],"is_trial":false,"path_per_floor":["M","M","?","M","M","R","M","R","T","R","?","M","M","E","R","B",null,"M","$","?","M","$","E","M"],"character_chosen":"THE_SILENT","items_purchased":["Acrobatics","Catalyst"],"campfire_rested":0,"item_purchase_floors":[19,19],"current_hp_per_floor":[61,60,60,60,52,52,51,51,51,51,51,47,45,17,17,1,59,50,50,50,35,35,20,16],"gold":153,"neow_bonus":"TEN_PERCENT_HP_BONUS","is_prod":false,"is_daily":false,"chose_seed":false,"campfire_upgraded":4,"win_rate":0,"timestamp":1561706470,"path_taken":["M","M","?","?","M","R","M","R","T","R","?","M","?","E","R","BOSS","M","$","?","M","$","E","M"],"build_version":"2019-01-23","purchased_purges":2,"victory":false,"max_hp_per_floor":[72,72,72,72,72,72,72,72,72,72,72,72,72,72,72,72,77,77,77,77,77,77,77,77],"card_choices":[{"not_picked":["Outmaneuver","Terror","Caltrops"],"picked":"SKIP","floor":1.0},{"not_picked":["Underhanded Strike","Distraction","Leg Sweep"],"picked":"SKIP","floor":2.0},{"not_picked":["Slice","Quick Slash","Expertise"],"picked":"SKIP","floor":4.0},{"not_picked":["Terror","Quick Slash"],"picked":"Cloak And Dagger","floor":5.0},{"not_picked":["Crippling Poison","Blade Dance"],"picked":"Skewer","floor":7.0},{"not_picked":["Leg Sweep","Quick Slash","Backstab"],"picked":"SKIP","floor":12.0},{"not_picked":["Skewer","Setup"],"picked":"Glass Knife","floor":13.0},{"not_picked":["Expertise","Poisoned Stab","Caltrops"],"picked":"SKIP","floor":14.0},{"not_picked":["Expertise","Poisoned Stab","Caltrops"],"picked":"SKIP","floor":14.0},{"not_picked":["Sucker Punch","Quick Slash"],"picked":"Noxious Fumes","floor":17.0},{"not_picked":["Backflip","Sucker Punch","Quick Slash+1"],"picked":"SKIP","floor":18.0},{"not_picked":["Outmaneuver","Acrobatics"],"picked":"Prepared+1","floor":21},{"not_picked":["Flechettes","Expertise"],"picked":"Malaise","floor":23}],"player_experience":1018504,"relics_obtained":[{"floor":9.0,"key":"Kunai"},{"floor":14.0,"key":"Girya"},{"floor":23,"key":"Question Card"}],"event_choices":[{"damage_healed":0.0,"max_hp_gain":0.0,"max_hp_loss":0.0,"gold_gain":0.0,"event_name":"Match and Keep!","player_choice":"1 cards matched","floor":3.0,"gold_loss":0.0,"damage_taken":0.0,"cards_obtained":["Footwork"]},{"damage_healed":0.0,"max_hp_gain":0.0,"max_hp_loss":0.0,"gold_gain":0.0,"event_name":"FaceTrader","player_choice":"Trade","floor":11.0,"gold_loss":0.0,"damage_taken":0.0,"relics_obtained":["SsserpentHead"]},{"cards_removed":["Strike_G"],"damage_healed":0.0,"max_hp_gain":0.0,"max_hp_loss":0.0,"gold_gain":0.0,"event_name":"Beggar","player_choice":"Gave Gold","floor":20.0,"gold_loss":75.0,"damage_taken":0.0}],"is_beta":false,"boss_relics":[{"not_picked":["White Beast Statue","Ectoplasm"],"picked":"Tiny House"}],"items_purged_floors":[19,22],"is_endless":false,"potions_floor_spawned":[2,12,13,16,21],"killed_by":"Cultist and Chosen","ascension_level":20}