{"gold_per_floor":[16,16,27,41,57,57,86,86,86,86,111,111,144,1,1,105,105,115,127,127,127,145,145,32,32,88,88,106,120,120,135,135,235,235,255,255,255,255,195,195,195],"floor_reached":41,"playtime":2427,"items_purged":[],"score":559,"play_id":"d08c29ef-2ad2-4d22-944e-beedcc7597bf","local_time":"20190128153833","is_ascension_mode":true,"campfire_choices":[{"data":"Sunder","floor":6.0,"key":"SMITH"},{"floor":8.0,"key":"REST"},{"data":"Self Repair","floor":10.0,"key":"SMITH"},{"floor":12.0,"key":"REST"},{"floor":15,"key":"REST"},{"data":"Ghostly","floor":23,"key":"SMITH"},{"data":"Ghostly","floor":25,"key":"SMITH"},{"data":"Ghostly","floor":30,"key":"SMITH"},{"data":"Ghostly","floor":32,"key":"SMITH"},{"data":"Ghostly","floor":40,"key":"SMITH"}],"neow_cost":"NO_GOLD","seed_source_timestamp":45193675522934,"circlet_count":0,"master_deck":["Strike_B+1","Strike_B+1","Defend_B","Defend_B","Defend_B","Zap+1","Dualcast","Auto Shields","Sunder+1","Self Repair+1","Coolheaded","Conserve Battery","Chill","Beam Cell","Heatsinks","Electrodynamics","Glacier+1","Cold Snap","Ghostly+1","Ghostly+1","Ghostly+1","Ghostly+1","Ghostly+1","Melter","Coolheaded","Aggregate","BootSequence","Hologram","Force Field+1","Echo Form","Coolheaded+1","Madness","Madness","Steam Power","Skim"],"special_seed":0,"relics":["Cracked Core","Nunchaku","Whetstone","Potion Belt","Darkstone Periapt","Dream Catcher","DataDisk","Inserter","Tiny Chest","GremlinMask","Nuclear Battery","Gremlin Horn"],"potions_floor_usage":[16,16,19,31,33,33],"damage_taken":[{"damage":8.0,"enemies":"Jaw Worm","floor":1.0,"turns":4.0},{"damage":0.0,"enemies":"Cultist","floor":3.0,"turns":3.0},{"damage":0.0,"enemies":"Small Slimes","floor":4.0,"turns":3.0},{"damage":11.0,"enemies":"Exordium Wildlife","floor":5.0,"turns":4.0},{"damage":20.0,"enemies":"Lagavulin","floor":7.0,"turns":7.0},{"damage":25.0,"enemies":"Gremlin Nob","floor":11.0,"turns":4.0},{"damage":29.0,"enemies":"Lagavulin","floor":13.0,"turns":6.0},{"damage":74,"enemies":"Hexaghost","floor":16,"turns":11},{"damage":1,"enemies":"Chosen","floor":18,"turns":3},{"damage":19,"enemies":"Spheric Guardian","floor":19,"turns":6},{"damage":1,"enemies":"Centurion and Healer","floor":22,"turns":9},{"damage":0,"enemies":"Snecko","floor":28,"turns":8},{"damage":0,"enemies":"Shelled Parasite and Fungi","floor":29,"turns":9},{"damage":0,"enemies":"Sentry and Sphere","floor":31,"turns":2},{"damage":27,"enemies":"Collector","floor":33,"turns":17},{"damage":1,"enemies":"3 Shapes","floor":35,"turns":7},{"damage":33,"enemies":"Giant Head","floor":41,"turns":14}],"seed_played":"-6582618061714116691","potions_obtained":[{"floor":1.0,"key":"SkillPotion"},{"floor":4.0,"key":"SteroidPotion"},{"floor":11.0,"key":"Dexterity Potion"},{"floor":13.0,"key":"Regen Potion"},{"floor":16,"key":"SkillPotion"},{"floor":18,"key":"SpeedPotion"},{"floor":28,"key":"GamblersBrew"},{"floor":29,"key":"Weak Potion"}],"is_trial":false,"path_per_floor":["M","?","M","M","M","R","E","R","T","R","E","R","E","$","R","B",null,"M","M","?","?","M","R","$","R","T","?","M","M","R","M","R","B",null,"M","?","?","T","?","R","E"],"character_chosen":"DEFECT","items_purchased":["DataDisk","Coolheaded","Aggregate"],"campfire_rested":3,"item_purchase_floors":[14,24,24],"current_hp_per_floor":[67,67,67,67,63,63,50,72,72,72,57,75,56,56,75,6,58,57,48,37,37,37,37,37,37,37,37,37,37,37,37,37,20,33,37,32,32,32,32,32,0],"gold":195,"neow_bonus":"ONE_RARE_RELIC","is_prod":false,"is_daily":false,"chose_seed":false,"campfire_upgraded":7,"win_rate":0,"timestamp":1548650313,"path_taken":["M","?","M","?","M","R","E","R","T","R","E","R","E","$","R","BOSS","M","M","?","?","M","R","$","R","T","?","M","?","R","M","R","BOSS","M","?","?","?","?","R","E"],"build_version":"2019-01-23","purchased_purges":0,"victory":false,"max_hp_per_floor":[75,75,75,75,75,75,75,75,75,75,75,75,75,75,75,75,75,75,75,37,37,37,37,37,37,37,37,37,37,37,37,37,37,37,37,37,37,37,37,37,37],"card_choices":[{"not_picked":["Ball Lightning","Rebound"],"picked":"Auto Shields","floor":1.0},{"not_picked":["White Noise","Leap"],"picked":"Sunder","floor":3.0},{"not_picked":["Ball Lightning","Turbo"],"picked":"Self Repair","floor":4.0},{"not_picked":["Rebound","Consume"],"picked":"Coolheaded","floor":5.0},{"not_picked":["Consume","Rebound"],"picked":"Conserve Battery","floor":7.0},{"not_picked":["Darkness","Hologram"],"picked":"Chill","floor":11.0},{"not_picked":["Glacier","Stack"],"picked":"Beam Cell","floor":13.0},{"not_picked":["Cold Snap","Gash"],"picked":"Heatsinks","floor":15},{"not_picked":["Reboot","Biased Cognition"],"picked":"Electrodynamics","floor":16},{"not_picked":["Consume","Barrage"],"picked":"Glacier+1","floor":18},{"not_picked":["Static Discharge","Glacier+1"],"picked":"Cold Snap","floor":19},{"not_picked":["Beam Cell+1","Rebound"],"picked":"Melter","floor":22},{"not_picked":["Compile Driver","Blizzard"],"picked":"BootSequence","floor":28},{"not_picked":["Barrage","Sweeping Beam"],"picked":"Hologram","floor":29},{"not_picked":["Double Energy","Heatsinks"],"picked":"Force Field+1","floor":31},{"not_picked":["Meteor Strike","Biased Cognition"],"picked":"Echo Form","floor":33},{"not_picked":["Turbo","Sweeping Beam"],"picked":"Coolheaded+1","floor":35}],"player_experience":563284,"relics_obtained":[{"floor":7.0,"key":"Whetstone"},{"floor":9.0,"key":"Potion Belt"},{"floor":11.0,"key":"Darkstone Periapt"},{"floor":13.0,"key":"Dream Catcher"},{"floor":26,"key":"Tiny Chest"},{"floor":38,"key":"Gremlin Horn"}],"event_choices":[{"damage_healed":0.0,"max_hp_gain":0.0,"max_hp_loss":0.0,"gold_gain":0.0,"event_name":"Upgrade Shrine","player_choice":"Upgraded","floor":2.0,"gold_loss":0.0,"damage_taken":0.0,"cards_upgraded":["Zap"]},{"damage_healed":0,"gold_gain":0,"player_choice":"Became a Ghost","damage_taken":0,"max_hp_gain":0,"max_hp_loss":38,"event_name":"Ghosts","floor":20,"gold_loss":0,"cards_obtained":["Ghostly","Ghostly","Ghostly","Ghostly","Ghostly"]},{"cards_removed":["Strike_B"],"damage_healed":0,"gold_gain":0,"player_choice":"Elegance","damage_taken":0,"max_hp_gain":0,"max_hp_loss":0,"event_name":"Back to Basics","floor":21,"gold_loss":0},{"damage_healed":0,"gold_gain":0,"player_choice":"Trade","damage_taken":0,"relics_obtained":["GremlinMask"],"max_hp_gain":0,"max_hp_loss":0,"event_name":"FaceTrader","floor":27,"gold_loss":0},{"damage_healed":0,"gold_gain":0,"player_choice":"Embrace Madness","damage_taken":5,"max_hp_gain":0,"max_hp_loss":0,"event_name":"Winding Halls","floor":36,"gold_loss":0,"cards_obtained":["Madness","Madness"]},{"damage_healed":0,"gold_gain":0,"player_choice":"Ignored","damage_taken":0,"max_hp_gain":0,"max_hp_loss":0,"event_name":"Tomb of Lord Red Mask","floor":37,"gold_loss":0},{"damage_healed":0,"gold_gain":0,"cards_transformed":["Strike_B","Defend_B"],"player_choice":"Transformed Cards","damage_taken":0,"max_hp_gain":0,"max_hp_loss":0,"event_name":"Designer","floor":39,"gold_loss":60,"cards_obtained":["Steam Power","Skim"]}],"is_beta":false,"boss_relics":[{"not_picked":["Runic Dome","Snecko Eye"],"picked":"Inserter"},{"not_picked":["Coffee Dripper","Cursed Key"],"picked":"Nuclear Battery"}],"items_purged_floors":[],"is_endless":false,"potions_floor_spawned":[1,4,11,13,16,18,28,29],"killed_by":"Giant Head","ascension_level":5}