{"gold_per_floor":[360,371,7,7,7,7,116,128,194,263,317,398,410,479,491,605,617,639,686,797,834],"floor_reached":21,"playtime":1195,"items_purged":[],"score":350,"play_id":"1e0a6f90-3d4b-427a-a989-fa331d755570","local_time":"20190808123944","is_ascension_mode":true,"campfire_choices":[{"data":"HandOfGreed","floor":6.0,"key":"SMITH"},{"floor":8.0,"key":"REST"},{"data":"A Thousand Cuts","floor":15.0,"key":"SMITH"}],"neow_cost":"CURSE","seed_source_timestamp":2474428574130800,"circlet_count":0,"master_deck":["AscendersBane","Strike_G","Strike_G","Defend_G","Defend_G","Defend_G","Defend_G","Defend_G","Survivor","Neutralize","Writhe","Footwork","PiercingWail","HandOfGreed+1","A Thousand Cuts+1","Flying Knee","Dash","Glass Knife","Escape Plan","Escape Plan","Infinite Blades","Night Terror","Well Laid Plans","Dodge and Roll"],"special_seed":0,"relics":["Ring of the Snake","MawBank","Pen Nib","Dream Catcher","Bottled Lightning","Philosopher\u0027s Stone"],"potions_floor_usage":[],"damage_taken":[{"damage":3.0,"enemies":"Small Slimes","floor":1.0,"turns":4.0},{"damage":3.0,"enemies":"2 Louse","floor":2.0,"turns":6.0},{"damage":30.0,"enemies":"3 Sentries","floor":7.0,"turns":11.0},{"damage":3.0,"enemies":"Gremlin Nob","floor":10.0,"turns":4.0},{"damage":0.0,"enemies":"Jaw Worm","floor":11.0,"turns":2.0},{"damage":3.0,"enemies":"3 Louse","floor":12.0,"turns":6.0},{"damage":11.0,"enemies":"Lagavulin","floor":14.0,"turns":6.0},{"damage":1.0,"enemies":"Slime Boss","floor":16.0,"turns":9.0},{"damage":17.0,"enemies":"Spheric Guardian","floor":18.0,"turns":4.0},{"damage":23.0,"enemies":"2 Thieves","floor":19.0,"turns":5.0},{"damage":22,"enemies":"3 Cultists","floor":21,"turns":3}],"seed_played":"6270926803853414350","potions_obtained":[{"floor":10.0,"key":"Regen Potion"},{"floor":12.0,"key":"GhostInAJar"},{"floor":18.0,"key":"Fire Potion"}],"is_trial":false,"path_per_floor":["M","M","$","?","?","R","E","R","T","E","M","M","?","E","R","B",null,"M","M","?","M"],"character_chosen":"THE_SILENT","items_purchased":["HandOfGreed","A Thousand Cuts","Flying Knee"],"campfire_rested":1,"item_purchase_floors":[3,3,3],"current_hp_per_floor":[60,57,57,50,50,50,20,41,41,38,38,35,35,24,24,38,62,45,22,22,0],"gold":834,"neow_bonus":"TWO_FIFTY_GOLD","is_prod":false,"is_daily":false,"chose_seed":false,"campfire_upgraded":2,"win_rate":0,"timestamp":1565289584,"path_taken":["M","M","$","?","?","R","E","R","T","E","?","M","?","E","R","BOSS","M","?","?","M"],"build_version":"2019-07-18","purchased_purges":0,"victory":false,"max_hp_per_floor":[70,70,70,70,70,70,70,70,70,70,70,70,70,70,70,70,70,70,70,70,70],"card_choices":[{"not_picked":["Acrobatics","Backflip"],"picked":"Footwork","floor":1.0},{"not_picked":["Dagger Throw","Eviscerate"],"picked":"PiercingWail","floor":2.0},{"not_picked":["Flechettes","Escape Plan"],"picked":"Dash","floor":7.0},{"not_picked":["Envenom","Deflect"],"picked":"Glass Knife","floor":10.0},{"not_picked":["Finisher","Bane"],"picked":"Escape Plan","floor":11.0},{"not_picked":["Quick Slash","Deflect"],"picked":"Escape Plan","floor":12.0},{"not_picked":["Flying Knee","Expertise"],"picked":"Infinite Blades","floor":14.0},{"not_picked":["Wraith Form v2","Venomology"],"picked":"Night Terror","floor":16.0},{"not_picked":["Prepared","Calculated Gamble+1"],"picked":"Well Laid Plans","floor":18.0},{"not_picked":["Deflect","Dagger Spray"],"picked":"Dodge and Roll","floor":19.0}],"player_experience":261305,"relics_obtained":[{"floor":7.0,"key":"MawBank"},{"floor":9.0,"key":"Pen Nib"},{"floor":10.0,"key":"Dream Catcher"},{"floor":14.0,"key":"Bottled Lightning"}],"event_choices":[{"cards_removed":["Strike_G"],"damage_healed":0.0,"max_hp_gain":0.0,"max_hp_loss":0.0,"gold_gain":0.0,"event_name":"Golden Wing","player_choice":"Card Removal","floor":4.0,"gold_loss":0.0,"damage_taken":7.0},{"cards_removed":["Strike_G"],"damage_healed":0.0,"max_hp_gain":0.0,"max_hp_loss":0.0,"gold_gain":0.0,"event_name":"Living Wall","player_choice":"Forget","floor":5.0,"gold_loss":0.0,"damage_taken":0.0},{"cards_removed":["Strike_G"],"damage_healed":0.0,"max_hp_gain":0.0,"max_hp_loss":0.0,"gold_gain":0.0,"event_name":"Wheel of Change","player_choice":"Card Removal","floor":13.0,"gold_loss":0.0,"damage_taken":0.0},{"damage_healed":0.0,"max_hp_gain":0.0,"max_hp_loss":0.0,"gold_gain":99.0,"event_name":"Nest","player_choice":"Stole From Cult","floor":20.0,"gold_loss":0.0,"damage_taken":0.0}],"is_beta":true,"boss_relics":[{"not_picked":["HoveringKite","Busted Crown"],"picked":"Philosopher\u0027s Stone"}],"items_purged_floors":[],"is_endless":false,"potions_floor_spawned":[10,12,14,18],"killed_by":"3 Cultists","ascension_level":13}