{"gold_per_floor":[109,109,126,126,126,126,160,160,186,211,161,179,248,55,55,185,185,205,229,328,328,328],"floor_reached":22,"playtime":1176,"items_purged":["Strike_B"],"score":326,"play_id":"f0aab6f4-d2b0-417a-8872-8154715e7960","local_time":"20190807013805","is_ascension_mode":true,"campfire_choices":[{"data":"Dualcast","floor":6.0,"key":"SMITH"},{"data":"Static Discharge","floor":8.0,"key":"SMITH"},{"data":"Loop","floor":15,"key":"SMITH"}],"neow_cost":"NONE","seed_source_timestamp":2348644407641000,"circlet_count":0,"master_deck":["AscendersBane","Strike_B","Strike_B","Defend_B","Defend_B","Defend_B","Defend_B","Zap","Dualcast+1","Coolheaded","Leap","Static Discharge+1","Loop+1","Loop","Hologram","Biased Cognition","Sunder","Consume","Loop+1"],"special_seed":0,"relics":["Cracked Core","NeowsBlessing","Question Card","Golden Idol","Bag of Marbles","Smiling Mask","Tiny Chest","Omamori","Black Star"],"potions_floor_usage":[13,16],"damage_taken":[{"damage":0.0,"enemies":"Cultist","floor":1.0,"turns":1.0},{"damage":0.0,"enemies":"Small Slimes","floor":3.0,"turns":1.0},{"damage":0.0,"enemies":"Lagavulin","floor":7.0,"turns":1.0},{"damage":0.0,"enemies":"2 Louse","floor":10.0,"turns":4.0},{"damage":1.0,"enemies":"Blue Slaver","floor":12.0,"turns":5.0},{"damage":16,"enemies":"3 Sentries","floor":13,"turns":5},{"damage":24,"enemies":"The Guardian","floor":16,"turns":10},{"damage":16,"enemies":"Shell Parasite","floor":18,"turns":7},{"damage":1,"enemies":"Spheric Guardian","floor":19,"turns":4},{"damage":47,"enemies":"Shelled Parasite and Fungi","floor":22,"turns":4}],"seed_played":"9073830146562873729","potions_obtained":[{"floor":3.0,"key":"LiquidBronze"},{"floor":7.0,"key":"Strength Potion"},{"floor":10.0,"key":"Poison Potion"}],"is_trial":false,"path_per_floor":["M","T","M","?","?","R","E","R","T","M","?","M","E","$","R","B",null,"M","M","?","?","M"],"character_chosen":"DEFECT","items_purchased":["Omamori"],"campfire_rested":0,"item_purchase_floors":[14],"current_hp_per_floor":[68,68,68,68,73,73,73,73,73,73,73,72,56,56,56,32,64,48,47,47,47,0],"gold":328,"neow_bonus":"THREE_ENEMY_KILL","is_prod":false,"is_daily":false,"chose_seed":false,"campfire_upgraded":3,"win_rate":0,"timestamp":1565163485,"path_taken":["M","?","M","?","?","R","E","R","T","M","?","M","E","$","R","BOSS","M","M","?","?","M"],"build_version":"2019-07-18","purchased_purges":1,"victory":false,"max_hp_per_floor":[75,75,75,69,74,74,74,74,74,74,74,74,74,74,74,74,74,74,74,74,74,74],"card_choices":[{"not_picked":["Compile Driver","Sweeping Beam"],"picked":"Coolheaded","floor":1.0},{"not_picked":["Redo","Stack","Hologram"],"picked":"Leap","floor":3.0},{"not_picked":["Coolheaded","Compile Driver","Conserve Battery"],"picked":"Static Discharge","floor":7.0},{"not_picked":["Fission","Hologram","Gash"],"picked":"Loop","floor":10.0},{"not_picked":["Barrage","Hello World","Rebound"],"picked":"Loop","floor":12.0},{"not_picked":["Compile Driver","Rebound","Barrage"],"picked":"Hologram","floor":13},{"not_picked":["Hyperbeam","Seek","Amplify"],"picked":"Biased Cognition","floor":16},{"not_picked":["Hologram","Turbo","Static Discharge"],"picked":"Sunder","floor":18},{"not_picked":["Tempest","Aggregate","FTL"],"picked":"Consume","floor":19}],"player_experience":211590,"relics_obtained":[{"floor":2.0,"key":"Question Card"},{"floor":7.0,"key":"Bag of Marbles"},{"floor":9.0,"key":"Smiling Mask"},{"floor":13,"key":"Tiny Chest"}],"event_choices":[{"damage_healed":0.0,"max_hp_gain":0.0,"max_hp_loss":6.0,"gold_gain":0.0,"event_name":"Golden Idol","player_choice":"Lose Max HP","floor":4.0,"gold_loss":0.0,"damage_taken":0.0,"relics_obtained":["Golden Idol"]},{"damage_healed":0.0,"max_hp_gain":5.0,"max_hp_loss":0.0,"gold_gain":0.0,"event_name":"Big Fish","player_choice":"Donut","floor":5.0,"gold_loss":0.0,"damage_taken":0.0},{"cards_removed":["Strike_B"],"damage_healed":0.0,"max_hp_gain":0.0,"max_hp_loss":0.0,"gold_gain":0.0,"event_name":"The Cleric","player_choice":"Card Removal","floor":11.0,"gold_loss":50.0,"damage_taken":0.0},{"damage_healed":0,"gold_gain":99,"player_choice":"Stole From Cult","damage_taken":0,"max_hp_gain":0,"max_hp_loss":0,"event_name":"Nest","floor":20,"gold_loss":0},{"damage_healed":0,"gold_gain":0,"player_choice":"Copied","damage_taken":0,"max_hp_gain":0,"max_hp_loss":0,"event_name":"Duplicator","floor":21,"gold_loss":0,"cards_obtained":["Loop"]}],"is_beta":true,"boss_relics":[{"not_picked":["FrozenCore","Empty Cage"],"picked":"Black Star"}],"items_purged_floors":[14],"is_endless":false,"potions_floor_spawned":[3,7,10],"killed_by":"Shelled Parasite and Fungi","ascension_level":10}