{"gold_per_floor":[113,133,12,22,40,71,71,83,156,167,167,200,200,200,200,304,304,324,340,353,369,380,380,380,394,394,394,411,444,457,473,473,473],"floor_reached":33,"playtime":8565,"items_purged":[],"score":285,"play_id":"0cf094c0-8489-4253-af14-d03ded2bb19c","local_time":"20190730230257","is_ascension_mode":false,"campfire_choices":[{"data":"Rage","floor":11.0,"key":"SMITH"},{"floor":15.0,"key":"REST"},{"floor":23.0,"key":"REST"},{"data":"Blood for Blood","floor":27.0,"key":"SMITH"},{"floor":32.0,"key":"REST"}],"neow_cost":"NONE","seed_source_timestamp":1630772923667479,"circlet_count":0,"master_deck":["Strike_R","Strike_R","Strike_R","Strike_R","Strike_R","Defend_R","Defend_R","Defend_R","Defend_R","Bash","Armaments","Rage+1","Iron Wave","Headbutt","Clash","Bandage Up","Pommel Strike","Battle Trance","Blood for Blood+1","Impervious","Rampage","Clash","Body Slam+1","Shrug It Off+1","Perfected Strike","Seeing Red+1","Headbutt+1"],"special_seed":0,"relics":["Burning Blood","Self Forming Clay","Pantograph","Champion Belt","Mark of Pain","Darkstone Periapt","Orichalcum"],"potions_floor_usage":[],"damage_taken":[{"damage":5.0,"enemies":"Small Slimes","floor":1.0,"turns":4.0},{"damage":6.0,"enemies":"Cultist","floor":2.0,"turns":3.0},{"damage":8.0,"enemies":"2 Louse","floor":4.0,"turns":3.0},{"damage":7.0,"enemies":"Exordium Wildlife","floor":5.0,"turns":5.0},{"damage":16.0,"enemies":"3 Sentries","floor":6.0,"turns":9.0},{"damage":14.0,"enemies":"Gremlin Gang","floor":8.0,"turns":6.0},{"damage":10.0,"enemies":"Red Slaver","floor":10.0,"turns":4.0},{"damage":33.0,"enemies":"Gremlin Nob","floor":12.0,"turns":5.0},{"damage":53.0,"enemies":"Hexaghost","floor":16.0,"turns":11.0},{"damage":1.0,"enemies":"Chosen","floor":18.0,"turns":6.0},{"damage":17.0,"enemies":"Shell Parasite","floor":19.0,"turns":8.0},{"damage":22.0,"enemies":"Snake Plant","floor":20.0,"turns":7.0},{"damage":18.0,"enemies":"Shelled Parasite and Fungi","floor":21.0,"turns":8.0},{"damage":17.0,"enemies":"Snecko","floor":22.0,"turns":5.0},{"damage":13.0,"enemies":"Centurion and Healer","floor":25.0,"turns":9.0},{"damage":21.0,"enemies":"Snake Plant","floor":28.0,"turns":5.0},{"damage":8.0,"enemies":"Book of Stabbing","floor":29.0,"turns":7.0},{"damage":38.0,"enemies":"Cultist and Chosen","floor":30.0,"turns":9.0},{"damage":10.0,"enemies":"Shelled Parasite and Fungi","floor":31.0,"turns":4.0},{"damage":106,"enemies":"Collector","floor":33,"turns":12}],"seed_played":"-6348802246270739229","potions_obtained":[{"floor":1.0,"key":"Dexterity Potion"},{"floor":2.0,"key":"Block Potion"},{"floor":8.0,"key":"Dexterity Potion"},{"floor":16.0,"key":"PowerPotion"},{"floor":29.0,"key":"Dexterity Potion"}],"is_trial":false,"path_per_floor":["M","M","$","M","M","E","?","M","T","M","R","E","?","$","R","B",null,"M","M","M","M","M","R","$","M","T","R","M","E","M","M","R","B"],"character_chosen":"IRONCLAD","items_purchased":["Rage","Iron Wave"],"campfire_rested":3,"item_purchase_floors":[3,3],"current_hp_per_floor":[88,88,88,86,85,75,75,71,71,71,71,48,48,48,74,45,88,88,79,67,59,52,78,78,75,75,75,64,66,38,38,64,0],"gold":473,"neow_bonus":"TEN_PERCENT_HP_BONUS","is_prod":false,"is_daily":false,"chose_seed":false,"campfire_upgraded":2,"win_rate":0.0,"timestamp":1564498977,"path_taken":["M","M","$","M","M","E","?","?","T","M","R","E","?","?","R","BOSS","M","M","M","M","M","R","$","M","T","R","M","E","?","M","R","BOSS"],"build_version":"2019-07-17","purchased_purges":0,"victory":false,"max_hp_per_floor":[88,88,88,88,88,88,88,88,88,88,88,88,88,88,88,88,88,88,88,88,88,88,88,88,88,88,88,88,88,88,88,88,88],"card_choices":[{"not_picked":["Shockwave","Carnage","Feel No Pain"],"picked":"SKIP","floor":1.0},{"not_picked":["Anger","True Grit"],"picked":"Armaments","floor":2.0},{"not_picked":["Burning Pact","Flame Barrier"],"picked":"Headbutt","floor":4.0},{"not_picked":["Dual Wield","Searing Blow","Sever Soul"],"picked":"SKIP","floor":5.0},{"not_picked":["Immolate","Thunderclap"],"picked":"Clash","floor":6.0},{"not_picked":["Second Wind","Armaments"],"picked":"Pommel Strike","floor":8.0},{"not_picked":["Clash","Heavy Blade"],"picked":"Battle Trance","floor":10.0},{"not_picked":["Anger","Feed"],"picked":"Blood for Blood","floor":12.0},{"not_picked":["Feed","Double Tap"],"picked":"Impervious","floor":16.0},{"not_picked":["Clash","Iron Wave"],"picked":"Rampage","floor":18.0},{"not_picked":["Thunderclap","Twin Strike","Cleave"],"picked":"SKIP","floor":19.0},{"not_picked":["Limit Break","Sword Boomerang"],"picked":"Clash","floor":20.0},{"not_picked":["Blood for Blood","Heavy Blade","Battle Trance"],"picked":"SKIP","floor":21.0},{"not_picked":["Twin Strike+1","Flex"],"picked":"Body Slam+1","floor":22.0},{"not_picked":["Clothesline","Warcry"],"picked":"Shrug It Off+1","floor":25.0},{"not_picked":["Pommel Strike","Warcry"],"picked":"Perfected Strike","floor":28.0},{"not_picked":["Anger","Rampage+1"],"picked":"Seeing Red+1","floor":29.0},{"not_picked":["Warcry","Shrug It Off+1","Combust+1"],"picked":"SKIP","floor":30.0},{"not_picked":["Clothesline","Infernal Blade"],"picked":"Headbutt+1","floor":31.0}],"player_experience":43562,"relics_obtained":[{"floor":6.0,"key":"Self Forming Clay"},{"floor":9.0,"key":"Pantograph"},{"floor":12.0,"key":"Champion Belt"},{"floor":26.0,"key":"Darkstone Periapt"},{"floor":29.0,"key":"Orichalcum"}],"event_choices":[{"damage_healed":0.0,"max_hp_gain":0.0,"max_hp_loss":0.0,"gold_gain":0.0,"event_name":"Match and Keep!","player_choice":"1 cards matched","floor":7.0,"gold_loss":0.0,"damage_taken":0.0,"cards_obtained":["Bandage Up"]},{"damage_healed":0.0,"max_hp_gain":0.0,"max_hp_loss":0.0,"gold_gain":0.0,"event_name":"Liars Game","player_choice":"Ignored","floor":13.0,"gold_loss":0.0,"damage_taken":0.0}],"is_beta":false,"boss_relics":[{"not_picked":["Tiny House","Lizard Tail"],"picked":"Mark of Pain"}],"items_purged_floors":[],"is_endless":false,"potions_floor_spawned":[1,2,8,16,19,20,22,29,30],"killed_by":"Collector","ascension_level":0}