{"gold_per_floor":[114,189,199,199,199,199,234,234,314,314,332,332,358,376,376,454,454,464,484,484,484,484],"floor_reached":22,"playtime":827,"items_purged":[],"score":412,"play_id":"773f0333-f5fe-4df7-8728-d7f2785673ce","local_time":"20190306150121","is_ascension_mode":true,"campfire_choices":[{"data":"Bash","floor":6,"key":"SMITH"},{"floor":10,"key":"REST"},{"data":"Body Slam","floor":12,"key":"SMITH"},{"data":"Anger","floor":15,"key":"SMITH"}],"neow_cost":"NONE","seed_source_timestamp":37859718186711,"circlet_count":0,"master_deck":["AscendersBane","Strike_R","Strike_R","Strike_R","Defend_R","Defend_R","Defend_R","Defend_R","Bash+1","Shrug It Off","Pommel Strike","Flame Barrier","Body Slam+1","Anger+1","Inflame","Barricade","Body Slam","Shrug It Off","Writhe","Flame Barrier","Shrug It Off"],"relics":["Burning Blood","NeowsBlessing","Pen Nib","Orichalcum","Gremlin Horn","Tiny Chest","Strawberry","Sozu","Ancient Tea Set"],"potions_floor_usage":[13,14,16],"damage_taken":[{"damage":0,"enemies":"2 Louse","floor":1,"turns":1},{"damage":0,"enemies":"Small Slimes","floor":3,"turns":1},{"damage":0,"enemies":"Lagavulin","floor":7,"turns":1},{"damage":0,"enemies":"Cultist","floor":11,"turns":3},{"damage":20,"enemies":"3 Sentries","floor":13,"turns":10},{"damage":0,"enemies":"Looter","floor":14,"turns":2},{"damage":52,"enemies":"Hexaghost","floor":16,"turns":10},{"damage":30,"enemies":"Shell Parasite","floor":18,"turns":6},{"damage":29,"enemies":"Spheric Guardian","floor":19,"turns":5},{"damage":23,"enemies":"Cultist and Chosen","floor":22,"turns":7}],"seed_played":"4467961311481855180","potions_obtained":[{"floor":7,"key":"SpeedPotion"},{"floor":11,"key":"SkillPotion"},{"floor":13,"key":"AttackPotion"}],"is_trial":false,"path_per_floor":["M","?","M","?","?","R","E","?","T","R","M","R","E","M","R","B",null,"M","M","?","?","M"],"character_chosen":"IRONCLAD","items_purchased":[],"campfire_rested":1,"item_purchase_floors":[],"current_hp_per_floor":[74,63,69,69,43,43,49,49,49,71,75,75,68,74,74,28,69,45,22,22,22,0],"gold":484,"neow_bonus":"THREE_ENEMY_KILL","is_prod":false,"is_daily":false,"chose_seed":false,"campfire_upgraded":3,"win_rate":0,"timestamp":1551844881,"path_taken":["M","?","M","?","?","R","E","?","T","R","M","R","E","M","R","BOSS","M","?","?","?","M"],"build_version":"2019-01-23","purchased_purges":0,"victory":false,"max_hp_per_floor":[75,75,75,75,75,75,75,75,75,75,75,75,82,82,82,82,82,82,82,82,82,82],"card_choices":[{"not_picked":["Flex","Bloodletting"],"picked":"Shrug It Off","floor":1},{"not_picked":["Pummel","Burning Pact"],"picked":"Pommel Strike","floor":3},{"not_picked":["Warcry","Perfected Strike"],"picked":"Flame Barrier","floor":7},{"not_picked":["Perfected Strike","Second Wind"],"picked":"Body Slam","floor":11},{"not_picked":["True Grit","Rupture"],"picked":"Anger","floor":13},{"not_picked":["Clothesline","Sword Boomerang"],"picked":"Inflame","floor":14},{"not_picked":["Double Tap","Reaper"],"picked":"Barricade","floor":16},{"not_picked":["Pommel Strike","Sentinel"],"picked":"Body Slam","floor":18},{"not_picked":["Sword Boomerang","Iron Wave"],"picked":"Shrug It Off","floor":19}],"player_experience":806296,"relics_obtained":[{"floor":7,"key":"Orichalcum"},{"floor":8,"key":"Gremlin Horn"},{"floor":9,"key":"Tiny Chest"},{"floor":13,"key":"Strawberry"}],"event_choices":[{"damage_healed":0,"gold_gain":75,"player_choice":"Gather Gold","damage_taken":11,"max_hp_gain":0,"max_hp_loss":0,"event_name":"World of Goop","floor":2,"gold_loss":0},{"damage_healed":0,"gold_gain":0,"player_choice":"Ignored","damage_taken":0,"max_hp_gain":0,"max_hp_loss":0,"event_name":"Shining Light","floor":4,"gold_loss":0},{"damage_healed":0,"gold_gain":0,"player_choice":"Success","damage_taken":26,"relics_obtained":["Pen Nib"],"max_hp_gain":0,"max_hp_loss":0,"event_name":"Scrap Ooze","floor":5,"gold_loss":0},{"damage_healed":0,"gold_gain":0,"player_choice":"Relic","damage_taken":0,"max_hp_gain":0,"max_hp_loss":0,"event_name":"Wheel of Change","floor":8,"gold_loss":0},{"damage_healed":0,"gold_gain":0,"player_choice":"Opened","damage_taken":0,"relics_obtained":["Ancient Tea Set"],"max_hp_gain":0,"max_hp_loss":0,"event_name":"The Mausoleum","floor":20,"gold_loss":0,"cards_obtained":["Writhe"]},{"damage_healed":0,"gold_gain":0,"cards_transformed":["Strike_R","Strike_R"],"player_choice":"Became Test Subject","damage_taken":0,"max_hp_gain":0,"max_hp_loss":0,"event_name":"Drug Dealer","floor":21,"gold_loss":0,"cards_obtained":["Flame Barrier","Shrug It Off"]}],"is_beta":false,"boss_relics":[{"not_picked":["Snecko Eye","Ectoplasm"],"picked":"Sozu"}],"items_purged_floors":[],"is_endless":false,"potions_floor_spawned":[7,11,13,18],"killed_by":"Cultist and Chosen","ascension_level":18}