{"gold_per_floor":[117,137,152,152,167,167,198,211,234,234,234,245,1,32,32,130,130,119,44,44,54,54,54,54,54,77,0,11,11,27,354,354,354],"floor_reached":33,"playtime":2518,"items_purged":["Strike_G"],"score":358,"play_id":"fa4a9513-adf1-4fa0-981c-229022c16f24","local_time":"20190705132548","is_ascension_mode":true,"campfire_choices":[{"data":"Dodge and Roll","floor":6.0,"key":"SMITH"},{"floor":11.0,"key":"REST"},{"data":"Infinite Blades","floor":15.0,"key":"SMITH"},{"floor":23,"key":"REST"},{"data":"Well Laid Plans","floor":25,"key":"SMITH"},{"floor":29,"key":"REST"},{"floor":32,"key":"REST"}],"neow_cost":"NONE","seed_source_timestamp":0,"circlet_count":0,"master_deck":["Strike_G","Defend_G","Defend_G","Defend_G","Defend_G","Survivor","Neutralize","Dodge and Roll+1","Slice","PiercingWail","Terror","Poisoned Stab","Burst","Blur","Backstab","Dash","Blade Dance","Well Laid Plans+1","Infinite Blades+1","Wraith Form v2","Bouncing Flask","PiercingWail+1","Bane+1","Infinite Blades+1","Tools of the Trade","Reflex","Heel Hook","Caltrops+1","Leg Sweep+1","PiercingWail+1","Outmaneuver","Blade Dance","Unload"],"special_seed":0,"relics":["Ring of the Snake","Dream Catcher","Prayer Wheel","Bronze Scales","Lantern","Ancient Tea Set","Black Star","Nilry\u0027s Codex","PreservedInsect","Old Coin","Bag of Preparation"],"potions_floor_usage":[30,31,33,33],"damage_taken":[{"damage":0.0,"enemies":"Cultist","floor":1.0,"turns":4.0},{"damage":1.0,"enemies":"Small Slimes","floor":2.0,"turns":5.0},{"damage":0.0,"enemies":"2 Louse","floor":3.0,"turns":3.0},{"damage":3.0,"enemies":"Blue Slaver","floor":5.0,"turns":5.0},{"damage":45.0,"enemies":"Gremlin Nob","floor":7.0,"turns":6.0},{"damage":4.0,"enemies":"Large Slime","floor":8.0,"turns":8.0},{"damage":0.0,"enemies":"3 Louse","floor":12.0,"turns":4.0},{"damage":5.0,"enemies":"3 Sentries","floor":14.0,"turns":9.0},{"damage":23.0,"enemies":"Slime Boss","floor":16.0,"turns":14.0},{"damage":0.0,"enemies":"2 Thieves","floor":18.0,"turns":4.0},{"damage":23,"enemies":"Shell Parasite","floor":21,"turns":5},{"damage":9,"enemies":"Snake Plant","floor":28,"turns":4},{"damage":4,"enemies":"Sentry and Sphere","floor":30,"turns":7},{"damage":18,"enemies":"Book of Stabbing","floor":31,"turns":4},{"damage":40,"enemies":"Collector","floor":33,"turns":7}],"seed_played":"4817041124560139369","potions_obtained":[{"floor":1.0,"key":"SteroidPotion"},{"floor":7.0,"key":"Weak Potion"},{"floor":14.0,"key":"SpeedPotion"},{"floor":16.0,"key":"Dexterity Potion"},{"floor":28,"key":"SkillPotion"},{"floor":30,"key":"Energy Potion"}],"is_trial":false,"path_per_floor":["M","M","M","?","M","R","E","M","T","?","R","M","$","E","R","B",null,"M","?","?","M","?","R","?","R","T","$","M","R","M","E","R","B"],"character_chosen":"THE_SILENT","items_purchased":["Blade Dance","Well Laid Plans","GhostInAJar","GhostInAJar"],"campfire_rested":4,"item_purchase_floors":[13,13,13,27],"current_hp_per_floor":[63,62,62,62,59,59,14,10,10,10,31,31,31,26,26,3,53,53,53,37,14,1,23,23,23,23,23,14,36,32,14,36,0],"gold":354,"neow_bonus":"RANDOM_COMMON_RELIC","is_prod":false,"is_daily":false,"chose_seed":false,"campfire_upgraded":3,"win_rate":0,"timestamp":1562347548,"path_taken":["M","?","M","?","M","R","E","M","T","?","R","M","$","E","R","BOSS","M","?","?","M","?","R","?","R","T","?","M","R","M","E","R","BOSS"],"build_version":"2019-07-01","purchased_purges":1,"victory":false,"max_hp_per_floor":[70,70,70,70,70,70,70,70,70,70,70,70,70,70,70,70,70,70,70,70,70,75,75,75,75,75,75,75,75,75,75,75,75],"card_choices":[{"not_picked":["Eviscerate","Prepared"],"picked":"Dodge and Roll","floor":1.0},{"not_picked":["Heel Hook","Eviscerate"],"picked":"Slice","floor":2.0},{"not_picked":["Bane","Sucker Punch"],"picked":"PiercingWail","floor":3.0},{"not_picked":["Finisher","Flechettes","Acrobatics"],"picked":"SKIP","floor":5.0},{"not_picked":["Sucker Punch","Distraction"],"picked":"Poisoned Stab","floor":7.0},{"not_picked":["Quick Slash","Prepared"],"picked":"Burst","floor":8.0},{"not_picked":["Underhanded Strike","Terror","Quick Slash"],"picked":"SKIP","floor":8.0},{"not_picked":["Calculated Gamble","Terror"],"picked":"Blur","floor":11.0},{"not_picked":["Outmaneuver","Acrobatics"],"picked":"Backstab","floor":12.0},{"not_picked":["Predator","Deflect"],"picked":"Dash","floor":12.0},{"not_picked":["Escape Plan","Acrobatics"],"picked":"Infinite Blades","floor":14.0},{"not_picked":["Night Terror","Venomology"],"picked":"Wraith Form v2","floor":16.0},{"not_picked":["Bane","Backflip"],"picked":"Bouncing Flask","floor":18.0},{"not_picked":["Flying Knee+1","Setup+1"],"picked":"PiercingWail+1","floor":18.0},{"not_picked":["Dagger Spray","Sucker Punch+1"],"picked":"Bane+1","floor":21},{"not_picked":["Dagger Spray","Flechettes"],"picked":"Infinite Blades+1","floor":21},{"not_picked":["Deadly Poison","Reflex"],"picked":"Tools of the Trade","floor":23},{"not_picked":["Outmaneuver","Sucker Punch"],"picked":"Caltrops+1","floor":28},{"not_picked":["Infinite Blades","Skewer"],"picked":"Leg Sweep+1","floor":28},{"not_picked":["Expertise","Dagger Spray"],"picked":"PiercingWail+1","floor":29},{"not_picked":["Envenom","Cloak And Dagger"],"picked":"Outmaneuver","floor":30},{"not_picked":["Poisoned Stab","Underhanded Strike","Dagger Throw"],"picked":"SKIP","floor":30},{"not_picked":["Tactician","Calculated Gamble"],"picked":"Blade Dance","floor":31},{"not_picked":["Blade Dance","Acrobatics"],"picked":"Unload","floor":32}],"player_experience":351692,"relics_obtained":[{"floor":7.0,"key":"Prayer Wheel"},{"floor":9.0,"key":"Bronze Scales"},{"floor":14.0,"key":"Ancient Tea Set"},{"floor":20,"key":"Nilry\u0027s Codex"},{"floor":26,"key":"PreservedInsect"},{"floor":31,"key":"Old Coin"},{"floor":31,"key":"Bag of Preparation"}],"event_choices":[{"damage_healed":0.0,"max_hp_gain":0.0,"max_hp_loss":0.0,"gold_gain":0.0,"cards_transformed":["Strike_G"],"event_name":"Living Wall","player_choice":"Change","floor":4.0,"gold_loss":0.0,"damage_taken":0.0,"cards_obtained":["Terror"]},{"damage_healed":0.0,"max_hp_gain":0.0,"max_hp_loss":0.0,"gold_gain":0.0,"event_name":"Dead Adventurer","player_choice":"Searched \u00272\u0027 times","floor":10.0,"gold_loss":0.0,"damage_taken":0.0,"relics_obtained":["Lantern"]},{"cards_removed":["Strike_G"],"damage_healed":0.0,"max_hp_gain":0.0,"max_hp_loss":0.0,"gold_gain":0.0,"event_name":"Beggar","player_choice":"Gave Gold","floor":19.0,"gold_loss":75.0,"damage_taken":0.0},{"damage_healed":0,"gold_gain":0,"player_choice":"Obtained Book","damage_taken":16,"max_hp_gain":0,"max_hp_loss":0,"event_name":"Cursed Tome","floor":20,"gold_loss":0},{"damage_healed":0,"gold_gain":0,"player_choice":"Shed Blood","damage_taken":18,"max_hp_gain":5,"max_hp_loss":0,"event_name":"Forgotten Altar","floor":22,"gold_loss":0},{"damage_healed":0,"gold_gain":0,"cards_transformed":["Defend_G","Strike_G"],"player_choice":"Became Test Subject","damage_taken":0,"max_hp_gain":0,"max_hp_loss":0,"event_name":"Drug Dealer","floor":24,"gold_loss":0,"cards_obtained":["Reflex","Heel Hook"]}],"is_beta":false,"boss_relics":[{"not_picked":["Coffee Dripper","Astrolabe"],"picked":"Black Star"}],"items_purged_floors":[13],"is_endless":false,"potions_floor_spawned":[1,7,14,16,28,30],"killed_by":"Collector","ascension_level":6}