{"gold_per_floor":[111,129,129,143,218,218,234,266,291,310,310,235,235,252,252,252],"floor_reached":16,"playtime":426,"items_purged":["Strike_R"],"score":204,"play_id":"9f18cf0d-2a34-43c5-98e2-684fbb641e4e","local_time":"20190624174355","is_ascension_mode":true,"campfire_choices":[{"data":"Spot Weakness","floor":6,"key":"SMITH"},{"data":"Shockwave","floor":11,"key":"SMITH"},{"data":"Pommel Strike","floor":13,"key":"SMITH"},{"floor":15,"key":"RECALL"}],"neow_cost":"PERCENT_DAMAGE","seed_source_timestamp":541619077625435,"circlet_count":0,"master_deck":["AscendersBane","Strike_R","Strike_R","Strike_R","Defend_R","Defend_R","Defend_R","Defend_R","Bash","Shockwave+1","Spot Weakness+1","Pommel Strike+1"],"relics":["Burning Blood","Magic Flower","Juzu Bracelet"],"potions_floor_usage":[8,8,8],"damage_taken":[{"damage":8,"enemies":"2 Louse","floor":1,"turns":3},{"damage":5,"enemies":"Small Slimes","floor":2,"turns":4},{"damage":6,"enemies":"Jaw Worm","floor":4,"turns":4},{"damage":10,"enemies":"3 Louse","floor":7,"turns":6},{"damage":21,"enemies":"Lagavulin","floor":8,"turns":7},{"damage":6,"enemies":"Large Slime","floor":10,"turns":8},{"damage":13,"enemies":"Exordium Thugs","floor":14,"turns":4},{"damage":0,"enemies":"The Guardian","floor":16,"turns":2}],"seed_played":"-2683749032262132387","potions_obtained":[{"floor":1,"key":"EntropicBrew"},{"floor":4,"key":"Poison Potion"},{"floor":10,"key":"FearPotion"}],"is_trial":false,"path_per_floor":["M","M","?","M","?","R","M","E","T","M","R","$","R","M","R","B"],"character_chosen":"IRONCLAD","items_purchased":[],"campfire_rested":0,"item_purchase_floors":[],"current_hp_per_floor":[51,55,55,58,47,47,46,34,34,37,37,37,37,33,33,33],"gold":252,"neow_bonus":"ONE_RARE_RELIC","is_prod":false,"is_daily":false,"chose_seed":false,"campfire_upgraded":3,"win_rate":0,"timestamp":1561369435,"path_taken":["M","M","?","M","?","R","M","E","T","M","R","?","R","M","R","BOSS"],"build_version":"2019-01-23","purchased_purges":1,"victory":false,"max_hp_per_floor":[75,75,75,75,75,75,75,75,75,75,75,75,75,75,75,75],"card_choices":[{"not_picked":["Sentinel","Rupture","Thunderclap"],"picked":"SKIP","floor":1},{"not_picked":["Wild Strike","Havoc","Headbutt"],"picked":"SKIP","floor":2},{"not_picked":["Body Slam","Warcry"],"picked":"Spot Weakness","floor":4},{"not_picked":["Sentinel","Shockwave","Clothesline"],"picked":"SKIP","floor":7},{"not_picked":["Pummel","Perfected Strike","Havoc"],"picked":"SKIP","floor":8},{"not_picked":["Clothesline","Shockwave"],"picked":"Pommel Strike","floor":10},{"not_picked":["Cleave","Sever Soul","Pommel Strike"],"picked":"SKIP","floor":14}],"player_experience":1016973,"relics_obtained":[{"floor":8,"key":"Juzu Bracelet"}],"event_choices":[{"damage_healed":0,"gold_gain":0,"cards_transformed":["Strike_R"],"player_choice":"Change","damage_taken":0,"max_hp_gain":0,"max_hp_loss":0,"event_name":"Living Wall","floor":3,"gold_loss":0,"cards_obtained":["Shockwave"]},{"damage_healed":0,"gold_gain":75,"player_choice":"Gather Gold","damage_taken":11,"max_hp_gain":0,"max_hp_loss":0,"event_name":"World of Goop","floor":5,"gold_loss":0}],"is_beta":false,"boss_relics":[],"items_purged_floors":[12],"is_endless":false,"potions_floor_spawned":[1,4,10],"killed_by":"The Guardian","ascension_level":20}