{"gold_per_floor":[110,35,35,135,160,196,216,232,232,276,295,310,325,349,349,349],"floor_reached":16,"playtime":680,"items_purged":["Strike_R"],"score":141,"play_id":"ef7ad5df-c98a-4e2a-843d-b3e829543a85","local_time":"20181213002809","is_ascension_mode":false,"campfire_choices":[{"floor":15,"key":"REST"}],"neow_cost":"NONE","seed_source_timestamp":1637261793807806,"circlet_count":0,"master_deck":["Strike_R","Strike_R","Strike_R","Strike_R","Defend_R","Defend_R","Defend_R","Defend_R","Bash","Body Slam","Heavy Blade","Whirlwind","Cleave","Flex","Burning Pact","Warcry","Fiend Fire"],"relics":["Burning Blood","NeowsBlessing","Golden Idol","Orichalcum","Sundial","Magic Flower"],"potions_floor_usage":[16,16,16],"damage_taken":[{"damage":0,"enemies":"2 Louse","floor":1,"turns":1},{"damage":0,"enemies":"Small Slimes","floor":5,"turns":1},{"damage":0,"enemies":"Lagavulin","floor":6,"turns":1},{"damage":6,"enemies":"Cultist","floor":7,"turns":5},{"damage":12,"enemies":"Large Slime","floor":8,"turns":8},{"damage":19,"enemies":"3 Sentries","floor":10,"turns":4},{"damage":16,"enemies":"Exordium Thugs","floor":11,"turns":4},{"damage":6,"enemies":"2 Fungi Beasts","floor":12,"turns":2},{"damage":0,"enemies":"Large Slime","floor":13,"turns":5},{"damage":9,"enemies":"Looter","floor":14,"turns":3},{"damage":85,"enemies":"Hexaghost","floor":16,"turns":11}],"seed_played":"-3163469408613984436","potions_obtained":[{"floor":1,"key":"BloodPotion"},{"floor":5,"key":"EssenceOfSteel"},{"floor":10,"key":"FearPotion"},{"floor":11,"key":"Block Potion"}],"is_trial":false,"path_per_floor":["M","$","?","?","M","E","M","M","T","E","M","M","M","M","R","B"],"character_chosen":"IRONCLAD","items_purchased":[],"campfire_rested":1,"item_purchase_floors":[],"current_hp_per_floor":[80,80,60,60,66,72,72,66,66,53,46,49,58,58,80,0],"gold":349,"neow_bonus":"THREE_ENEMY_KILL","is_prod":false,"is_daily":false,"chose_seed":false,"campfire_upgraded":0,"win_rate":0,"timestamp":1544621289,"path_taken":["M","$","?","?","M","E","M","M","T","E","M","M","M","?","R","BOSS"],"build_version":"2018-12-06","purchased_purges":1,"victory":false,"max_hp_per_floor":[80,80,80,80,80,80,80,80,80,80,80,80,80,80,80,80],"card_choices":[{"not_picked":["Blood for Blood","Pummel"],"picked":"Body Slam","floor":1},{"not_picked":["Sword Boomerang","Pummel","Iron Wave"],"picked":"SKIP","floor":5},{"not_picked":["Searing Blow","Second Wind"],"picked":"Heavy Blade","floor":6},{"not_picked":["Bloodletting","Body Slam"],"picked":"Whirlwind","floor":7},{"not_picked":["Shrug It Off","Clash"],"picked":"Cleave","floor":8},{"not_picked":["Hemokinesis","Dual Wield"],"picked":"Flex","floor":10},{"not_picked":["Fire Breathing","Cleave","Pommel Strike"],"picked":"SKIP","floor":11},{"not_picked":["Metallicize","Iron Wave"],"picked":"Burning Pact","floor":12},{"not_picked":["Carnage","Havoc"],"picked":"Warcry","floor":13},{"not_picked":["Wild Strike","Ghostly Armor"],"picked":"Fiend Fire","floor":14}],"player_experience":218676,"relics_obtained":[{"floor":6,"key":"Orichalcum"},{"floor":9,"key":"Sundial"},{"floor":10,"key":"Magic Flower"}],"event_choices":[{"damage_healed":0,"gold_gain":0,"player_choice":"Take Damage","damage_taken":20,"relics_obtained":["Golden Idol"],"max_hp_gain":0,"max_hp_loss":0,"event_name":"Golden Idol","floor":3,"gold_loss":0},{"damage_healed":0,"gold_gain":100,"player_choice":"Pray","damage_taken":0,"max_hp_gain":0,"max_hp_loss":0,"event_name":"Golden Shrine","floor":4,"gold_loss":0}],"is_beta":false,"boss_relics":[],"items_purged_floors":[2],"is_endless":false,"potions_floor_spawned":[1,5,10,11],"killed_by":"Hexaghost","ascension_level":0}