{"gold_per_floor":[119,119,129,147,24,24,56,56,56,32,32,32,52,52,52,147,147,159,159,171,125,142,171,171,181,181,181,213,240,240,258,258,354,354,373,384,484,484,134,161,161,189,189,199,29,29,60,60,60,60],"floor_reached":51,"playtime":5193,"items_purged":["Strike_R","Strike_R"],"score":884,"play_id":"c83e921e-7f9c-424e-b639-ab08e697a7ed","local_time":"20190117171015","is_ascension_mode":true,"campfire_choices":[{"data":"Barricade","floor":6,"key":"SMITH"},{"data":"True Grit","floor":8,"key":"SMITH"},{"data":"True Grit","floor":12,"key":"SMITH"},{"data":"Metallicize","floor":15,"key":"SMITH"},{"data":"Impervious","floor":24,"key":"SMITH"},{"floor":27,"key":"REST"},{"floor":32,"key":"REST"},{"floor":41,"key":"REST"},{"data":"Juggernaut","floor":49,"key":"SMITH"}],"neow_cost":"NONE","seed_source_timestamp":813406586346599,"circlet_count":0,"master_deck":["Strike_R","Strike_R+1","Defend_R","Defend_R","Defend_R","Defend_R","Bash","Cleave+1","Shrug It Off","Anger","Barricade+1","True Grit+1","Iron Wave","True Grit+1","Metallicize+1","Impervious+1","Battle Trance+1","Armaments","Inflame","Spot Weakness+1","Warcry+1","Flex+1","Impervious+1","Iron Wave+1","Madness+1","Madness+1","Panache","True Grit+1","Cleave","Metallicize","Juggernaut+1"],"relics":["Burning Blood","Happy Flower","Kunai","Dodecahedron","Letter Opener","Runic Pyramid","Toxic Egg 2","Whetstone","Centennial Puzzle","Juzu Bracelet","Busted Crown","Dead Branch","Vajra","Ancient Tea Set","Gremlin Horn","Regal Pillow"],"potions_floor_usage":[7,25,28,28,33,42,42,44,50],"damage_taken":[{"damage":20,"enemies":"Jaw Worm","floor":1,"turns":5},{"damage":1,"enemies":"Cultist","floor":3,"turns":3},{"damage":3,"enemies":"2 Louse","floor":4,"turns":2},{"damage":22,"enemies":"3 Sentries","floor":7,"turns":14},{"damage":0,"enemies":"Exordium Thugs","floor":13,"turns":8},{"damage":23,"enemies":"The Guardian","floor":16,"turns":18},{"damage":0,"enemies":"3 Byrds","floor":18,"turns":7},{"damage":3,"enemies":"Shell Parasite","floor":20,"turns":8},{"damage":0,"enemies":"Cultist and Chosen","floor":22,"turns":10},{"damage":33,"enemies":"Slavers","floor":23,"turns":9},{"damage":25,"enemies":"Snake Plant","floor":25,"turns":8},{"damage":20,"enemies":"Gremlin Leader","floor":28,"turns":9},{"damage":4,"enemies":"Centurion and Healer","floor":31,"turns":8},{"damage":11,"enemies":"Collector","floor":33,"turns":11},{"damage":0,"enemies":"3 Darklings","floor":35,"turns":5},{"damage":0,"enemies":"3 Shapes","floor":36,"turns":6},{"damage":0,"enemies":"Mind Bloom Boss Battle","floor":37,"turns":7},{"damage":15,"enemies":"Nemesis","floor":40,"turns":9},{"damage":0,"enemies":"Reptomancer","floor":42,"turns":5},{"damage":6,"enemies":"Sphere and 2 Shapes","floor":44,"turns":3},{"damage":0,"enemies":"Nemesis","floor":47,"turns":11},{"damage":25,"enemies":"Awakened One","floor":50,"turns":10}],"seed_played":"-7580190003604706955","potions_obtained":[{"floor":1,"key":"SpeedPotion"},{"floor":3,"key":"SkillPotion"},{"floor":16,"key":"Regen Potion"},{"floor":19,"key":"Swift Potion"},{"floor":20,"key":"Dexterity Potion"},{"floor":25,"key":"FearPotion"},{"floor":33,"key":"Dexterity Potion"},{"floor":37,"key":"Dexterity Potion"},{"floor":42,"key":"AttackPotion"},{"floor":44,"key":"Strength Potion"}],"is_trial":false,"path_per_floor":["M","?","M","M","$","R","E","R","T","$","?","R","M","?","R","B",null,"M","?","M","$","M","E","R","M","T","R","E","T","?","M","R","B",null,"M","M","?","?","$","E","R","E","T","M","$","?","E","?","R","B",null],"character_chosen":"IRONCLAD","items_purchased":["Barricade","True Grit","True Grit","Armaments","Panache","Whirlwind","True Grit+1","Metallicize"],"campfire_rested":3,"item_purchase_floors":[5,5,10,21,39,39,39,45],"current_hp_per_floor":[66,66,71,74,74,74,58,58,58,58,58,58,64,64,64,47,80,80,80,80,80,80,53,53,49,49,73,59,59,44,46,71,66,85,85,85,85,74,74,65,85,85,85,85,85,85,85,85,85,66],"gold":60,"neow_bonus":"RANDOM_COMMON_RELIC","is_prod":false,"is_daily":false,"chose_seed":false,"campfire_upgraded":6,"win_rate":0,"timestamp":1547705415,"path_taken":["M","?","M","M","$","R","E","R","T","?","?","R","M","?","R","BOSS","M","?","?","?","M","E","R","?","T","R","E","?","?","M","R","BOSS","M","M","?","?","$","E","R","E","T","M","$","?","E","?","R","BOSS"],"build_version":"2019-01-10","purchased_purges":2,"victory":true,"max_hp_per_floor":[80,80,80,80,80,80,80,80,80,80,80,80,80,80,80,80,80,80,80,80,80,80,80,80,80,80,80,80,80,85,85,85,85,85,85,85,85,85,85,85,85,85,85,85,85,85,85,85,85,85],"card_choices":[{"not_picked":["Infernal Blade","Flex"],"picked":"Cleave","floor":1},{"not_picked":["Shockwave","Clothesline"],"picked":"Shrug It Off","floor":3},{"not_picked":["Havoc","Pommel Strike"],"picked":"Anger","floor":4},{"not_picked":["Seeing Red","Shockwave"],"picked":"Iron Wave","floor":7},{"not_picked":["Ghostly Armor","Body Slam"],"picked":"Metallicize","floor":13},{"not_picked":["Double Tap","Bludgeon"],"picked":"Impervious","floor":16},{"not_picked":["Second Wind","True Grit"],"picked":"Battle Trance+1","floor":18},{"not_picked":["Rupture+1","Corruption","True Grit"],"picked":"SKIP","floor":20},{"not_picked":["Thunderclap","Intimidate"],"picked":"Inflame","floor":22},{"not_picked":["Combust+1","Blood for Blood"],"picked":"Spot Weakness+1","floor":23},{"not_picked":["Clash","Fire Breathing+1"],"picked":"Warcry+1","floor":25},{"not_picked":["Cleave+1","Warcry+1"],"picked":"Flex+1","floor":28},{"not_picked":["Perfected Strike","Clash","Twin Strike"],"picked":"SKIP","floor":31},{"not_picked":["Barricade","Berserk"],"picked":"Impervious+1","floor":33},{"not_picked":[],"picked":"Iron Wave+1","floor":35},{"not_picked":["Anger"],"picked":"SKIP","floor":36},{"not_picked":["Perfected Strike+1"],"picked":"SKIP","floor":40},{"not_picked":["Twin Strike+1"],"picked":"SKIP","floor":42},{"not_picked":[],"picked":"Cleave","floor":44},{"not_picked":[],"picked":"Juggernaut","floor":47}],"player_experience":462636,"relics_obtained":[{"floor":7,"key":"Kunai"},{"floor":9,"key":"Dodecahedron"},{"floor":23,"key":"Toxic Egg 2"},{"floor":26,"key":"Whetstone"},{"floor":28,"key":"Centennial Puzzle"},{"floor":29,"key":"Juzu Bracelet"},{"floor":37,"key":"Dead Branch"},{"floor":40,"key":"Vajra"},{"floor":42,"key":"Ancient Tea Set"},{"floor":43,"key":"Gremlin Horn"},{"floor":47,"key":"Regal Pillow"}],"event_choices":[{"cards_removed":["Strike_R"],"damage_healed":0,"gold_gain":0,"player_choice":"Offered Basic","damage_taken":0,"max_hp_gain":0,"max_hp_loss":0,"event_name":"Bonfire Elementals","floor":2,"gold_loss":0},{"damage_healed":0,"gold_gain":0,"player_choice":"Leave","damage_taken":0,"max_hp_gain":0,"max_hp_loss":0,"event_name":"The Cleric","floor":11,"gold_loss":0},{"damage_healed":0,"gold_gain":0,"player_choice":"Searched \u00271\u0027 times","damage_taken":0,"relics_obtained":["Letter Opener"],"max_hp_gain":0,"max_hp_loss":0,"event_name":"Dead Adventurer","floor":14,"gold_loss":0},{"damage_healed":0,"gold_gain":0,"player_choice":"Got Potions","damage_taken":0,"max_hp_gain":0,"max_hp_loss":0,"event_name":"Lab","floor":19,"gold_loss":0},{"damage_healed":0,"gold_gain":0,"player_choice":"Shed Blood","damage_taken":20,"max_hp_gain":5,"max_hp_loss":0,"event_name":"Forgotten Altar","floor":30,"gold_loss":0},{"damage_healed":0,"gold_gain":0,"player_choice":"Fight","damage_taken":0,"max_hp_gain":0,"max_hp_loss":0,"event_name":"MindBloom","floor":37,"gold_loss":0},{"damage_healed":0,"gold_gain":0,"player_choice":"Embrace Madness","damage_taken":11,"max_hp_gain":0,"max_hp_loss":0,"event_name":"Winding Halls","floor":38,"gold_loss":0,"cards_obtained":["Madness","Madness"]},{"cards_removed":["Whirlwind"],"damage_healed":0,"gold_gain":0,"player_choice":"Removed Attack","damage_taken":0,"max_hp_gain":0,"max_hp_loss":0,"event_name":"Falling","floor":46,"gold_loss":0},{"damage_healed":0,"gold_gain":0,"player_choice":"Ignored","damage_taken":0,"max_hp_gain":0,"max_hp_loss":0,"event_name":"Mysterious Sphere","floor":48,"gold_loss":0}],"is_beta":false,"boss_relics":[{"not_picked":["White Beast Statue","Pandora\u0027s Box"],"picked":"Runic Pyramid"},{"not_picked":["Black Blood","Astrolabe"],"picked":"Busted Crown"}],"items_purged_floors":[39,45],"is_endless":false,"potions_floor_spawned":[1,3,16,20,23,25,33,37,42,44],"ascension_level":3}