{"gold_per_floor":[119,119,22,37,37,64,64,18,65,98,115,142,158,1,1,103,103,121,220,238,92,92,92,108,134,134,148,148,148,161,181,181,181],"floor_reached":33,"playtime":3456,"items_purged":["Eviscerate"],"score":360,"play_id":"4b919054-da5a-4190-b604-b1c5b58d888e","local_time":"20181228190332","is_ascension_mode":false,"campfire_choices":[{"data":"Blur","floor":7,"key":"SMITH"},{"floor":15,"key":"REST"},{"data":"After Image","floor":23,"key":"SMITH"},{"floor":29,"key":"REST"},{"floor":32,"key":"REST"}],"neow_cost":"NONE","seed_source_timestamp":2352301572158137,"circlet_count":0,"master_deck":["Survivor","Neutralize","Poisoned Stab","Neutralize","Poisoned Stab","Backflip","Dodge and Roll","Blur+1","Outmaneuver","Cloak And Dagger","Masterful Stab","Poisoned Stab","Footwork","Crippling Poison","Corpse Explosion","Dash","Accuracy","Quick Slash","Deflect","Slice","After Image+1","Glass Knife","Noxious Fumes","Bouncing Flask","Noxious Fumes","Venomology","Choke","Well Laid Plans","Well Laid Plans","Ghostly","Ghostly","Ghostly","Ghostly","Ghostly","Blur","Backflip"],"relics":["Ring of the Snake","NeowsBlessing","PreservedInsect","Lantern","Gambling Chip","Strawberry","Pandora\u0027s Box","Boot","Kunai"],"potions_floor_usage":[13,13,25,30,31,33,33],"damage_taken":[{"damage":0,"enemies":"Small Slimes","floor":1,"turns":1},{"damage":0,"enemies":"Cultist","floor":4,"turns":1},{"damage":0,"enemies":"Gremlin Nob","floor":6,"turns":1},{"damage":14,"enemies":"Lagavulin","floor":10,"turns":11},{"damage":0,"enemies":"2 Louse","floor":11,"turns":3},{"damage":4,"enemies":"3 Sentries","floor":12,"turns":7},{"damage":0,"enemies":"Lots of Slimes","floor":13,"turns":1},{"damage":18,"enemies":"The Guardian","floor":16,"turns":11},{"damage":0,"enemies":"Shell Parasite","floor":18,"turns":7},{"damage":25,"enemies":"2 Thieves","floor":20,"turns":3},{"damage":17,"enemies":"Sentry and Sphere","floor":24,"turns":5},{"damage":20,"enemies":"Book of Stabbing","floor":25,"turns":7},{"damage":5,"enemies":"Snake Plant","floor":27,"turns":5},{"damage":0,"enemies":"Centurion and Healer","floor":30,"turns":7},{"damage":14,"enemies":"Cultist and Chosen","floor":31,"turns":9},{"damage":22,"enemies":"Collector","floor":33,"turns":5}],"seed_played":"-6781973292830179109","potions_obtained":[{"floor":10,"key":"Explosive Potion"},{"floor":11,"key":"FearPotion"},{"floor":12,"key":"Explosive Potion"},{"floor":20,"key":"Swift Potion"},{"floor":27,"key":"SteroidPotion"}],"is_trial":false,"path_per_floor":["M","?","$","M","?","E","R","$","T","E","M","E","M","$","R","B",null,"M","?","M","$","?","R","M","E","T","M","?","R","M","M","R","B"],"character_chosen":"THE_SILENT","items_purchased":["Poisoned Stab","Backflip","Outmaneuver","Footwork","Crippling Poison","Noxious Fumes"],"campfire_rested":3,"item_purchase_floors":[3,3,8,14,14,21],"current_hp_per_floor":[70,70,70,70,63,63,63,63,63,49,49,52,52,52,75,57,77,77,77,52,52,52,52,35,15,15,10,10,21,21,7,18,0],"gold":181,"neow_bonus":"THREE_ENEMY_KILL","is_prod":false,"is_daily":false,"chose_seed":false,"campfire_upgraded":2,"win_rate":0,"timestamp":1545984212,"path_taken":["M","?","?","?","?","E","R","$","T","E","?","E","M","$","R","BOSS","M","?","M","$","?","R","M","E","T","M","?","R","M","M","R","BOSS"],"build_version":"2018-12-20","purchased_purges":1,"victory":false,"max_hp_per_floor":[70,70,70,70,70,70,70,70,70,70,70,77,77,77,77,77,77,77,77,77,77,77,77,77,77,77,77,38,38,38,38,38,38],"card_choices":[{"not_picked":["Sucker Punch","Dagger Spray","Expertise"],"picked":"SKIP","floor":1},{"not_picked":["Flying Knee","Setup"],"picked":"Dodge and Roll","floor":4},{"not_picked":["Underhanded Strike","Choke"],"picked":"Blur","floor":6},{"not_picked":["Sucker Punch","Phantasmal Killer","Dagger Throw"],"picked":"SKIP","floor":10},{"not_picked":["Crippling Poison","Acrobatics"],"picked":"Cloak And Dagger","floor":11},{"not_picked":["Slice","Accuracy"],"picked":"Masterful Stab","floor":12},{"not_picked":["Outmaneuver","Setup"],"picked":"Poisoned Stab","floor":13},{"not_picked":["Doppelganger","Glass Knife"],"picked":"Corpse Explosion","floor":16},{"not_picked":["Poisoned Stab","Quick Slash+1"],"picked":"Noxious Fumes","floor":18},{"not_picked":["Sucker Punch","Skewer"],"picked":"Bouncing Flask","floor":20},{"not_picked":["Backflip","Deadly Poison"],"picked":"Well Laid Plans","floor":24},{"not_picked":["Poisoned Stab","Blade Dance"],"picked":"Well Laid Plans","floor":25},{"not_picked":["Flying Knee","Accuracy","Outmaneuver+1"],"picked":"SKIP","floor":27},{"not_picked":["Riddle With Holes","Cloak And Dagger"],"picked":"Blur","floor":30},{"not_picked":["Setup","Flechettes"],"picked":"Backflip","floor":31}],"player_experience":338395,"relics_obtained":[{"floor":6,"key":"PreservedInsect"},{"floor":9,"key":"Lantern"},{"floor":10,"key":"Gambling Chip"},{"floor":12,"key":"Strawberry"},{"floor":25,"key":"Boot"},{"floor":26,"key":"Kunai"}],"event_choices":[{"damage_healed":0,"gold_gain":0,"player_choice":"2 cards matched","damage_taken":0,"max_hp_gain":0,"max_hp_loss":0,"event_name":"Match and Keep!","floor":2,"gold_loss":0,"cards_obtained":["Poisoned Stab","Neutralize"]},{"damage_healed":0,"gold_gain":0,"player_choice":"Damaged","damage_taken":7,"max_hp_gain":0,"max_hp_loss":0,"event_name":"Wheel of Change","floor":5,"gold_loss":0},{"damage_healed":0,"gold_gain":99,"player_choice":"Stole From Cult","damage_taken":0,"max_hp_gain":0,"max_hp_loss":0,"event_name":"Nest","floor":19,"gold_loss":0},{"damage_healed":0,"gold_gain":0,"cards_transformed":["Skewer","Endless Agony"],"player_choice":"Became Test Subject","damage_taken":0,"max_hp_gain":0,"max_hp_loss":0,"event_name":"Drug Dealer","floor":22,"gold_loss":0,"cards_obtained":["Venomology","Choke"]},{"damage_healed":0,"gold_gain":0,"player_choice":"Became a Ghost","damage_taken":0,"max_hp_gain":0,"max_hp_loss":39,"event_name":"Ghosts","floor":28,"gold_loss":0,"cards_obtained":["Ghostly","Ghostly","Ghostly","Ghostly","Ghostly"]}],"is_beta":false,"boss_relics":[{"not_picked":["Busted Crown","Sozu"],"picked":"Pandora\u0027s Box"}],"items_purged_floors":[21],"is_endless":false,"potions_floor_spawned":[10,11,12,20,27],"killed_by":"Collector","ascension_level":0}