{"gold_per_floor":[114,60,70,89,64,99,99,131,131,131,144,164,164,199,199,304,304,324,344,344,355,355,355,355,387,466,391,100,110,110,122,122,218,218,230,44,44,58,78,78,113,35,83,83,117,80,100,119,119,119],"floor_reached":50,"playtime":3951,"items_purged":[],"score":819,"play_id":"50994216-4f3e-4f6d-96e8-8d11cabf0f7c","local_time":"20190118163701","is_ascension_mode":true,"campfire_choices":[{"data":"True Grit","floor":7,"key":"SMITH"},{"floor":10,"key":"REST"},{"data":"Feel No Pain","floor":13,"key":"SMITH"},{"floor":15,"key":"REST"},{"data":"Armaments","floor":23,"key":"SMITH"},{"data":"Fiend Fire","floor":30,"key":"SMITH"},{"floor":32,"key":"REST"},{"data":"Barricade","floor":40,"key":"SMITH"},{"floor":49,"key":"REST"}],"neow_cost":"NONE","seed_source_timestamp":866121518742078,"circlet_count":0,"master_deck":["Strike_R","Strike_R","Strike_R","Strike_R","Defend_R","Defend_R","Defend_R","Defend_R","Bash","Thunderclap","Anger","Heavy Blade","Whirlwind","Cleave","True Grit+1","Exhume","Feel No Pain+1","Infernal Blade","Impervious","Fiend Fire+1","Anger+1","Armaments+1","Corruption","RitualDagger","Second Wind","Warcry","Burning Pact","Rage","Flex","Rage+1","Disarm","Demon Form","Dropkick+1","True Grit+1","Burning Pact+1","Body Slam","Thunderclap","Barricade+1","Havoc","Fire Breathing","Madness","Madness","Iron Wave+1","Havoc","Limit Break","Warcry","Battle Trance","Armaments","Entrench+1","Feel No Pain+1"],"relics":["Burning Blood","Bag of Preparation","Thread and Needle","Question Card","Red Skull","Runic Pyramid","Ancient Tea Set","The Courier","PreservedInsect","Orrery","Pen Nib","Pantograph","Omamori","Paper Frog"],"potions_floor_usage":[8,12,14,25,33,38,47,48],"damage_taken":[{"damage":7,"enemies":"Small Slimes","floor":1,"turns":4},{"damage":1,"enemies":"Cultist","floor":3,"turns":3},{"damage":1,"enemies":"2 Louse","floor":4,"turns":2},{"damage":23,"enemies":"Gremlin Nob","floor":6,"turns":4},{"damage":53,"enemies":"Lagavulin","floor":8,"turns":7},{"damage":8,"enemies":"2 Fungi Beasts","floor":11,"turns":2},{"damage":0,"enemies":"3 Louse","floor":12,"turns":3},{"damage":19,"enemies":"Gremlin Nob","floor":14,"turns":4},{"damage":29,"enemies":"Slime Boss","floor":16,"turns":11},{"damage":1,"enemies":"3 Byrds","floor":18,"turns":6},{"damage":0,"enemies":"Shell Parasite","floor":19,"turns":6},{"damage":0,"enemies":"Snecko","floor":21,"turns":5},{"damage":22,"enemies":"Gremlin Leader","floor":25,"turns":5},{"damage":2,"enemies":"3 Cultists","floor":29,"turns":7},{"damage":4,"enemies":"Centurion and Healer","floor":31,"turns":7},{"damage":59,"enemies":"Automaton","floor":33,"turns":13},{"damage":10,"enemies":"3 Shapes","floor":35,"turns":5},{"damage":20,"enemies":"Orb Walker","floor":38,"turns":3},{"damage":21,"enemies":"4 Shapes","floor":39,"turns":6},{"damage":0,"enemies":"Giant Head","floor":41,"turns":6},{"damage":0,"enemies":"Reptomancer","floor":45,"turns":6},{"damage":41,"enemies":"Transient","floor":47,"turns":5},{"damage":0,"enemies":"Maw","floor":48,"turns":7},{"damage":88,"enemies":"Awakened One","floor":50,"turns":6}],"seed_played":"-6016650466433617601","potions_obtained":[{"floor":1,"key":"SkillPotion"},{"floor":11,"key":"AttackPotion"},{"floor":12,"key":"FearPotion"},{"floor":16,"key":"FairyPotion"},{"floor":20,"key":"Fire Potion"},{"floor":20,"key":"SpeedPotion"},{"floor":29,"key":"LiquidBronze"},{"floor":35,"key":"FearPotion"},{"floor":38,"key":"SmokeBomb"},{"floor":45,"key":"PowerPotion"}],"is_trial":false,"path_per_floor":["M","$","M","M","$","E","R","E","T","R","M","M","R","E","R","B",null,"M","M","?","M","?","R","?","E","T","?","$","M","R","M","R","B",null,"M","$","?","M","M","R","E","$","T","?","E","$","M","M","R","B"],"character_chosen":"IRONCLAD","items_purchased":["Anger","Cleave","PreservedInsect","Warcry","Burning Pact","Rage","Flex","Pen Nib","Havoc","Fire Breathing","Warcry","Battle Trance","Armaments"],"campfire_rested":4,"item_purchase_floors":[2,5,28,28,28,28,28,36,36,36,42,42,46],"current_hp_per_floor":[87,87,88,88,88,71,71,24,24,50,48,54,54,41,67,44,77,82,88,88,88,88,88,82,66,66,66,66,70,70,72,88,35,75,71,71,60,46,31,31,37,37,37,77,77,77,42,48,71,0],"gold":119,"neow_bonus":"TEN_PERCENT_HP_BONUS","is_prod":false,"is_daily":false,"chose_seed":false,"campfire_upgraded":5,"win_rate":0,"timestamp":1547789821,"path_taken":["M","$","M","M","$","E","R","E","T","R","M","M","R","E","R","BOSS","M","M","?","?","?","R","?","E","T","?","$","M","R","M","R","BOSS","M","$","?","M","M","R","E","$","T","?","E","?","?","M","R","BOSS"],"build_version":"2019-01-17","purchased_purges":0,"victory":false,"max_hp_per_floor":[88,88,88,88,88,88,88,88,88,88,88,88,88,88,88,88,88,88,88,88,88,88,88,88,88,88,88,88,88,88,88,88,88,88,88,88,88,88,88,88,88,88,88,77,77,77,77,77,77,77],"card_choices":[{"not_picked":["Rupture","Clothesline"],"picked":"Thunderclap","floor":1},{"not_picked":["Twin Strike","Clash"],"picked":"Heavy Blade","floor":3},{"not_picked":["Shockwave","True Grit"],"picked":"Whirlwind","floor":4},{"not_picked":["Infernal Blade","Cleave"],"picked":"True Grit","floor":6},{"not_picked":["Havoc","Pommel Strike"],"picked":"Exhume","floor":8},{"not_picked":["Sentinel","Flex","Spot Weakness"],"picked":"Feel No Pain","floor":11},{"not_picked":["Blood for Blood","Havoc","True Grit"],"picked":"Infernal Blade","floor":12},{"not_picked":["Iron Wave","Pommel Strike","Carnage"],"picked":"Impervious","floor":14},{"not_picked":["Offering","Dark Embrace","Brutality"],"picked":"Fiend Fire","floor":16},{"not_picked":["Blood for Blood+1","Combust","Iron Wave","Pommel Strike"],"picked":"SKIP","floor":18},{"not_picked":["Sword Boomerang","Headbutt","Second Wind"],"picked":"Anger+1","floor":19},{"not_picked":["Iron Wave","Wild Strike","Blood for Blood"],"picked":"Armaments","floor":21},{"not_picked":["Searing Blow+1","Cleave+1","Dropkick"],"picked":"Second Wind","floor":25},{"not_picked":["Pommel Strike","Wild Strike+1","Anger"],"picked":"Rage+1","floor":29},{"not_picked":["Clash","Rupture+1","Pommel Strike"],"picked":"Disarm","floor":31},{"not_picked":["Exhume","Reaper","Impervious"],"picked":"Demon Form","floor":33},{"not_picked":["Rampage","Spot Weakness","Whirlwind"],"picked":"Dropkick+1","floor":34},{"not_picked":["Iron Wave+1","Bloodletting","Infernal Blade"],"picked":"True Grit+1","floor":34},{"not_picked":["Anger","Reckless Charge","Armaments"],"picked":"Burning Pact+1","floor":34},{"not_picked":["Twin Strike","Clash","Cleave+1"],"picked":"Body Slam","floor":34},{"not_picked":["Armaments","Hemokinesis","Iron Wave"],"picked":"Thunderclap","floor":34},{"not_picked":["Fire Breathing","Uppercut","Shrug It Off"],"picked":"Barricade","floor":35},{"not_picked":["Searing Blow+1","Wild Strike","Cleave+1"],"picked":"Iron Wave+1","floor":38},{"not_picked":["Inflame+1","Clothesline","Flex"],"picked":"Havoc","floor":39},{"not_picked":["Exhume","Body Slam","Wild Strike"],"picked":"Limit Break","floor":41},{"not_picked":["Dual Wield+1","Sever Soul","Iron Wave","Heavy Blade"],"picked":"SKIP","floor":45},{"not_picked":["Whirlwind+1","Ghostly Armor","Anger+1"],"picked":"Entrench+1","floor":47},{"not_picked":["Armaments","Fire Breathing","Twin Strike"],"picked":"Feel No Pain+1","floor":48}],"player_experience":475617,"relics_obtained":[{"floor":6,"key":"Bag of Preparation"},{"floor":8,"key":"Thread and Needle"},{"floor":9,"key":"Question Card"},{"floor":14,"key":"Red Skull"},{"floor":25,"key":"Ancient Tea Set"},{"floor":26,"key":"The Courier"},{"floor":41,"key":"Pantograph"},{"floor":43,"key":"Omamori"},{"floor":45,"key":"Paper Frog"}],"event_choices":[{"damage_healed":0,"gold_gain":0,"player_choice":"Got Potions","damage_taken":0,"max_hp_gain":0,"max_hp_loss":0,"event_name":"Lab","floor":20,"gold_loss":0},{"damage_healed":0,"gold_gain":0,"player_choice":"Read","damage_taken":0,"max_hp_gain":0,"max_hp_loss":0,"event_name":"The Library","floor":22,"gold_loss":0,"cards_obtained":["Corruption"]},{"damage_healed":0,"gold_gain":0,"player_choice":"Joined the Cult","damage_taken":6,"max_hp_gain":0,"max_hp_loss":0,"event_name":"Nest","floor":24,"gold_loss":0,"cards_obtained":["RitualDagger"]},{"cards_removed":["Strike_R"],"damage_healed":0,"gold_gain":0,"player_choice":"Gave Gold","damage_taken":0,"max_hp_gain":0,"max_hp_loss":0,"event_name":"Beggar","floor":27,"gold_loss":75},{"damage_healed":0,"gold_gain":0,"player_choice":"Embrace Madness","damage_taken":11,"max_hp_gain":0,"max_hp_loss":0,"event_name":"Winding Halls","floor":37,"gold_loss":0,"cards_obtained":["Madness","Madness"]},{"damage_healed":77,"gold_gain":0,"player_choice":"Heal","damage_taken":0,"max_hp_gain":0,"max_hp_loss":11,"event_name":"The Moai Head","floor":44,"gold_loss":0}],"is_beta":false,"boss_relics":[{"not_picked":["Velvet Choker","Tiny House"],"picked":"Runic Pyramid"},{"not_picked":["Astrolabe","Runic Cube"],"picked":"Orrery"}],"items_purged_floors":[],"is_endless":false,"potions_floor_spawned":[1,11,12,16,29,31,35,38,45],"killed_by":"Awakened One","ascension_level":5}