{"gold_per_floor":[119,133,83,98,117,117,173,203,230,230,247,151,168,188,188,285,285,250,250,250,266,57,57,73,103,103,130,130,28,28,38,38,134,134,150,64,84,100,100],"floor_reached":39,"playtime":3729,"items_purged":["Strike_B"],"score":475,"play_id":"eeb87b60-bcb6-4246-b884-e411edf05f4f","local_time":"20190123230336","is_ascension_mode":true,"campfire_choices":[{"floor":6.0,"key":"REST"},{"data":"Defragment","floor":15.0,"key":"SMITH"},{"floor":23.0,"key":"REST"},{"floor":28.0,"key":"REST"},{"data":"Creative AI","floor":30.0,"key":"SMITH"},{"floor":32.0,"key":"REST"}],"neow_cost":"NONE","seed_source_timestamp":128952253801268,"circlet_count":0,"master_deck":["Strike_B","Strike_B","Defend_B","Defend_B","Defend_B","Defend_B","Zap","Dualcast","Sweeping Beam","Turbo","Cold Snap","Beam Cell","Redo","Self Repair","Capacitor","Defragment+1","Steam","Streamline","Conserve Battery","Creative AI+1","Writhe","Aggregate","Coolheaded","Chill+1","Go for the Eyes","Leap","Turbo+1","Buffer","Leap","Purity","Conserve Battery+1","Coolheaded"],"special_seed":0,"relics":["Cracked Core","Regal Pillow","Odd Mushroom","Centennial Puzzle","Lizard Tail","Sundial","PreservedInsect","Singing Bowl","Kunai","Pantograph","Runic Pyramid"],"potions_floor_usage":[],"damage_taken":[{"damage":12.0,"enemies":"Jaw Worm","floor":1.0,"turns":3.0},{"damage":5.0,"enemies":"Small Slimes","floor":2.0,"turns":3.0},{"damage":3.0,"enemies":"2 Louse","floor":4.0,"turns":2.0},{"damage":2.0,"enemies":"Exordium Thugs","floor":5.0,"turns":4.0},{"damage":37.0,"enemies":"Gremlin Nob","floor":7.0,"turns":5.0},{"damage":16.0,"enemies":"The Mushroom Lair","floor":8.0,"turns":6.0},{"damage":1.0,"enemies":"Looter","floor":11.0,"turns":2.0},{"damage":5.0,"enemies":"2 Fungi Beasts","floor":13.0,"turns":5.0},{"damage":10.0,"enemies":"Exordium Wildlife","floor":14.0,"turns":4.0},{"damage":32.0,"enemies":"The Guardian","floor":16.0,"turns":12.0},{"damage":60.0,"enemies":"2 Thieves","floor":18.0,"turns":5.0},{"damage":22.0,"enemies":"Shell Parasite","floor":21.0,"turns":8.0},{"damage":8.0,"enemies":"Cultist and Chosen","floor":24.0,"turns":7.0},{"damage":31.0,"enemies":"Slavers","floor":25.0,"turns":11.0},{"damage":46.0,"enemies":"Book of Stabbing","floor":27.0,"turns":7.0},{"damage":29.0,"enemies":"Snake Plant","floor":31.0,"turns":7.0},{"damage":55.0,"enemies":"Collector","floor":33.0,"turns":18.0},{"damage":17.0,"enemies":"Orb Walker","floor":35.0,"turns":6.0},{"damage":0.0,"enemies":"3 Shapes","floor":37.0,"turns":14.0},{"damage":61.0,"enemies":"Jaw Worm Horde","floor":38.0,"turns":13.0},{"damage":49,"enemies":"Transient","floor":39,"turns":3}],"seed_played":"-2423749830531808219","potions_obtained":[{"floor":1.0,"key":"Block Potion"},{"floor":4.0,"key":"EssenceOfSteel"},{"floor":13.0,"key":"Strength Potion"},{"floor":14.0,"key":"Swift Potion"},{"floor":24.0,"key":"Poison Potion"},{"floor":27.0,"key":"Fire Potion"},{"floor":31.0,"key":"EssenceOfSteel"},{"floor":35.0,"key":"Swift Potion"}],"is_trial":false,"path_per_floor":["M","M","?","M","M","R","?","?","T","?","M","$","M","M","R","B",null,"M","?","?","M","$","R","M","E","T","E","R","$","R","M","R","B",null,"M","$","M","M","M"],"character_chosen":"DEFECT","items_purchased":["Defragment","Steam","Coolheaded","PreservedInsect","Leap","Purity"],"campfire_rested":4,"item_purchase_floors":[12,12,22,22,29,36],"current_hp_per_floor":[63,58,58,55,53,75,38,22,22,85,84,84,85,82,82,57,85,32,32,32,10,10,50,49,34,34,36,77,77,77,55,87,32,87,77,77,84,30,0],"gold":100,"neow_bonus":"ONE_RANDOM_RARE_CARD","is_prod":false,"is_daily":false,"chose_seed":false,"campfire_upgraded":2,"win_rate":0,"timestamp":1548245016,"path_taken":["M","M","?","M","M","R","?","?","T","?","M","$","M","?","R","BOSS","M","?","?","M","?","R","M","E","T","E","R","$","R","M","R","BOSS","M","$","M","?","M"],"build_version":"2019-01-17v2","purchased_purges":1,"victory":false,"max_hp_per_floor":[75,75,75,75,75,75,75,75,75,85,85,85,85,85,85,85,85,85,85,85,85,85,85,85,87,87,87,87,87,87,87,87,87,87,87,87,87,87,87],"card_choices":[{"not_picked":["FTL","Rebound"],"picked":"Sweeping Beam","floor":1.0},{"not_picked":["Stack","Skim"],"picked":"Turbo","floor":2.0},{"not_picked":["Beam Cell","Glacier"],"picked":"Cold Snap","floor":4.0},{"not_picked":["Steam","Stack"],"picked":"Beam Cell","floor":5.0},{"not_picked":["Lockon","Coolheaded"],"picked":"Redo","floor":7.0},{"not_picked":["Steam","Double Energy"],"picked":"Self Repair","floor":8.0},{"not_picked":["Fusion","Skim"],"picked":"Capacitor","floor":11.0},{"not_picked":["Gash","Barrage"],"picked":"Streamline","floor":13.0},{"not_picked":["Cold Snap","Tempest"],"picked":"Conserve Battery","floor":14.0},{"not_picked":["Rainbow","Thunder Strike"],"picked":"Creative AI","floor":16.0},{"not_picked":["Chaos","Compile Driver","Recycle"],"picked":"SKIP","floor":18.0},{"not_picked":["Consume+1","FTL"],"picked":"Aggregate","floor":21.0},{"not_picked":["Steam","Sweeping Beam"],"picked":"Chill+1","floor":24.0},{"not_picked":["Force Field","Compile Driver","Barrage"],"picked":"Singing Bowl","floor":25.0},{"not_picked":["Compile Driver","Sweeping Beam"],"picked":"Go for the Eyes","floor":27.0},{"not_picked":["Recycle","Consume+1"],"picked":"Turbo+1","floor":31.0},{"not_picked":["Multi-Cast","Fission"],"picked":"Buffer","floor":33.0},{"not_picked":["Sweeping Beam","Streamline"],"picked":"Leap","floor":35.0},{"not_picked":["Loop","Steam Power"],"picked":"Conserve Battery+1","floor":37.0},{"not_picked":["Darkness+1","Genetic Algorithm+1"],"picked":"Coolheaded","floor":38.0}],"player_experience":539456,"relics_obtained":[{"floor":7.0,"key":"Regal Pillow"},{"floor":8.0,"key":"Odd Mushroom"},{"floor":9.0,"key":"Centennial Puzzle"},{"floor":25.0,"key":"Singing Bowl"},{"floor":26.0,"key":"Kunai"},{"floor":27.0,"key":"Pantograph"}],"event_choices":[{"cards_removed":["Strike_B"],"damage_healed":0.0,"max_hp_gain":0.0,"max_hp_loss":0.0,"gold_gain":0.0,"event_name":"The Cleric","player_choice":"Card Removal","floor":3.0,"gold_loss":50.0,"damage_taken":0.0},{"damage_healed":0.0,"max_hp_gain":0.0,"max_hp_loss":0.0,"gold_gain":0.0,"event_name":"Dead Adventurer","player_choice":"Searched \u00271\u0027 times","floor":7.0,"gold_loss":0.0,"damage_taken":0.0},{"damage_healed":0.0,"max_hp_gain":0.0,"max_hp_loss":0.0,"gold_gain":0.0,"event_name":"Mushrooms","player_choice":"Fought Mushrooms","floor":8.0,"gold_loss":0.0,"damage_taken":0.0},{"cards_removed":["Amplify"],"damage_healed":53.0,"max_hp_gain":10.0,"max_hp_loss":0.0,"gold_gain":0.0,"event_name":"Bonfire Elementals","player_choice":"Offered Rare","floor":10.0,"gold_loss":0.0,"damage_taken":0.0},{"damage_healed":0.0,"max_hp_gain":0.0,"max_hp_loss":0.0,"gold_gain":0.0,"event_name":"Ghosts","player_choice":"Ignored","floor":19.0,"gold_loss":0.0,"damage_taken":0.0},{"damage_healed":0.0,"max_hp_gain":0.0,"max_hp_loss":0.0,"gold_gain":0.0,"event_name":"The Mausoleum","player_choice":"Opened","floor":20.0,"gold_loss":0.0,"damage_taken":0.0,"relics_obtained":["Sundial"],"cards_obtained":["Writhe"]}],"is_beta":false,"boss_relics":[{"not_picked":["Runic Dome","Fusion Hammer"],"picked":"Lizard Tail"},{"not_picked":["White Beast Statue","Astrolabe"],"picked":"Runic Pyramid"}],"items_purged_floors":[29],"is_endless":false,"potions_floor_spawned":[1,4,13,14,24,27,31,35],"killed_by":"Transient","ascension_level":3}