{"gold_per_floor":[209,221,296,90,108,108,118,136,136,136,149,149,149,149,149,149],"floor_reached":16,"playtime":488,"items_purged":["Strike_G"],"score":184,"play_id":"cbc2934c-4ad6-437c-9dd3-4f60dd7eb5d3","local_time":"20190807153046","is_ascension_mode":true,"campfire_choices":[{"data":"Deadly Poison","floor":6.0,"key":"SMITH"},{"data":"Bane","floor":12,"key":"SMITH"},{"data":"Neutralize","floor":15,"key":"SMITH"}],"neow_cost":"NONE","seed_source_timestamp":322951311628888,"circlet_count":0,"master_deck":["AscendersBane","Strike_G","Strike_G","Strike_G","Strike_G","Defend_G","Defend_G","Defend_G","Defend_G","Defend_G","Survivor","Neutralize+1","Cloak And Dagger","Footwork","Backstab","Deadly Poison+1","Bane+1"],"special_seed":0,"relics":["Ring of the Snake","Golden Idol","Toxic Egg 2"],"potions_floor_usage":[11,16],"damage_taken":[{"damage":3.0,"enemies":"Small Slimes","floor":1.0,"turns":4.0},{"damage":0.0,"enemies":"2 Louse","floor":2.0,"turns":3.0},{"damage":3.0,"enemies":"Jaw Worm","floor":5.0,"turns":6.0},{"damage":0.0,"enemies":"Blue Slaver","floor":7.0,"turns":5.0},{"damage":6.0,"enemies":"Exordium Thugs","floor":8.0,"turns":9.0},{"damage":3,"enemies":"Looter","floor":11,"turns":3},{"damage":42,"enemies":"Hexaghost","floor":16,"turns":12}],"seed_played":"539356883342929435","potions_obtained":[{"floor":2.0,"key":"Regen Potion"},{"floor":8.0,"key":"Weak Potion"}],"is_trial":false,"path_per_floor":["M","M","?","$","M","R","M","M","T","?","M","R","?","T","R","B"],"character_chosen":"THE_SILENT","items_purchased":["Footwork","Backstab"],"campfire_rested":0,"item_purchase_floors":[4,4],"current_hp_per_floor":[56,56,45,45,42,42,42,36,36,36,33,33,33,33,33,6],"gold":149,"neow_bonus":"HUNDRED_GOLD","is_prod":false,"is_daily":false,"chose_seed":false,"campfire_upgraded":3,"win_rate":0,"timestamp":1565163046,"path_taken":["M","M","?","$","M","R","M","M","T","?","M","R","?","?","R","BOSS"],"build_version":"2019-07-17","purchased_purges":1,"victory":false,"max_hp_per_floor":[66,66,66,66,66,66,66,66,66,66,66,66,60,60,60,60],"card_choices":[{"not_picked":["Blade Dance","Deflect"],"picked":"Cloak And Dagger","floor":1.0},{"not_picked":["Dagger Spray","Caltrops","Dagger Throw"],"picked":"SKIP","floor":2.0},{"not_picked":["Outmaneuver","Masterful Stab"],"picked":"Deadly Poison","floor":5.0},{"not_picked":["Poisoned Stab","Die Die Die","Sucker Punch"],"picked":"SKIP","floor":7.0},{"not_picked":["Blur","Underhanded Strike"],"picked":"Bane","floor":8.0},{"not_picked":["Quick Slash","Underhanded Strike","Reflex"],"picked":"SKIP","floor":11}],"player_experience":1147742,"relics_obtained":[{"floor":14,"key":"Toxic Egg 2"}],"event_choices":[{"damage_healed":0.0,"max_hp_gain":0.0,"max_hp_loss":0.0,"gold_gain":75.0,"event_name":"World of Goop","player_choice":"Gather Gold","floor":3.0,"gold_loss":0.0,"damage_taken":11.0},{"damage_healed":0,"gold_gain":0,"player_choice":"Ignored","damage_taken":0,"max_hp_gain":0,"max_hp_loss":0,"event_name":"Shining Light","floor":10,"gold_loss":0},{"damage_healed":0,"gold_gain":0,"player_choice":"Lose Max HP","damage_taken":0,"relics_obtained":["Golden Idol"],"max_hp_gain":0,"max_hp_loss":6,"event_name":"Golden Idol","floor":13,"gold_loss":0}],"is_beta":false,"boss_relics":[],"items_purged_floors":[4],"is_endless":false,"potions_floor_spawned":[2,8],"killed_by":"Hexaghost","ascension_level":20}