{"gold_per_floor":[113,171,188,23,37,37,57,57,57,392,410,428,441,474,474,572,572,590,125,144,144,144,144,94,119,165,183,83,113,129,39,39,136,136,150,170,170,19,36,36,62,74,86,126,138,165,177,215,227,239],"floor_reached":51,"playtime":5881,"items_purged":["Shame","Doubt"],"score":1082,"play_id":"d4bf16cb-9c53-4dc3-b6f3-5e8699e12a0a","local_time":"20190803231356","is_ascension_mode":true,"campfire_choices":[{"data":"Phantasmal Killer","floor":6.0,"key":"SMITH"},{"data":"Footwork","floor":15.0,"key":"SMITH"},{"data":"Dash","floor":23.0,"key":"SMITH"},{"data":"Skewer","floor":32.0,"key":"SMITH"},{"data":"Outmaneuver","floor":40.0,"key":"SMITH"},{"data":"Outmaneuver","floor":42.0,"key":"SMITH"},{"data":"Metamorphosis","floor":45,"key":"SMITH"},{"floor":49,"key":"REST"}],"neow_cost":"PERCENT_DAMAGE","seed_source_timestamp":2075897264075100,"circlet_count":0,"master_deck":["Strike_G","Strike_G","Strike_G","Defend_G","Defend_G","Defend_G","Defend_G","Survivor","Neutralize","PiercingWail","Phantasmal Killer+1","Predator","Backflip","Footwork+1","Good Instincts","Predator","Dodge and Roll+1","Sucker Punch","Masterful Stab","Dash+1","PiercingWail","Well Laid Plans","Die Die Die","Infinite Blades","Outmaneuver+1","Trip","Caltrops","Metamorphosis+1","After Image","PiercingWail","Infinite Blades","Skewer+1","Venomology","Calculated Gamble+1","Backflip","Madness","Madness","Outmaneuver+1","Outmaneuver+1","Pain"],"special_seed":0,"relics":["Ring of the Snake","Bottled Tornado","Old Coin","Unceasing Top","Calling Bell","Happy Flower","Shuriken","Ice Cream","Enchiridion","Gremlin Horn","Pear","Anchor","Mercury Hourglass","Busted Crown","Oddly Smooth Stone","MawBank","Blue Candle","Ninja Scroll","WarpedTongs","Molten Egg 2"],"potions_floor_usage":[44,50,50,50],"damage_taken":[{"damage":0.0,"enemies":"2 Louse","floor":1.0,"turns":4.0},{"damage":0.0,"enemies":"Jaw Worm","floor":3.0,"turns":3.0},{"damage":0.0,"enemies":"Small Slimes","floor":5.0,"turns":4.0},{"damage":0.0,"enemies":"Red Slaver","floor":7.0,"turns":4.0},{"damage":8.0,"enemies":"3 Sentries","floor":10.0,"turns":9.0},{"damage":0.0,"enemies":"3 Louse","floor":11.0,"turns":4.0},{"damage":0.0,"enemies":"Large Slime","floor":12.0,"turns":6.0},{"damage":10.0,"enemies":"Lots of Slimes","floor":13.0,"turns":5.0},{"damage":2.0,"enemies":"Gremlin Nob","floor":14.0,"turns":5.0},{"damage":17.0,"enemies":"Slime Boss","floor":16.0,"turns":8.0},{"damage":3.0,"enemies":"2 Thieves","floor":18.0,"turns":4.0},{"damage":0.0,"enemies":"3 Byrds","floor":20.0,"turns":5.0},{"damage":13.0,"enemies":"Book of Stabbing","floor":25.0,"turns":7.0},{"damage":1.0,"enemies":"Centurion and Healer","floor":27.0,"turns":5.0},{"damage":1.0,"enemies":"Gremlin Leader","floor":29.0,"turns":7.0},{"damage":0.0,"enemies":"Shelled Parasite and Fungi","floor":30.0,"turns":4.0},{"damage":0.0,"enemies":"Champ","floor":33.0,"turns":9.0},{"damage":3.0,"enemies":"3 Darklings","floor":35.0,"turns":5.0},{"damage":0.0,"enemies":"3 Shapes","floor":36.0,"turns":5.0},{"damage":0.0,"enemies":"3 Darklings","floor":39.0,"turns":3.0},{"damage":6.0,"enemies":"Reptomancer","floor":41.0,"turns":5.0},{"damage":0,"enemies":"Giant Head","floor":44,"turns":7},{"damage":0,"enemies":"Sphere and 2 Shapes","floor":46,"turns":3},{"damage":3,"enemies":"Reptomancer","floor":48,"turns":4},{"damage":2,"enemies":"Awakened One","floor":50,"turns":13}],"seed_played":"-930511591373345049","potions_obtained":[{"floor":5.0,"key":"Fire Potion"},{"floor":7.0,"key":"Swift Potion"},{"floor":12.0,"key":"Poison Potion"},{"floor":13.0,"key":"Fire Potion"},{"floor":16.0,"key":"FearPotion"},{"floor":25.0,"key":"Dexterity Potion"},{"floor":30.0,"key":"Fire Potion"},{"floor":33.0,"key":"AttackPotion"},{"floor":35.0,"key":"Dexterity Potion"},{"floor":46,"key":"Block Potion"}],"is_trial":false,"path_per_floor":["M","?","M","$","M","R","M","?","T","E","M","M","M","E","R","B",null,"M","$","M","?","?","R","?","E","T","M","$","E","M","?","R","B",null,"M","M","?","$","M","R","E","R","T","E","R","M","?","E","R","B",null],"character_chosen":"THE_SILENT","items_purchased":["Footwork","Good Instincts","Outmaneuver","Trip","Caltrops","Metamorphosis","Oddly Smooth Stone"],"campfire_rested":1,"item_purchase_floors":[4,4,19,19,19,19,38],"current_hp_per_floor":[49,49,49,49,49,49,49,49,49,41,41,41,31,29,29,12,70,67,67,67,51,51,51,51,48,48,47,47,46,46,46,46,46,80,77,77,67,67,67,67,61,61,61,61,61,61,61,58,80,78],"gold":251,"neow_bonus":"TRANSFORM_TWO_CARDS","is_prod":false,"is_daily":false,"chose_seed":false,"campfire_upgraded":7,"win_rate":0,"timestamp":1564895636,"path_taken":["M","?","M","$","M","R","M","?","T","E","M","M","M","E","R","BOSS","M","$","M","?","?","R","?","E","T","M","$","E","?","?","R","BOSS","M","M","?","$","M","R","E","R","T","E","R","M","?","E","R","BOSS"],"build_version":"2019-07-18","purchased_purges":2,"victory":true,"max_hp_per_floor":[70,70,70,70,70,70,70,70,70,70,70,70,70,70,70,70,70,70,70,70,70,70,70,70,80,80,80,80,80,80,80,80,80,80,80,80,80,80,80,80,80,80,80,80,80,80,80,80,80,80],"card_choices":[{"not_picked":["Underhanded Strike","Well Laid Plans"],"picked":"Predator","floor":1.0},{"not_picked":["Flying Knee","Underhanded Strike"],"picked":"Backflip","floor":3.0},{"not_picked":["Endless Agony","Deadly Poison"],"picked":"Predator","floor":5.0},{"not_picked":["Poisoned Stab","Dagger Spray"],"picked":"Dodge and Roll","floor":7.0},{"not_picked":["Dagger Spray","Riddle With Holes"],"picked":"Sucker Punch","floor":10.0},{"not_picked":["Backflip","Slice"],"picked":"Masterful Stab","floor":11.0},{"not_picked":["Cloak And Dagger","Expertise"],"picked":"Dash","floor":12.0},{"not_picked":["Catalyst","Sucker Punch"],"picked":"PiercingWail","floor":13.0},{"not_picked":["Accuracy","Flying Knee"],"picked":"Well Laid Plans","floor":14.0},{"not_picked":["Doppelganger","Bullet Time"],"picked":"Die Die Die","floor":16.0},{"not_picked":["Poisoned Stab","Acrobatics"],"picked":"Infinite Blades","floor":18.0},{"not_picked":["Slice","Heel Hook"],"picked":"After Image","floor":20.0},{"not_picked":["Acrobatics","Tactician"],"picked":"PiercingWail","floor":25.0},{"not_picked":["Leg Sweep+1","Crippling Poison"],"picked":"Infinite Blades","floor":27.0},{"not_picked":["Endless Agony","Outmaneuver"],"picked":"Skewer","floor":29.0},{"not_picked":["Sucker Punch","Acrobatics","Flying Knee+1"],"picked":"SKIP","floor":30.0},{"not_picked":["Glass Knife","Wraith Form v2"],"picked":"Venomology","floor":33.0},{"not_picked":[],"picked":"Calculated Gamble+1","floor":35.0},{"not_picked":[],"picked":"Backflip","floor":36.0},{"not_picked":[],"picked":"Outmaneuver+1","floor":39.0},{"not_picked":[],"picked":"Outmaneuver","floor":41.0},{"not_picked":["Bane"],"picked":"SKIP","floor":44},{"not_picked":["Well Laid Plans"],"picked":"SKIP","floor":46},{"not_picked":["Bane"],"picked":"SKIP","floor":48}],"player_experience":77715,"relics_obtained":[{"floor":9.0,"key":"Bottled Tornado"},{"floor":10.0,"key":"Old Coin"},{"floor":14.0,"key":"Unceasing Top"},{"floor":17.0,"key":"Happy Flower"},{"floor":17.0,"key":"Shuriken"},{"floor":17.0,"key":"Ice Cream"},{"floor":21.0,"key":"Enchiridion"},{"floor":25.0,"key":"Pear"},{"floor":26.0,"key":"Anchor"},{"floor":29.0,"key":"Mercury Hourglass"},{"floor":41.0,"key":"MawBank"},{"floor":43.0,"key":"Blue Candle"},{"floor":44,"key":"Ninja Scroll"},{"floor":48,"key":"Molten Egg 2"}],"event_choices":[{"damage_healed":0.0,"max_hp_gain":0.0,"max_hp_loss":0.0,"gold_gain":58.0,"event_name":"Golden Wing","player_choice":"Gained Gold","floor":2.0,"gold_loss":0.0,"damage_taken":0.0},{"cards_removed":["Strike_G"],"damage_healed":0.0,"max_hp_gain":0.0,"max_hp_loss":0.0,"gold_gain":0.0,"event_name":"Living Wall","player_choice":"Forget","floor":8.0,"gold_loss":0.0,"damage_taken":0.0},{"damage_healed":0.0,"max_hp_gain":0.0,"max_hp_loss":0.0,"gold_gain":0.0,"event_name":"Cursed Tome","player_choice":"Obtained Book","floor":21.0,"gold_loss":0.0,"damage_taken":16.0},{"damage_healed":0.0,"max_hp_gain":0.0,"max_hp_loss":0.0,"gold_gain":0.0,"event_name":"The Mausoleum","player_choice":"Opened","floor":22.0,"gold_loss":0.0,"damage_taken":0.0,"relics_obtained":["Gremlin Horn"]},{"damage_healed":0.0,"max_hp_gain":0.0,"max_hp_loss":0.0,"gold_gain":0.0,"event_name":"The Joust","player_choice":"Bet on Murderer","floor":24.0,"gold_loss":50.0,"damage_taken":0.0},{"cards_removed":["Writhe"],"damage_healed":0.0,"max_hp_gain":0.0,"max_hp_loss":0.0,"gold_gain":0.0,"event_name":"Designer","player_choice":"Upgrade and Remove","floor":31.0,"gold_loss":90.0,"damage_taken":0.0,"cards_upgraded":["Dodge and Roll"]},{"damage_healed":0.0,"max_hp_gain":0.0,"max_hp_loss":0.0,"gold_gain":0.0,"event_name":"Winding Halls","player_choice":"Embrace Madness","floor":37.0,"gold_loss":0.0,"damage_taken":10.0,"cards_obtained":["Madness","Madness"]},{"damage_healed":0,"gold_gain":0,"player_choice":"Rummage","damage_taken":0,"relics_obtained":["WarpedTongs"],"max_hp_gain":0,"max_hp_loss":0,"event_name":"Accursed Blacksmith","floor":47,"gold_loss":0,"cards_obtained":["Pain"]}],"is_beta":true,"boss_relics":[{"not_picked":["WristBlade","Runic Pyramid"],"picked":"Calling Bell"},{"not_picked":["Black Star","Eternal Feather"],"picked":"Busted Crown"}],"items_purged_floors":[19,28],"is_endless":false,"potions_floor_spawned":[5,7,12,13,16,25,30,33,35,46],"ascension_level":4}