{"gold_per_floor":[112,125,135,149,3,3,33,33,81,81,2,30,44,79,79,153,153,123,141,141,21,68,108,133,179,218,30,30],"floor_reached":28,"playtime":1844,"items_purged":["Strike_R","Defend_R","Strike_R"],"score":522,"play_id":"95cd8d11-2a8f-4009-b2dd-3af79fe5b98e","local_time":"20190627124041","is_ascension_mode":true,"campfire_choices":[{"data":"Metallicize","floor":6.0,"key":"SMITH"},{"data":"Warcry","floor":10.0,"key":"SMITH"},{"floor":15,"key":"DIG"}],"neow_cost":"NONE","seed_source_timestamp":0,"circlet_count":0,"master_deck":["AscendersBane","Strike_R+1","Strike_R","Strike_R","Defend_R+1","Defend_R+1","Defend_R","Bash","Immolate","Pommel Strike+1","Wild Strike","Bludgeon","Warcry+1","Metallicize+1","Juggernaut","Demon Form","Spot Weakness","Flame Barrier+1","Metallicize","Fire Breathing","Warcry","Reaper","Metallicize","Metallicize","Metallicize","Heavy Blade","Shrug It Off"],"special_seed":0,"relics":["Burning Blood","Kunai","Smiling Mask","Shovel","Whetstone","Fusion Hammer","MawBank","Ornamental Fan","Bottled Flame","Ancient Tea Set","War Paint"],"potions_floor_usage":[12,16,25],"damage_taken":[{"damage":12.0,"enemies":"Jaw Worm","floor":1.0,"turns":2.0},{"damage":1.0,"enemies":"Cultist","floor":2.0,"turns":3.0},{"damage":0.0,"enemies":"Small Slimes","floor":3.0,"turns":2.0},{"damage":0.0,"enemies":"Exordium Thugs","floor":4.0,"turns":3.0},{"damage":22.0,"enemies":"3 Sentries","floor":7.0,"turns":5.0},{"damage":0,"enemies":"Gremlin Nob","floor":12,"turns":2},{"damage":11,"enemies":"Blue Slaver","floor":13,"turns":3},{"damage":16,"enemies":"3 Sentries","floor":14,"turns":6},{"damage":65,"enemies":"The Guardian","floor":16,"turns":13},{"damage":21,"enemies":"2 Thieves","floor":18,"turns":5},{"damage":2,"enemies":"3 Byrds","floor":19,"turns":3},{"damage":20,"enemies":"Gremlin Leader","floor":23,"turns":7},{"damage":28,"enemies":"Cultist and Chosen","floor":24,"turns":8},{"damage":50,"enemies":"Book of Stabbing","floor":25,"turns":5},{"damage":17,"enemies":"Snake Plant","floor":28,"turns":1}],"seed_played":"-1730874593077607692","potions_obtained":[{"floor":1.0,"key":"FearPotion"},{"floor":7.0,"key":"FearPotion"},{"floor":12,"key":"FairyPotion"},{"floor":13,"key":"BloodPotion"},{"floor":18,"key":"PowerPotion"},{"floor":25,"key":"Energy Potion"}],"is_trial":false,"path_per_floor":["M","M","M","M","$","R","E","?","T","R","$","E","M","E","R","B",null,"M","M","?","$","T","E","M","E","T","$","M"],"character_chosen":"IRONCLAD","items_purchased":["Metallicize","Flame Barrier","Metallicize","War Paint"],"campfire_rested":0,"item_purchase_floors":[5,11,21,27],"current_hp_per_floor":[66,71,77,80,80,80,64,64,64,64,64,70,65,55,55,14,64,49,53,53,53,53,63,55,11,11,11,0],"gold":30,"neow_bonus":"ONE_RANDOM_RARE_CARD","is_prod":false,"is_daily":false,"chose_seed":false,"campfire_upgraded":2,"win_rate":0,"timestamp":1561653641,"path_taken":["M","M","M","M","$","R","E","?","T","R","?","E","M","E","R","BOSS","M","?","?","$","?","E","M","E","T","?","M"],"build_version":"2019-01-23","purchased_purges":3,"victory":false,"max_hp_per_floor":[80,80,80,80,80,80,80,80,80,80,80,80,80,80,80,80,80,80,80,80,80,80,80,80,80,80,80,80],"card_choices":[{"not_picked":["Twin Strike","Iron Wave"],"picked":"Pommel Strike","floor":1.0},{"not_picked":["Body Slam","Anger"],"picked":"Wild Strike","floor":2.0},{"not_picked":["Cleave","Searing Blow"],"picked":"Bludgeon","floor":3.0},{"not_picked":["Body Slam","Sword Boomerang"],"picked":"Warcry","floor":4.0},{"not_picked":["Entrench","Bloodletting"],"picked":"Juggernaut","floor":7.0},{"not_picked":["Carnage","Shrug It Off"],"picked":"Metallicize","floor":12},{"not_picked":["Perfected Strike","Thunderclap"],"picked":"Fire Breathing","floor":13},{"not_picked":["Rupture","Corruption"],"picked":"Warcry","floor":14},{"not_picked":["Impervious","Barricade"],"picked":"Reaper","floor":16},{"not_picked":["Perfected Strike+1","True Grit"],"picked":"Metallicize","floor":18},{"not_picked":["Havoc","Headbutt"],"picked":"Metallicize","floor":19},{"not_picked":["Havoc","Thunderclap"],"picked":"Heavy Blade","floor":23},{"not_picked":["Havoc","Hemokinesis"],"picked":"Shrug It Off","floor":24},{"not_picked":["Immolate","Wild Strike","Anger"],"picked":"SKIP","floor":25}],"player_experience":345994,"relics_obtained":[{"floor":7.0,"key":"Kunai"},{"floor":12,"key":"Smiling Mask"},{"floor":14,"key":"Shovel"},{"floor":15,"key":"Whetstone"},{"floor":22,"key":"MawBank"},{"floor":23,"key":"Ornamental Fan"},{"floor":25,"key":"Bottled Flame"},{"floor":26,"key":"Ancient Tea Set"}],"event_choices":[{"damage_healed":0.0,"max_hp_gain":0.0,"max_hp_loss":0.0,"gold_gain":0.0,"event_name":"Match and Keep!","player_choice":"2 cards matched","floor":8.0,"gold_loss":0.0,"damage_taken":0.0,"cards_obtained":["Demon Form","Spot Weakness"]},{"damage_healed":0,"gold_gain":0,"player_choice":"Upgraded","damage_taken":0,"max_hp_gain":0,"max_hp_loss":0,"event_name":"Upgrade Shrine","floor":20,"gold_loss":0,"cards_upgraded":["Flame Barrier"]}],"is_beta":false,"boss_relics":[{"not_picked":["Eternal Feather","Black Star"],"picked":"Fusion Hammer"}],"items_purged_floors":[5,21,27],"is_endless":false,"potions_floor_spawned":[1,7,12,13,14,18,25],"killed_by":"Snake Plant","ascension_level":13}