{"gold_per_floor":[109,109,34,34,44,77,77,95,177,194,212,245,90,157,157,254,254,269,269,368,385,295,295,306,306,378,138,138],"floor_reached":28,"playtime":2380,"items_purged":["Decay"],"score":271,"play_id":"0e42df06-2807-4e69-91a5-e4306f511dbb","local_time":"20190809120244","is_ascension_mode":true,"campfire_choices":[{"floor":7,"key":"REST"},{"floor":15,"key":"REST"},{"data":"Noxious Fumes","floor":23,"key":"SMITH"}],"neow_cost":"CURSE","seed_source_timestamp":1084079718504600,"circlet_count":0,"master_deck":["Strike_G","Strike_G","Strike_G","Strike_G","Strike_G","Defend_G","Defend_G","Defend_G+1","Defend_G","Survivor","Neutralize","Dodge and Roll+1","Bane","Dash","Corpse Explosion","Riddle With Holes","Noxious Fumes+1","Calculated Gamble","Burst","Acrobatics","Poisoned Stab"],"relics":["Ring of the Snake","Incense Burner","Snake Skull","Gremlin Horn","Centennial Puzzle","HoveringKite","Darkstone Periapt","Singing Bowl"],"potions_floor_usage":[12,16,16,18,24,28,28,28],"damage_taken":[{"damage":4,"enemies":"Cultist","floor":1,"turns":6},{"damage":7,"enemies":"Small Slimes","floor":5,"turns":6},{"damage":36,"enemies":"3 Sentries","floor":6,"turns":15},{"damage":8,"enemies":"Jaw Worm","floor":8,"turns":3},{"damage":0,"enemies":"3 Louse","floor":10,"turns":3},{"damage":0,"enemies":"2 Fungi Beasts","floor":11,"turns":2},{"damage":2,"enemies":"Gremlin Nob","floor":12,"turns":4},{"damage":19,"enemies":"The Guardian","floor":16,"turns":11},{"damage":2,"enemies":"Shell Parasite","floor":18,"turns":7},{"damage":8,"enemies":"Spheric Guardian","floor":21,"turns":6},{"damage":38,"enemies":"Snake Plant","floor":24,"turns":5},{"damage":27,"enemies":"Sentry and Sphere","floor":28,"turns":3}],"seed_played":"-2301550957366397521","potions_obtained":[{"floor":6,"key":"EssenceOfSteel"},{"floor":10,"key":"GhostInAJar"},{"floor":11,"key":"Weak Potion"},{"floor":16,"key":"SkillPotion"},{"floor":21,"key":"Regen Potion"},{"floor":25,"key":"Energy Potion"},{"floor":25,"key":"LiquidBronze"},{"floor":25,"key":"SkillPotion"}],"is_trial":false,"path_per_floor":["M","?","$","$","M","E","R","M","T","M","M","E","$","?","R","B",null,"M","?","?","M","?","R","M","?","T","$","M"],"character_chosen":"THE_SILENT","items_purchased":["Noxious Fumes","Calculated Gamble","Singing Bowl"],"campfire_rested":2,"item_purchase_floors":[13,13,27],"current_hp_per_floor":[66,66,66,66,59,23,44,36,36,36,36,34,34,34,55,36,70,68,55,55,47,47,47,23,23,23,23,0],"gold":138,"neow_bonus":"ONE_RARE_RELIC","is_prod":false,"is_daily":false,"chose_seed":false,"campfire_upgraded":1,"win_rate":0,"timestamp":1565377364,"path_taken":["M","?","?","$","M","E","R","?","T","M","M","E","$","?","R","BOSS","M","?","?","M","?","R","?","?","T","$","M"],"build_version":"2019-07-17","purchased_purges":1,"victory":false,"max_hp_per_floor":[70,70,70,70,70,70,70,70,70,70,70,70,70,70,70,70,70,70,75,75,75,75,75,75,75,75,75,75],"card_choices":[{"not_picked":["Distraction","Predator"],"picked":"Dodge and Roll","floor":1},{"not_picked":["Dagger Spray","Prepared","Flying Knee"],"picked":"SKIP","floor":5},{"not_picked":["Blade Dance","Choke"],"picked":"Bane","floor":6},{"not_picked":["PiercingWail","Sucker Punch"],"picked":"Dash","floor":8},{"not_picked":["Dodge and Roll","Flying Knee"],"picked":"Corpse Explosion","floor":10},{"not_picked":["Deadly Poison","Cloak And Dagger"],"picked":"Riddle With Holes","floor":11},{"not_picked":["Outmaneuver","Distraction","Riddle With Holes"],"picked":"SKIP","floor":12},{"not_picked":["Die Die Die","Corpse Explosion"],"picked":"Burst","floor":16},{"not_picked":["PiercingWail","Deflect"],"picked":"Acrobatics","floor":18},{"not_picked":["Calculated Gamble+1","Quick Slash"],"picked":"Poisoned Stab","floor":21},{"not_picked":["Poisoned Stab","Skewer","Dash"],"picked":"SKIP","floor":24}],"player_experience":858256,"relics_obtained":[{"floor":6,"key":"Snake Skull"},{"floor":9,"key":"Gremlin Horn"},{"floor":12,"key":"Centennial Puzzle"},{"floor":26,"key":"Darkstone Periapt"}],"event_choices":[{"damage_healed":0,"gold_gain":0,"player_choice":"Forge","damage_taken":0,"max_hp_gain":0,"max_hp_loss":0,"event_name":"Accursed Blacksmith","floor":2,"gold_loss":0,"cards_upgraded":["Dodge and Roll"]},{"damage_healed":0,"gold_gain":67,"player_choice":"Gained Gold","damage_taken":0,"max_hp_gain":0,"max_hp_loss":0,"event_name":"Golden Wing","floor":14,"gold_loss":0},{"damage_healed":0,"gold_gain":0,"player_choice":"Shed Blood","damage_taken":18,"max_hp_gain":5,"max_hp_loss":0,"event_name":"Forgotten Altar","floor":19,"gold_loss":0},{"damage_healed":0,"gold_gain":99,"player_choice":"Stole From Cult","damage_taken":0,"max_hp_gain":0,"max_hp_loss":0,"event_name":"Nest","floor":20,"gold_loss":0},{"cards_removed":["Defend_G"],"damage_healed":0,"gold_gain":0,"player_choice":"Upgrade and Remove","damage_taken":0,"max_hp_gain":0,"max_hp_loss":0,"event_name":"Designer","floor":22,"gold_loss":90,"cards_upgraded":["Defend_G"]},{"damage_healed":0,"gold_gain":0,"player_choice":"Got Potions","damage_taken":0,"max_hp_gain":0,"max_hp_loss":0,"event_name":"Lab","floor":25,"gold_loss":0}],"is_beta":false,"boss_relics":[{"not_picked":["Ring of the Serpent","Empty Cage"],"picked":"HoveringKite"}],"items_purged_floors":[3],"is_endless":false,"potions_floor_spawned":[6,10,11,16,21],"killed_by":"Sentry and Sphere","ascension_level":4}