{"gold_per_floor":[118,118,134,60,77,110,110,25,94,94,125,125],"floor_reached":12,"playtime":247,"items_purged":[],"score":172,"play_id":"91135ad0-03ca-4de3-9876-64c54dc59333","local_time":"20190623215726","is_ascension_mode":true,"campfire_choices":[{"data":"Crippling Poison","floor":7,"key":"SMITH"},{"floor":10,"key":"REST"}],"neow_cost":"NONE","seed_source_timestamp":470602658839705,"circlet_count":0,"master_deck":["AscendersBane","Defend_G","Defend_G","Defend_G","Defend_G","Defend_G","Strike_G","Strike_G","Strike_G","Strike_G","Survivor","Neutralize","PiercingWail","Bane","Crippling Poison+1","Catalyst","Burst"],"relics":["Ring of the Snake","NeowsBlessing","Pen Nib","Mummified Hand"],"potions_floor_usage":[],"damage_taken":[{"damage":0,"enemies":"2 Louse","floor":1,"turns":1},{"damage":0,"enemies":"Cultist","floor":3,"turns":1},{"damage":0,"enemies":"Small Slimes","floor":5,"turns":1},{"damage":40,"enemies":"Gremlin Nob","floor":6,"turns":6},{"damage":33,"enemies":"3 Sentries","floor":11,"turns":10},{"damage":0,"enemies":"2 Fungi Beasts","floor":12,"turns":2}],"seed_played":"-7881053655534514200","potions_obtained":[{"floor":3,"key":"PowerPotion"},{"floor":6,"key":"Strength Potion"}],"is_trial":false,"path_per_floor":["M","?","M","$","M","E","R","$","T","R","E","M"],"character_chosen":"THE_SILENT","items_purchased":["Crippling Poison","Catalyst"],"campfire_rested":1,"item_purchase_floors":[4,8],"current_hp_per_floor":[59,59,59,59,59,19,19,19,19,38,5,5],"gold":125,"neow_bonus":"THREE_ENEMY_KILL","is_prod":false,"is_daily":false,"chose_seed":false,"campfire_upgraded":1,"win_rate":0,"timestamp":1561298246,"path_taken":["M","?","M","?","M","E","R","$","T","R","E","?"],"build_version":"2019-01-23","purchased_purges":0,"victory":false,"max_hp_per_floor":[66,66,66,66,66,66,66,66,66,66,66,66],"card_choices":[{"not_picked":["Prepared","Dagger Throw"],"picked":"PiercingWail","floor":1},{"not_picked":["Flying Knee","Poisoned Stab"],"picked":"Bane","floor":3},{"not_picked":["Dodge and Roll","Bane","Cloak And Dagger"],"picked":"SKIP","floor":5},{"not_picked":["Leg Sweep","Backflip","Slice"],"picked":"SKIP","floor":6},{"not_picked":["Expertise","Reflex"],"picked":"Burst","floor":11}],"player_experience":1015769,"relics_obtained":[{"floor":6,"key":"Pen Nib"},{"floor":11,"key":"Mummified Hand"}],"event_choices":[{"cards_removed":["Strike_G"],"damage_healed":0,"gold_gain":0,"player_choice":"Purged","damage_taken":0,"max_hp_gain":0,"max_hp_loss":0,"event_name":"Purifier","floor":2,"gold_loss":0}],"is_beta":false,"boss_relics":[],"items_purged_floors":[],"is_endless":false,"potions_floor_spawned":[3,6],"killed_by":"2 Fungi Beasts","ascension_level":20}