{"gold_per_floor":[114,39,49,49,68,68,21,56,56,86,103,103,120,135,135,230,230,242,258,181,191,154,154,164,176,176,205,216,116,134,145,145,145],"floor_reached":33,"playtime":1663,"items_purged":["Strike_R","Strike_R"],"score":283,"play_id":"d79347b1-0a85-4246-a62d-6f4ad8689a80","local_time":"20181213001636","is_ascension_mode":false,"campfire_choices":[{"floor":6,"key":"RECALL"},{"floor":12,"key":"REST"},{"floor":15,"key":"REST"},{"floor":23,"key":"REST"},{"floor":32,"key":"REST"}],"neow_cost":"NONE","seed_source_timestamp":1635584893206057,"circlet_count":0,"master_deck":["Strike_R","Strike_R","Defend_R","Defend_R","Defend_R","Defend_R","Bash","Cleave","Whirlwind","Headbutt","Reckless Charge","Warcry","Battle Trance","Berserk","Shrug It Off","Rupture","Dual Wield","Thunderclap+1","Anger"],"relics":["Burning Blood","Red Skull","Mercury Hourglass","Torii","Happy Flower","Busted Crown","Gremlin Horn"],"potions_floor_usage":[10,14,16,27,28,30,33],"damage_taken":[{"damage":1,"enemies":"Cultist","floor":1,"turns":3},{"damage":15,"enemies":"Jaw Worm","floor":3,"turns":4},{"damage":3,"enemies":"Small Slimes","floor":5,"turns":3},{"damage":30,"enemies":"3 Sentries","floor":8,"turns":5},{"damage":27,"enemies":"Gremlin Nob","floor":10,"turns":4},{"damage":1,"enemies":"Looter","floor":11,"turns":2},{"damage":1,"enemies":"3 Louse","floor":13,"turns":2},{"damage":7,"enemies":"Blue Slaver","floor":14,"turns":2},{"damage":48,"enemies":"The Guardian","floor":16,"turns":14},{"damage":0,"enemies":"3 Byrds","floor":18,"turns":3},{"damage":25,"enemies":"Shell Parasite","floor":19,"turns":5},{"damage":29,"enemies":"Centurion and Healer","floor":21,"turns":5},{"damage":18,"enemies":"3 Cultists","floor":24,"turns":5},{"damage":16,"enemies":"Snecko","floor":25,"turns":4},{"damage":13,"enemies":"Gremlin Leader","floor":27,"turns":4},{"damage":2,"enemies":"Cultist and Chosen","floor":28,"turns":2},{"damage":1,"enemies":"Shelled Parasite and Fungi","floor":30,"turns":2},{"damage":25,"enemies":"Snecko","floor":31,"turns":5},{"damage":47,"enemies":"Collector","floor":33,"turns":5}],"seed_played":"-8051583090758497659","potions_obtained":[{"floor":8,"key":"FearPotion"},{"floor":11,"key":"FearPotion"},{"floor":13,"key":"Energy Potion"},{"floor":16,"key":"SpeedPotion"},{"floor":19,"key":"PowerPotion"},{"floor":25,"key":"FearPotion"},{"floor":27,"key":"Poison Potion"},{"floor":28,"key":"Block Potion"}],"is_trial":false,"path_per_floor":["M","$","M","?","M","R","$","E","T","E","M","R","M","M","R","B",null,"M","M","$","M","$","R","M","M","T","E","M","$","M","M","R","B"],"character_chosen":"IRONCLAD","items_purchased":["Headbutt","Rupture","Dual Wield"],"campfire_rested":4,"item_purchase_floors":[7,20,22],"current_hp_per_floor":[80,80,71,71,74,74,74,50,50,29,34,58,63,62,80,38,80,80,61,61,38,38,62,50,40,40,33,37,37,42,23,47,0],"gold":145,"neow_bonus":"RANDOM_COMMON_RELIC","is_prod":false,"is_daily":false,"chose_seed":false,"campfire_upgraded":0,"win_rate":0,"timestamp":1544620596,"path_taken":["M","?","?","?","M","R","?","E","T","E","?","R","M","M","R","BOSS","M","M","$","M","$","R","M","M","T","E","M","$","M","M","R","BOSS"],"build_version":"2018-12-06","purchased_purges":2,"victory":false,"max_hp_per_floor":[80,80,80,80,80,80,80,80,80,80,80,80,80,80,80,80,80,80,80,80,80,80,80,80,80,80,80,80,80,80,80,80,80],"card_choices":[{"not_picked":["Wild Strike","Fire Breathing","Perfected Strike"],"picked":"SKIP","floor":1},{"not_picked":["Ghostly Armor","Entrench","Clothesline"],"picked":"SKIP","floor":3},{"not_picked":["Warcry","Clash"],"picked":"Whirlwind","floor":5},{"not_picked":["Cleave","Inflame","Immolate"],"picked":"SKIP","floor":8},{"not_picked":["Havoc","Shockwave"],"picked":"Reckless Charge","floor":10},{"not_picked":["Pommel Strike","Spot Weakness"],"picked":"Warcry","floor":11},{"not_picked":["Feel No Pain","Second Wind"],"picked":"Battle Trance","floor":13},{"not_picked":["Ghostly Armor","Cleave","Reckless Charge"],"picked":"SKIP","floor":14},{"not_picked":["Immolate","Exhume"],"picked":"Berserk","floor":16},{"not_picked":[],"picked":"Shrug It Off","floor":18},{"not_picked":["Pummel+1"],"picked":"SKIP","floor":19},{"not_picked":["Sever Soul+1"],"picked":"SKIP","floor":21},{"not_picked":["Armaments"],"picked":"SKIP","floor":24},{"not_picked":["Havoc"],"picked":"SKIP","floor":25},{"not_picked":[],"picked":"Thunderclap+1","floor":27},{"not_picked":["Heavy Blade"],"picked":"SKIP","floor":28},{"not_picked":[],"picked":"Anger","floor":30},{"not_picked":["Heavy Blade+1"],"picked":"SKIP","floor":31}],"player_experience":217013,"relics_obtained":[{"floor":8,"key":"Mercury Hourglass"},{"floor":9,"key":"Torii"},{"floor":10,"key":"Happy Flower"},{"floor":27,"key":"Gremlin Horn"}],"event_choices":[{"damage_healed":0,"gold_gain":0,"cards_transformed":["Strike_R"],"player_choice":"Transformed","damage_taken":0,"max_hp_gain":0,"max_hp_loss":0,"event_name":"Transmorgrifier","floor":4,"gold_loss":0,"cards_obtained":["Cleave"]}],"is_beta":false,"boss_relics":[{"not_picked":["Snecko Eye","Astrolabe"],"picked":"Busted Crown"}],"items_purged_floors":[2,29],"is_endless":false,"potions_floor_spawned":[8,11,13,16,19,25,27,28],"killed_by":"Collector","ascension_level":0}