{"gold_per_floor":[114,128,140,166,116,116,136,136,136,152,169,180,180,180,180,180],"floor_reached":16,"playtime":326,"items_purged":[],"score":94,"play_id":"3f757915-8fa0-45ad-a6ab-7947992fbcfe","local_time":"20190521003604","is_ascension_mode":false,"campfire_choices":[{"data":"Bash","floor":6,"key":"SMITH"},{"data":"Defend_R","floor":8,"key":"SMITH"},{"floor":15,"key":"REST"}],"neow_cost":"NONE","seed_source_timestamp":350560152428132,"circlet_count":0,"master_deck":["Strike_R","Strike_R","Strike_R","Strike_R","Defend_R+1","Defend_R+1","Defend_R+1","Defend_R","Bash+1","Armaments"],"relics":["Burning Blood","NeowsBlessing","War Paint","Ornamental Fan","Shuriken","Calipers"],"potions_floor_usage":[],"damage_taken":[{"damage":0,"enemies":"Cultist","floor":1,"turns":1},{"damage":0,"enemies":"Jaw Worm","floor":2,"turns":1},{"damage":0,"enemies":"2 Louse","floor":3,"turns":1},{"damage":7,"enemies":"Looter","floor":7,"turns":4},{"damage":0,"enemies":"3 Louse","floor":10,"turns":4},{"damage":35,"enemies":"Exordium Thugs","floor":11,"turns":5},{"damage":16,"enemies":"Lots of Slimes","floor":12,"turns":6},{"damage":0,"enemies":"Hexaghost","floor":16,"turns":1}],"seed_played":"4500277032853728974","potions_obtained":[{"floor":7,"key":"Dexterity Potion"},{"floor":10,"key":"FairyPotion"},{"floor":11,"key":"SpeedPotion"}],"is_trial":false,"path_per_floor":["M","M","M","T","?","R","M","R","T","M","M","M","?","T","R","B"],"character_chosen":"IRONCLAD","items_purchased":[],"campfire_rested":1,"item_purchase_floors":[],"current_hp_per_floor":[80,80,80,80,80,80,79,79,79,80,51,41,38,38,62,62],"gold":180,"neow_bonus":"THREE_ENEMY_KILL","is_prod":false,"is_daily":false,"chose_seed":false,"campfire_upgraded":2,"win_rate":0,"timestamp":1558370164,"path_taken":["M","?","M","?","?","R","M","R","T","M","M","M","?","?","R","BOSS"],"build_version":"2019-01-23","purchased_purges":0,"victory":false,"max_hp_per_floor":[80,80,80,80,80,80,80,80,80,80,80,80,80,80,80,80],"card_choices":[{"not_picked":["Cleave","Anger","Clash"],"picked":"SKIP","floor":1},{"not_picked":["Infernal Blade","Thunderclap","Havoc"],"picked":"SKIP","floor":2},{"not_picked":["Rupture","Iron Wave","Second Wind"],"picked":"SKIP","floor":3},{"not_picked":["Disarm","True Grit","Warcry"],"picked":"SKIP","floor":7},{"not_picked":["Warcry","Immolate","Flame Barrier"],"picked":"SKIP","floor":10},{"not_picked":["Ghostly Armor","Clash","Bloodletting"],"picked":"SKIP","floor":11},{"not_picked":["Havoc","Rampage"],"picked":"Armaments","floor":12}],"player_experience":913877,"relics_obtained":[{"floor":4,"key":"War Paint"},{"floor":9,"key":"Ornamental Fan"},{"floor":14,"key":"Calipers"}],"event_choices":[{"cards_removed":["Strike_R"],"damage_healed":0,"gold_gain":0,"player_choice":"Card Removal","damage_taken":0,"max_hp_gain":0,"max_hp_loss":0,"event_name":"The Cleric","floor":5,"gold_loss":50},{"damage_healed":0,"gold_gain":0,"player_choice":"Success","damage_taken":3,"relics_obtained":["Shuriken"],"max_hp_gain":0,"max_hp_loss":0,"event_name":"Scrap Ooze","floor":13,"gold_loss":0}],"is_beta":false,"boss_relics":[],"items_purged_floors":[],"is_endless":false,"potions_floor_spawned":[7,10,11,12],"killed_by":"Hexaghost","ascension_level":0}