{"gold_per_floor":[111,111,128,128,53,85,85,104,104,160,160,180,209,221,221,221],"floor_reached":16,"playtime":340,"items_purged":["Strike_R"],"score":286,"play_id":"c644ac9a-c34c-4af8-a98f-391b5bd3ae3b","local_time":"20190520210808","is_ascension_mode":true,"campfire_choices":[{"data":"Hemokinesis","floor":7,"key":"SMITH"},{"data":"Pommel Strike","floor":15,"key":"SMITH"}],"neow_cost":"NONE","seed_source_timestamp":338070591068328,"circlet_count":0,"master_deck":["AscendersBane","Strike_R","Strike_R","Strike_R","Strike_R","Defend_R","Defend_R","Defend_R","Defend_R","Bash","Power Through","Hemokinesis+1","Limit Break","Burning Pact","Second Wind","Pommel Strike+1"],"relics":["Burning Blood","NeowsBlessing","Paper Frog","Ornamental Fan","Tiny Chest","Kunai","Odd Mushroom","Bottled Lightning"],"potions_floor_usage":[13,13],"damage_taken":[{"damage":0,"enemies":"Cultist","floor":1,"turns":1},{"damage":0,"enemies":"Jaw Worm","floor":3,"turns":1},{"damage":0,"enemies":"Lagavulin","floor":6,"turns":1},{"damage":7,"enemies":"Small Slimes","floor":8,"turns":4},{"damage":12,"enemies":"Gremlin Nob","floor":10,"turns":3},{"damage":20,"enemies":"The Mushroom Lair","floor":12,"turns":6},{"damage":38,"enemies":"Lagavulin","floor":13,"turns":7},{"damage":1,"enemies":"Looter","floor":14,"turns":4},{"damage":26,"enemies":"The Guardian","floor":16,"turns":3}],"seed_played":"6607080822342985832","potions_obtained":[{"floor":1,"key":"SkillPotion"},{"floor":8,"key":"Weak Potion"}],"is_trial":false,"path_per_floor":["M","T","M","$","$","E","R","M","T","E","T","?","E","M","R","B"],"character_chosen":"IRONCLAD","items_purchased":[],"campfire_rested":0,"item_purchase_floors":[],"current_hp_per_floor":[74,74,75,75,75,75,75,74,74,68,68,54,22,27,27,1],"gold":221,"neow_bonus":"THREE_ENEMY_KILL","is_prod":false,"is_daily":false,"chose_seed":false,"campfire_upgraded":2,"win_rate":0,"timestamp":1558357688,"path_taken":["M","?","?","?","$","E","R","M","T","E","?","?","E","M","R","BOSS"],"build_version":"2019-01-23","purchased_purges":1,"victory":false,"max_hp_per_floor":[75,75,75,75,75,75,75,75,75,75,75,75,75,75,75,75],"card_choices":[{"not_picked":["Headbutt","Heavy Blade"],"picked":"Power Through","floor":1},{"not_picked":["Warcry","Clothesline","Twin Strike"],"picked":"SKIP","floor":3},{"not_picked":["Twin Strike","Perfected Strike"],"picked":"Hemokinesis","floor":6},{"not_picked":["Perfected Strike","Flame Barrier","Clothesline"],"picked":"SKIP","floor":8},{"not_picked":["Shockwave","Dual Wield"],"picked":"Limit Break","floor":10},{"not_picked":["Body Slam","Headbutt"],"picked":"Burning Pact","floor":12},{"not_picked":["Perfected Strike","Sever Soul"],"picked":"Second Wind","floor":13},{"not_picked":["Perfected Strike","Havoc"],"picked":"Pommel Strike","floor":14}],"player_experience":911859,"relics_obtained":[{"floor":2,"key":"Paper Frog"},{"floor":6,"key":"Ornamental Fan"},{"floor":10,"key":"Tiny Chest"},{"floor":11,"key":"Kunai"},{"floor":12,"key":"Odd Mushroom"},{"floor":13,"key":"Bottled Lightning"}],"event_choices":[{"damage_healed":0,"gold_gain":0,"player_choice":"Fought Mushrooms","damage_taken":0,"max_hp_gain":0,"max_hp_loss":0,"event_name":"Mushrooms","floor":12,"gold_loss":0}],"is_beta":false,"boss_relics":[],"items_purged_floors":[5],"is_endless":false,"potions_floor_spawned":[1,8],"killed_by":"The Guardian","ascension_level":20}