{"gold_per_floor":[118,137,157,107,16,16,44,61,61,90,105,180,190,206,206,311,311,279,297,4,16,16,16,33,64,64,99,113,38,38,55,55,55],"floor_reached":33,"playtime":3500,"items_purged":["Defend_B"],"score":342,"play_id":"123030dc-9d88-46d2-b129-14a43d4f9719","local_time":"20190316110105","is_ascension_mode":true,"campfire_choices":[{"data":"Self Repair","floor":6.0,"key":"SMITH"},{"floor":15.0,"key":"REST"},{"floor":23,"key":"REST"},{"data":"Echo Form","floor":30,"key":"SMITH"},{"floor":32,"key":"REST"}],"neow_cost":"NONE","seed_source_timestamp":0,"circlet_count":0,"master_deck":["Strike_B","Strike_B+1","Strike_B+1","Defend_B","Defend_B","Zap","Dualcast","Turbo","Self Repair+1","Beam Cell","Genetic Algorithm","Steam","Echo Form+1","FTL","Steam","Chill","Biased Cognition","Barrage+1","Rebound","FTL","Electrodynamics","Barrage+1","White Noise+1","Sunder"],"special_seed":0,"relics":["FrozenCore","Bag of Marbles","Boot","Bronze Scales","Whetstone","ClockworkSouvenir","Toxic Egg 2","Bag of Preparation","Strawberry"],"potions_floor_usage":[33,33,33],"damage_taken":[{"damage":7.0,"enemies":"2 Louse","floor":1.0,"turns":3.0},{"damage":1.0,"enemies":"Cultist","floor":2.0,"turns":3.0},{"damage":0.0,"enemies":"Small Slimes","floor":3.0,"turns":2.0},{"damage":26.0,"enemies":"Gremlin Nob","floor":7.0,"turns":4.0},{"damage":12.0,"enemies":"Exordium Wildlife","floor":8.0,"turns":3.0},{"damage":26.0,"enemies":"Lagavulin","floor":10.0,"turns":5.0},{"damage":10.0,"enemies":"2 Fungi Beasts","floor":11.0,"turns":5.0},{"damage":7.0,"enemies":"3 Louse","floor":13.0,"turns":2.0},{"damage":0.0,"enemies":"Large Slime","floor":14.0,"turns":3.0},{"damage":41.0,"enemies":"Slime Boss","floor":16.0,"turns":9.0},{"damage":9,"enemies":"2 Thieves","floor":18,"turns":5},{"damage":7,"enemies":"Chosen","floor":19,"turns":7},{"damage":19,"enemies":"Snake Plant","floor":21,"turns":3},{"damage":8,"enemies":"Snecko","floor":24,"turns":7},{"damage":10,"enemies":"Slavers","floor":25,"turns":4},{"damage":0,"enemies":"Book of Stabbing","floor":27,"turns":4},{"damage":12,"enemies":"Centurion and Healer","floor":28,"turns":5},{"damage":13,"enemies":"Snake Plant","floor":31,"turns":3},{"damage":110,"enemies":"Automaton","floor":33,"turns":12}],"seed_played":"-8411991140848034536","potions_obtained":[{"floor":8.0,"key":"Strength Potion"},{"floor":10.0,"key":"Swift Potion"},{"floor":13.0,"key":"AttackPotion"},{"floor":18,"key":"Ancient Potion"},{"floor":19,"key":"Dexterity Potion"},{"floor":27,"key":"Dexterity Potion"},{"floor":28,"key":"Poison Potion"}],"is_trial":false,"path_per_floor":["M","M","M","?","$","R","E","M","T","E","M","?","M","M","R","B",null,"M","M","$","M","?","R","M","E","T","E","M","$","R","M","R","B"],"character_chosen":"DEFECT","items_purchased":["Self Repair","Beam Cell","ClockworkSouvenir","Rebound","FTL"],"campfire_rested":3,"item_purchase_floors":[5,5,20,20,20],"current_hp_per_floor":[68,67,67,67,67,67,51,49,49,33,43,32,25,25,47,16,75,75,75,75,56,56,75,75,75,75,82,80,80,80,67,82,0],"gold":55,"neow_bonus":"RANDOM_COMMON_RELIC","is_prod":false,"is_daily":false,"chose_seed":false,"campfire_upgraded":2,"win_rate":0,"timestamp":1552759265,"path_taken":["M","M","M","?","$","R","E","M","T","E","M","?","M","M","R","BOSS","M","M","$","M","?","R","M","E","T","E","M","$","R","M","R","BOSS"],"build_version":"2019-01-23","purchased_purges":1,"victory":false,"max_hp_per_floor":[75,75,75,75,75,75,75,75,75,75,75,75,75,75,75,75,75,75,75,75,75,75,75,75,75,75,82,82,82,82,82,82,82],"card_choices":[{"not_picked":["Cold Snap","Compile Driver"],"picked":"Turbo","floor":1.0},{"not_picked":["Ball Lightning","Leap","Compile Driver"],"picked":"SKIP","floor":2.0},{"not_picked":["Compile Driver","Conserve Battery","Coolheaded"],"picked":"SKIP","floor":3.0},{"not_picked":["Rebound","Turbo"],"picked":"Genetic Algorithm","floor":7.0},{"not_picked":["Sweeping Beam","Chaos"],"picked":"Steam","floor":8.0},{"not_picked":["Turbo","Scrape"],"picked":"Echo Form","floor":10.0},{"not_picked":["Melter","Skim"],"picked":"FTL","floor":11.0},{"not_picked":["Melter","Capacitor"],"picked":"Steam","floor":13.0},{"not_picked":["Rebound","Doom and Gloom"],"picked":"Chill","floor":14.0},{"not_picked":["Thunder Strike","Amplify"],"picked":"Biased Cognition","floor":16.0},{"not_picked":["Leap","Sweeping Beam","Lockon+1"],"picked":"SKIP","floor":18},{"not_picked":["Chill","Stack"],"picked":"Barrage+1","floor":19},{"not_picked":["Leap","Melter","Force Field+1"],"picked":"SKIP","floor":21},{"not_picked":["Leap","Steam Power"],"picked":"Barrage+1","floor":24},{"not_picked":["Coolheaded","Fission","Double Energy"],"picked":"SKIP","floor":25},{"not_picked":["Coolheaded+1","Chill+1"],"picked":"White Noise+1","floor":27},{"not_picked":["Gash","Chill+1","Stack+1"],"picked":"SKIP","floor":28},{"not_picked":["Force Field+1","Stack+1"],"picked":"Sunder","floor":31}],"player_experience":312536,"relics_obtained":[{"floor":7.0,"key":"Boot"},{"floor":9.0,"key":"Bronze Scales"},{"floor":10.0,"key":"Whetstone"},{"floor":25,"key":"Toxic Egg 2"},{"floor":26,"key":"Bag of Preparation"},{"floor":27,"key":"Strawberry"}],"event_choices":[{"cards_removed":["Defend_B"],"damage_healed":0.0,"max_hp_gain":0.0,"max_hp_loss":0.0,"gold_gain":0.0,"event_name":"The Cleric","player_choice":"Card Removal","floor":4.0,"gold_loss":50.0,"damage_taken":0.0},{"damage_healed":0.0,"max_hp_gain":0.0,"max_hp_loss":0.0,"gold_gain":75.0,"event_name":"World of Goop","player_choice":"Gather Gold","floor":12.0,"gold_loss":0.0,"damage_taken":11.0},{"damage_healed":0,"gold_gain":0,"cards_transformed":["Strike_B"],"player_choice":"Transformed","damage_taken":0,"max_hp_gain":0,"max_hp_loss":0,"event_name":"Transmorgrifier","floor":22,"gold_loss":0,"cards_obtained":["Electrodynamics"]}],"is_beta":false,"boss_relics":[{"not_picked":["Sozu","Ectoplasm"],"picked":"FrozenCore"}],"items_purged_floors":[29],"is_endless":false,"potions_floor_spawned":[8,10,13,18,19,27,28],"killed_by":"Automaton","ascension_level":1}