{"gold_per_floor":[118,136,147,147,26,26,36,36,111,111,140,152,170,19,19,114,114,131,144,243,258,458,471,490,518,518,518],"floor_reached":27,"playtime":1228,"items_purged":["Defend_R"],"score":332,"play_id":"a947482f-3f48-45db-956c-e3e270c2eb4e","local_time":"20190805125846","is_ascension_mode":true,"campfire_choices":[{"data":"Perfected Strike","floor":6,"key":"SMITH"},{"data":"Disarm","floor":8,"key":"SMITH"},{"data":"Iron Wave","floor":10,"key":"SMITH"},{"data":"Perfected Strike","floor":15,"key":"SMITH"}],"neow_cost":"NONE","seed_source_timestamp":2216663767342500,"circlet_count":0,"master_deck":["Strike_R","Strike_R","Strike_R","Strike_R","Strike_R","Defend_R","Defend_R","Defend_R","Bash","Clothesline","Perfected Strike+1","Iron Wave+1","Shrug It Off","Disarm+1","Impervious","Combust","Shrug It Off","Perfected Strike+1","Pommel Strike","Exhume","Perfected Strike","Barricade"],"special_seed":0,"relics":["Burning Blood","Self Forming Clay","PreservedInsect","Runic Cube","Centennial Puzzle","Question Card"],"potions_floor_usage":[12,19,24,24,25],"damage_taken":[{"damage":5.0,"enemies":"Jaw Worm","floor":1.0,"turns":5.0},{"damage":2.0,"enemies":"Cultist","floor":2.0,"turns":4.0},{"damage":7,"enemies":"2 Louse","floor":3,"turns":2},{"damage":4,"enemies":"Looter","floor":7,"turns":3},{"damage":29,"enemies":"Lagavulin","floor":11,"turns":7},{"damage":3,"enemies":"Lots of Slimes","floor":12,"turns":5},{"damage":0,"enemies":"Blue Slaver","floor":13,"turns":4},{"damage":20,"enemies":"Slime Boss","floor":16,"turns":7},{"damage":17,"enemies":"Spheric Guardian","floor":18,"turns":5},{"damage":30,"enemies":"2 Thieves","floor":19,"turns":4},{"damage":16,"enemies":"3 Cultists","floor":21,"turns":5},{"damage":19,"enemies":"Snake Plant","floor":23,"turns":5},{"damage":29,"enemies":"Cultist and Chosen","floor":24,"turns":7},{"damage":15,"enemies":"Book of Stabbing","floor":25,"turns":5},{"damage":28,"enemies":"Chosen and Byrds","floor":27,"turns":4}],"seed_played":"1896677435710958750","potions_obtained":[{"floor":3,"key":"Dexterity Potion"},{"floor":4,"key":"FearPotion"},{"floor":4,"key":"AttackPotion"},{"floor":7,"key":"Regen Potion"},{"floor":12,"key":"Regen Potion"},{"floor":21,"key":"Ancient Potion"},{"floor":23,"key":"Block Potion"}],"is_trial":false,"path_per_floor":["M","M","M","?","$","R","M","R","T","R","E","M","M","$","R","B",null,"M","M","?","M","?","M","M","E","T","M"],"character_chosen":"IRONCLAD","items_purchased":["Shrug It Off","Shrug It Off","Perfected Strike","Pommel Strike"],"campfire_rested":0,"item_purchase_floors":[5,14,14,14],"current_hp_per_floor":[81,85,84,84,84,84,86,86,86,86,63,66,72,72,72,58,81,70,58,58,48,48,35,27,18,18,0],"gold":518,"neow_bonus":"TEN_PERCENT_HP_BONUS","is_prod":false,"is_daily":false,"chose_seed":false,"campfire_upgraded":4,"win_rate":0,"timestamp":1565031526,"path_taken":["M","M","M","?","$","R","?","R","T","R","E","M","M","?","R","BOSS","M","M","?","M","?","M","M","E","T","M"],"build_version":"2019-07-18","purchased_purges":1,"victory":false,"max_hp_per_floor":[88,88,88,88,88,88,88,88,88,88,88,88,88,88,88,88,88,88,88,88,88,88,88,88,88,88,88],"card_choices":[{"not_picked":["Power Through","Iron Wave"],"picked":"Clothesline","floor":1.0},{"not_picked":["Thunderclap","Warcry"],"picked":"Perfected Strike","floor":2},{"not_picked":["Headbutt","Clash"],"picked":"Iron Wave","floor":3},{"not_picked":["Whirlwind","Evolve"],"picked":"Disarm","floor":7},{"not_picked":["Twin Strike","Rampage"],"picked":"Impervious","floor":11},{"not_picked":["Sword Boomerang","Wild Strike"],"picked":"Combust","floor":12},{"not_picked":["Dropkick","Entrench","Clash"],"picked":"SKIP","floor":13},{"not_picked":["Bludgeon","Dark Embrace"],"picked":"Exhume","floor":16},{"not_picked":["Clash","Warcry","Second Wind+1"],"picked":"SKIP","floor":18},{"not_picked":["Burning Pact+1","Infernal Blade","Anger"],"picked":"SKIP","floor":19},{"not_picked":["Whirlwind","Sword Boomerang","Heavy Blade"],"picked":"SKIP","floor":21},{"not_picked":["Headbutt","True Grit+1","Limit Break"],"picked":"SKIP","floor":23},{"not_picked":["Warcry","True Grit"],"picked":"Perfected Strike","floor":24},{"not_picked":["Flex","Pommel Strike"],"picked":"Barricade","floor":25}],"player_experience":147519,"relics_obtained":[{"floor":9,"key":"Self Forming Clay"},{"floor":11,"key":"PreservedInsect"},{"floor":25,"key":"Centennial Puzzle"},{"floor":26,"key":"Question Card"}],"event_choices":[{"damage_healed":0,"gold_gain":0,"player_choice":"Got Potions","damage_taken":0,"max_hp_gain":0,"max_hp_loss":0,"event_name":"Lab","floor":4,"gold_loss":0},{"damage_healed":0,"gold_gain":99,"player_choice":"Stole From Cult","damage_taken":0,"max_hp_gain":0,"max_hp_loss":0,"event_name":"Nest","floor":20,"gold_loss":0},{"damage_healed":0,"gold_gain":200,"player_choice":"Gold","damage_taken":0,"max_hp_gain":0,"max_hp_loss":0,"event_name":"Wheel of Change","floor":22,"gold_loss":0}],"is_beta":true,"boss_relics":[{"not_picked":["Philosopher\u0027s Stone","Runic Dome"],"picked":"Runic Cube"}],"items_purged_floors":[5],"is_endless":false,"potions_floor_spawned":[3,7,12,13,18,21,23],"killed_by":"Chosen and Byrds","ascension_level":8}