{"gold_per_floor":[211,114,132,132,132,163,177,193,244,74,88,263,7,19,19,115,115,102,27,27,27,27,27,27,57,81,115,36,47,63,63,63,166,166,181,196,196,27,43,43,73,6,6,6,6,6,26,40,40,40],"floor_reached":51,"playtime":6497,"items_purged":["Strike_G","Strike_G"],"score":812,"play_id":"a7714926-40ed-4034-b16d-138cb3eb0940","local_time":"20190113210932","is_ascension_mode":true,"campfire_choices":[{"floor":15,"key":"REST"},{"data":"After Image","floor":23,"key":"SMITH"},{"floor":32,"key":"REST"},{"data":"Catalyst","floor":40,"key":"SMITH"},{"floor":44,"key":"REST"},{"floor":46,"key":"REST"},{"floor":49,"key":"REST"}],"neow_cost":"NONE","seed_source_timestamp":606046260545791,"circlet_count":0,"master_deck":["Defend_G","Defend_G","Defend_G","Defend_G","Strike_G","Survivor","Neutralize","Dagger Throw","Noxious Fumes","Acrobatics","Dodge and Roll","Leg Sweep","Catalyst+1","Deadly Poison","Crippling Poison","PiercingWail","Footwork","Cloak And Dagger","After Image+1","Backflip+1","Dagger Throw+1","Dash","Noxious Fumes","Noxious Fumes","Bane","Corpse Explosion","PiercingWail","Leg Sweep+1","Bouncing Flask","Outmaneuver","Blade Dance","Tactician","Flying Knee","Backstab+1"],"relics":["Ring of the Serpent","Kunai","Bag of Preparation","Ornamental Fan","Enchiridion","Paper Crane","Omamori","Anchor","Sundial","HoveringKite","Boot","Darkstone Periapt"],"potions_floor_usage":[1,6,18,30,33,41,50],"damage_taken":[{"damage":1,"enemies":"2 Louse","floor":1,"turns":2},{"damage":6,"enemies":"Small Slimes","floor":3,"turns":5},{"damage":13,"enemies":"Lagavulin","floor":6,"turns":8},{"damage":3,"enemies":"Jaw Worm","floor":7,"turns":7},{"damage":3,"enemies":"Large Slime","floor":8,"turns":8},{"damage":8,"enemies":"Exordium Wildlife","floor":11,"turns":4},{"damage":0,"enemies":"Looter","floor":14,"turns":5},{"damage":20,"enemies":"Slime Boss","floor":16,"turns":13},{"damage":8,"enemies":"2 Thieves","floor":18,"turns":4},{"damage":22,"enemies":"Book of Stabbing","floor":25,"turns":8},{"damage":6,"enemies":"Gremlin Leader","floor":27,"turns":8},{"damage":2,"enemies":"3 Byrds","floor":29,"turns":4},{"damage":1,"enemies":"Snake Plant","floor":30,"turns":5},{"damage":0,"enemies":"Automaton","floor":33,"turns":10},{"damage":21,"enemies":"3 Darklings","floor":35,"turns":3},{"damage":0,"enemies":"Orb Walker","floor":36,"turns":5},{"damage":0,"enemies":"3 Darklings","floor":39,"turns":4},{"damage":38,"enemies":"Reptomancer","floor":41,"turns":5},{"damage":2,"enemies":"Maw","floor":47,"turns":9},{"damage":9,"enemies":"Writhing Mass","floor":48,"turns":7},{"damage":25,"enemies":"Awakened One","floor":50,"turns":16}],"seed_played":"-234605156476613786","potions_obtained":[{"floor":1,"key":"Fruit Juice"},{"floor":3,"key":"Fire Potion"},{"floor":6,"key":"Weak Potion"},{"floor":8,"key":"Dexterity Potion"},{"floor":16,"key":"Strength Potion"},{"floor":18,"key":"Strength Potion"},{"floor":27,"key":"GhostInAJar"},{"floor":36,"key":"Poison Potion"},{"floor":48,"key":"Regen Potion"}],"is_trial":false,"path_per_floor":["M","$","M","?","?","E","M","M","T","$","M","?","$","M","R","B",null,"M","?","?","?","T","R","$","E","T","E","$","M","M","?","R","B",null,"M","M","?","$","M","R","E","$","T","R","$","R","M","M","R","B",null],"character_chosen":"THE_SILENT","items_purchased":["Noxious Fumes","Acrobatics","Crippling Poison","PiercingWail","Ornamental Fan","Noxious Fumes","Bouncing Flask","Tactician"],"campfire_rested":5,"item_purchase_floors":[2,2,10,10,13,28,38,42],"current_hp_per_floor":[74,74,68,68,61,48,45,42,42,42,34,34,34,34,56,36,75,67,67,67,51,51,51,51,29,29,23,23,21,20,20,42,42,75,54,54,73,73,73,73,35,35,35,57,57,75,73,64,75,60],"gold":40,"neow_bonus":"HUNDRED_GOLD","is_prod":false,"is_daily":false,"chose_seed":false,"campfire_upgraded":2,"win_rate":0,"timestamp":1547374172,"path_taken":["M","$","M","?","?","E","M","M","T","$","?","?","?","M","R","BOSS","M","?","?","?","?","R","$","E","T","E","$","M","M","?","R","BOSS","M","?","?","?","M","R","E","$","T","R","$","R","?","M","R","BOSS"],"build_version":"2019-01-10","purchased_purges":2,"victory":true,"max_hp_per_floor":[75,75,75,75,75,75,75,75,75,75,75,75,75,75,75,75,75,75,75,75,75,75,75,75,75,75,75,75,75,75,75,75,75,75,75,75,75,75,75,75,75,75,75,75,75,75,75,75,75,75],"card_choices":[{"not_picked":["Distraction","Quick Slash"],"picked":"Dagger Throw","floor":1},{"not_picked":["Accuracy","Expertise"],"picked":"Dodge and Roll","floor":3},{"not_picked":["Dagger Throw","Quick Slash"],"picked":"Leg Sweep","floor":6},{"not_picked":["Underhanded Strike","Envenom"],"picked":"Catalyst","floor":7},{"not_picked":["PiercingWail","Eviscerate"],"picked":"Deadly Poison","floor":8},{"not_picked":["Cloak And Dagger","Outmaneuver"],"picked":"Footwork","floor":11},{"not_picked":["Bane","Calculated Gamble"],"picked":"Cloak And Dagger","floor":14},{"not_picked":["Burst","Storm of Steel"],"picked":"After Image","floor":16},{"not_picked":["Riddle With Holes","Deflect"],"picked":"Backflip+1","floor":18},{"not_picked":["Riddle With Holes","Underhanded Strike"],"picked":"Dagger Throw+1","floor":25},{"not_picked":["Backstab","Dodge and Roll"],"picked":"Dash","floor":27},{"not_picked":["Deflect","Bane"],"picked":"Noxious Fumes","floor":29},{"not_picked":["Underhanded Strike","Dodge and Roll"],"picked":"Bane","floor":30},{"not_picked":["Malaise","Burst"],"picked":"Corpse Explosion","floor":33},{"not_picked":["Prepared","Backflip"],"picked":"PiercingWail","floor":35},{"not_picked":["Choke+1","Finisher"],"picked":"Leg Sweep+1","floor":36},{"not_picked":["Sucker Punch+1","Riddle With Holes"],"picked":"Outmaneuver","floor":39},{"not_picked":["Outmaneuver+1","Riddle With Holes"],"picked":"Blade Dance","floor":41},{"not_picked":["Corpse Explosion","Acrobatics+1"],"picked":"Flying Knee","floor":47},{"not_picked":["Flying Knee","Concentrate"],"picked":"Backstab+1","floor":48}],"player_experience":427986,"relics_obtained":[{"floor":6,"key":"Kunai"},{"floor":9,"key":"Bag of Preparation"},{"floor":21,"key":"Enchiridion"},{"floor":22,"key":"Paper Crane"},{"floor":25,"key":"Omamori"},{"floor":26,"key":"Anchor"},{"floor":27,"key":"Sundial"},{"floor":41,"key":"Boot"},{"floor":43,"key":"Darkstone Periapt"}],"event_choices":[{"damage_healed":0,"gold_gain":0,"player_choice":"Ignored","damage_taken":0,"max_hp_gain":0,"max_hp_loss":0,"event_name":"Shining Light","floor":4,"gold_loss":0},{"cards_removed":["Strike_G"],"damage_healed":0,"gold_gain":0,"player_choice":"Card Removal","damage_taken":7,"max_hp_gain":0,"max_hp_loss":0,"event_name":"Golden Wing","floor":5,"gold_loss":0},{"damage_healed":0,"gold_gain":175,"player_choice":"AGREE","damage_taken":0,"max_hp_gain":0,"max_hp_loss":0,"event_name":"Liars Game","floor":12,"gold_loss":0,"cards_obtained":["Doubt"]},{"cards_removed":["Strike_G"],"damage_healed":0,"gold_gain":0,"player_choice":"Gave Gold","damage_taken":0,"max_hp_gain":0,"max_hp_loss":0,"event_name":"Beggar","floor":19,"gold_loss":75},{"cards_removed":["Defend_G"],"damage_healed":0,"gold_gain":0,"player_choice":"Elegance","damage_taken":0,"max_hp_gain":0,"max_hp_loss":0,"event_name":"Back to Basics","floor":20,"gold_loss":0},{"damage_healed":0,"gold_gain":0,"player_choice":"Obtained Book","damage_taken":16,"max_hp_gain":0,"max_hp_loss":0,"event_name":"Cursed Tome","floor":21,"gold_loss":0},{"cards_removed":["Doubt"],"damage_healed":0,"gold_gain":0,"player_choice":"Removed Curses","damage_taken":0,"max_hp_gain":0,"max_hp_loss":0,"event_name":"Fountain of Cleansing","floor":31,"gold_loss":0},{"damage_healed":19,"gold_gain":0,"player_choice":"Writhe","damage_taken":0,"max_hp_gain":0,"max_hp_loss":0,"event_name":"Winding Halls","floor":37,"gold_loss":0,"cards_obtained":["Writhe"]}],"is_beta":false,"boss_relics":[{"not_picked":["WristBlade","Velvet Choker"],"picked":"Ring of the Serpent"},{"not_picked":["Eternal Feather","Orrery"],"picked":"HoveringKite"}],"items_purged_floors":[10,38],"is_endless":false,"potions_floor_spawned":[1,3,6,8,16,18,27,36,48],"ascension_level":2}