{"gold_per_floor":[365,65,65,65,83,83,93,113,113,125,156,156,219,238,238,311,311,329,329],"floor_reached":19,"playtime":1137,"items_purged":[],"score":338,"play_id":"389bd6b7-092c-4479-b376-e2b8105de105","local_time":"20190504112314","is_ascension_mode":true,"campfire_choices":[{"data":"Feel No Pain","floor":6.0,"key":"SMITH"},{"data":"Burning Pact","floor":12.0,"key":"SMITH"},{"data":"Sever Soul","floor":15.0,"key":"SMITH"}],"neow_cost":"PERCENT_DAMAGE","seed_source_timestamp":1042736312741101,"circlet_count":0,"master_deck":["AscendersBane","Strike_R","Strike_R","Defend_R","Defend_R","Defend_R","Defend_R","Bash","Power Through","Feel No Pain+1","Burning Pact+1","Sever Soul+1","Second Wind","Sword Boomerang","Limit Break","Flex"],"special_seed":0,"relics":["Burning Blood","Medical Kit","Gremlin Horn","PreservedInsect","Singing Bowl","Boot","Empty Cage"],"potions_floor_usage":[18,19],"damage_taken":[{"damage":5.0,"enemies":"2 Louse","floor":1.0,"turns":3.0},{"damage":6.0,"enemies":"Jaw Worm","floor":5.0,"turns":4.0},{"damage":0.0,"enemies":"Small Slimes","floor":7.0,"turns":5.0},{"damage":3.0,"enemies":"3 Louse","floor":8.0,"turns":4.0},{"damage":8.0,"enemies":"Exordium Wildlife","floor":10.0,"turns":5.0},{"damage":7.0,"enemies":"3 Sentries","floor":11.0,"turns":15.0},{"damage":5.0,"enemies":"3 Sentries","floor":13.0,"turns":8.0},{"damage":9.0,"enemies":"Blue Slaver","floor":14.0,"turns":5.0},{"damage":6.0,"enemies":"The Guardian","floor":16.0,"turns":14.0},{"damage":52,"enemies":"Shell Parasite","floor":18,"turns":7},{"damage":29,"enemies":"Colosseum Slavers","floor":19,"turns":6}],"seed_played":"-7585979539505312975","potions_obtained":[{"floor":7.0,"key":"Block Potion"},{"floor":11.0,"key":"Dexterity Potion"},{"floor":14.0,"key":"Regen Potion"}],"is_trial":false,"path_per_floor":["M","$","?","?","M","R","M","M","T","M","E","R","?","M","R","B",null,"M","?"],"character_chosen":"IRONCLAD","items_purchased":["Feel No Pain","Medical Kit"],"campfire_rested":0,"item_purchase_floors":[2,2],"current_hp_per_floor":[51,51,44,26,26,26,32,35,35,33,34,34,37,34,34,34,68,37,8],"gold":329,"neow_bonus":"TWO_FIFTY_GOLD","is_prod":false,"is_daily":false,"chose_seed":false,"campfire_upgraded":3,"win_rate":0,"timestamp":1556940194,"path_taken":["M","$","?","?","M","R","M","M","T","M","E","R","?","M","R","BOSS","M","?"],"build_version":"2019-01-23","purchased_purges":0,"victory":false,"max_hp_per_floor":[75,75,75,75,75,75,75,75,75,75,77,77,79,79,79,79,79,79,79],"card_choices":[{"not_picked":["Pommel Strike","True Grit"],"picked":"Power Through","floor":1.0},{"not_picked":["Perfected Strike","Twin Strike"],"picked":"Burning Pact","floor":5.0},{"not_picked":["Clash","Perfected Strike","Warcry"],"picked":"SKIP","floor":7.0},{"not_picked":["Clothesline","Iron Wave"],"picked":"Sever Soul","floor":8.0},{"not_picked":["Disarm","Rampage"],"picked":"Second Wind","floor":10.0},{"not_picked":["Anger","Flex","Shrug It Off"],"picked":"Singing Bowl","floor":11.0},{"not_picked":["Corruption","Havoc","Headbutt"],"picked":"Singing Bowl","floor":13.0},{"not_picked":["Havoc","Brutality"],"picked":"Sword Boomerang","floor":14.0},{"not_picked":["Fiend Fire","Brutality"],"picked":"Limit Break","floor":16.0},{"not_picked":["Anger","Twin Strike"],"picked":"Flex","floor":18}],"player_experience":812845,"relics_obtained":[{"floor":9.0,"key":"PreservedInsect"},{"floor":11.0,"key":"Singing Bowl"}],"event_choices":[{"cards_removed":["Strike_R"],"damage_healed":0.0,"max_hp_gain":0.0,"max_hp_loss":0.0,"gold_gain":0.0,"event_name":"Golden Wing","player_choice":"Card Removal","floor":3.0,"gold_loss":0.0,"damage_taken":7.0},{"damage_healed":0.0,"max_hp_gain":0.0,"max_hp_loss":0.0,"gold_gain":0.0,"event_name":"Scrap Ooze","player_choice":"Success","floor":4.0,"gold_loss":0.0,"damage_taken":18.0,"relics_obtained":["Gremlin Horn"]},{"damage_healed":0.0,"max_hp_gain":0.0,"max_hp_loss":0.0,"gold_gain":30.0,"event_name":"Dead Adventurer","player_choice":"Searched \u00273\u0027 times","floor":13.0,"gold_loss":0.0,"damage_taken":0.0,"relics_obtained":["Boot"]},{"damage_healed":0,"gold_gain":0,"player_choice":"Fight","damage_taken":0,"max_hp_gain":0,"max_hp_loss":0,"event_name":"Colosseum","floor":19,"gold_loss":0}],"is_beta":false,"boss_relics":[{"not_picked":["Runic Cube","Calling Bell"],"picked":"Empty Cage"}],"items_purged_floors":[],"is_endless":false,"potions_floor_spawned":[7,11,14],"killed_by":"Colosseum Slavers","ascension_level":20}