{"gold_per_floor":[112,112,126,144,156,156,221,221,221,221,235,18,18,32,32,136,136,153,0,0,13,13,13,28,28,28,28,38,38,69,168,168,168],"floor_reached":33,"playtime":1568,"items_purged":[],"score":318,"play_id":"eba57741-b8e7-4158-9d39-aeb752c0fec8","local_time":"20190712095656","is_ascension_mode":true,"campfire_choices":[{"data":"Searing Blow","floor":6,"key":"SMITH"},{"floor":8,"key":"REST"},{"data":"Searing Blow+1","floor":10,"key":"SMITH"},{"data":"Inflame","floor":15,"key":"SMITH"},{"floor":23,"key":"REST"},{"data":"Searing Blow+2","floor":25,"key":"SMITH"},{"data":"Searing Blow+3","floor":27,"key":"SMITH"},{"data":"Searing Blow+4","floor":29,"key":"SMITH"},{"floor":32,"key":"REST"}],"neow_cost":"NONE","seed_source_timestamp":2295255882884500,"circlet_count":0,"master_deck":["Strike_R","Strike_R","Strike_R","Strike_R","Strike_R","Defend_R","Defend_R","Defend_R","Bash","Perfected Strike","Searing Blow+5","Carnage","Thunderclap","Inflame+1","Dropkick","Impervious","Intimidate","Disarm+1","Metallicize+1","True Grit"],"relics":["Burning Blood","WarpedTongs","Tiny Chest","Dodecahedron","Blood Vial","Black Star","Bronze Scales","Mummified Hand","Frozen Egg 2","Shovel"],"potions_floor_usage":[7,11,16,18,33],"damage_taken":[{"damage":19,"enemies":"Jaw Worm","floor":1,"turns":3},{"damage":0,"enemies":"Cultist","floor":3,"turns":2},{"damage":11,"enemies":"2 Louse","floor":4,"turns":3},{"damage":26,"enemies":"Exordium Thugs","floor":5,"turns":4},{"damage":45,"enemies":"Lagavulin","floor":7,"turns":5},{"damage":6,"enemies":"Lots of Slimes","floor":11,"turns":2},{"damage":23,"enemies":"Large Slime","floor":14,"turns":5},{"damage":12,"enemies":"Slime Boss","floor":16,"turns":8},{"damage":7,"enemies":"3 Byrds","floor":18,"turns":3},{"damage":34,"enemies":"Shell Parasite","floor":21,"turns":4},{"damage":24,"enemies":"Snake Plant","floor":24,"turns":3},{"damage":0,"enemies":"Snecko","floor":28,"turns":3},{"damage":49,"enemies":"Book of Stabbing","floor":30,"turns":6},{"damage":79,"enemies":"Automaton","floor":33,"turns":6}],"seed_played":"-609063077545409720","potions_obtained":[{"floor":1,"key":"Regen Potion"},{"floor":3,"key":"Explosive Potion"},{"floor":5,"key":"LiquidBronze"},{"floor":14,"key":"SkillPotion"},{"floor":18,"key":"Dexterity Potion"}],"is_trial":false,"path_per_floor":["M","?","M","M","M","R","E","R","T","R","M","$","?","M","R","B",null,"M","$","?","M","?","R","M","R","T","R","M","R","E","?","R","B"],"character_chosen":"IRONCLAD","items_purchased":["Blood Vial","Inflame","Bronze Scales"],"campfire_rested":3,"item_purchase_floors":[12,12,19],"current_hp_per_floor":[75,75,81,76,56,56,22,48,48,48,48,48,48,33,33,29,88,87,87,87,60,43,70,54,54,54,54,62,62,21,21,48,0],"gold":168,"neow_bonus":"TEN_PERCENT_HP_BONUS","is_prod":false,"is_daily":false,"chose_seed":false,"campfire_upgraded":6,"win_rate":0,"timestamp":1562950616,"path_taken":["M","?","M","?","M","R","E","R","T","R","M","?","?","M","R","BOSS","M","$","?","?","?","R","M","R","T","R","M","R","E","?","R","BOSS"],"build_version":"2019-07-05","purchased_purges":0,"victory":false,"max_hp_per_floor":[88,88,88,88,88,88,88,88,88,88,88,88,88,88,88,88,88,88,88,88,88,93,93,93,93,93,93,93,93,93,93,93,93],"card_choices":[{"not_picked":["Power Through","Entrench"],"picked":"Perfected Strike","floor":1},{"not_picked":["Sever Soul","Body Slam","Warcry"],"picked":"SKIP","floor":3},{"not_picked":["Twin Strike","Wild Strike"],"picked":"Searing Blow","floor":4},{"not_picked":["Warcry","Second Wind"],"picked":"Carnage","floor":5},{"not_picked":["Power Through","Pommel Strike"],"picked":"Thunderclap","floor":7},{"not_picked":["Heavy Blade","Sword Boomerang","Pommel Strike"],"picked":"SKIP","floor":11},{"not_picked":["Flex","Wild Strike"],"picked":"Dropkick","floor":14},{"not_picked":["Offering","Bludgeon"],"picked":"Impervious","floor":16},{"not_picked":["Clothesline","Ghostly Armor"],"picked":"Intimidate","floor":18},{"not_picked":["Sword Boomerang","Pommel Strike"],"picked":"Disarm+1","floor":21},{"not_picked":["Body Slam+1","Hemokinesis"],"picked":"Metallicize+1","floor":24},{"not_picked":["Sentinel","Body Slam"],"picked":"True Grit","floor":28},{"not_picked":["Clothesline+1","Anger+1","Hemokinesis"],"picked":"SKIP","floor":30}],"player_experience":643836,"relics_obtained":[{"floor":7,"key":"Tiny Chest"},{"floor":9,"key":"Dodecahedron"},{"floor":26,"key":"Mummified Hand"},{"floor":30,"key":"Frozen Egg 2"},{"floor":30,"key":"Shovel"}],"event_choices":[{"damage_healed":0,"gold_gain":0,"player_choice":"Rummage","damage_taken":0,"relics_obtained":["WarpedTongs"],"max_hp_gain":0,"max_hp_loss":0,"event_name":"Accursed Blacksmith","floor":2,"gold_loss":0,"cards_obtained":["Pain"]},{"cards_removed":["Pain"],"damage_healed":0,"gold_gain":0,"player_choice":"Removed Curses","damage_taken":0,"max_hp_gain":0,"max_hp_loss":0,"event_name":"Fountain of Cleansing","floor":13,"gold_loss":0},{"cards_removed":["Defend_R"],"damage_healed":0,"gold_gain":0,"player_choice":"Card Removal","damage_taken":0,"max_hp_gain":0,"max_hp_loss":0,"event_name":"Wheel of Change","floor":20,"gold_loss":0},{"damage_healed":0,"gold_gain":0,"player_choice":"Shed Blood","damage_taken":22,"max_hp_gain":5,"max_hp_loss":0,"event_name":"Forgotten Altar","floor":22,"gold_loss":0},{"damage_healed":0,"gold_gain":99,"player_choice":"Stole From Cult","damage_taken":0,"max_hp_gain":0,"max_hp_loss":0,"event_name":"Nest","floor":31,"gold_loss":0}],"is_beta":false,"boss_relics":[{"not_picked":["Cursed Key","Pandora\u0027s Box"],"picked":"Black Star"}],"items_purged_floors":[],"is_endless":false,"potions_floor_spawned":[1,3,5,14,18],"killed_by":"Automaton","ascension_level":4}