{"gold_per_floor":[16,16,16,16,35,35,73,73,96,96,96,130,148,65,65,191,191,205,229,39,39,39,39,39,67,67,67,67,67,67,100,100,100],"floor_reached":33,"playtime":1137,"items_purged":["Strike_R"],"score":330,"play_id":"187f74b5-bd71-4dfd-bcff-57d21dd18414","local_time":"20190117141851","is_ascension_mode":true,"campfire_choices":[{"data":"Bash","floor":6,"key":"SMITH"},{"floor":8,"key":"REST"},{"floor":10,"key":"REST"},{"data":"Enlightenment","floor":15,"key":"SMITH"},{"floor":23,"key":"REST"},{"floor":28,"key":"REST"},{"floor":32,"key":"REST"}],"neow_cost":"NO_GOLD","seed_source_timestamp":807569105533393,"circlet_count":0,"master_deck":["Strike_R","Defend_R","Defend_R","Defend_R","Defend_R","Bash+1","Anger","Cleave","Cleave","Bloodletting","Headbutt","Enlightenment+1","Demon Form+1","Infernal Blade","True Grit+1","Uppercut","Corruption","Flame Barrier","Feel No Pain"],"relics":["Black Blood","Bloody Idol","Mercury Hourglass","Mummified Hand","Juzu Bracelet","Shuriken","Enchiridion","Nloth\u0027s Gift","Red Mask"],"potions_floor_usage":[12,18,19,33],"damage_taken":[{"damage":12,"enemies":"2 Louse","floor":1,"turns":3},{"damage":4,"enemies":"Jaw Worm","floor":5,"turns":3},{"damage":48,"enemies":"Lagavulin","floor":7,"turns":7},{"damage":4,"enemies":"Gremlin Nob","floor":12,"turns":3},{"damage":0,"enemies":"Small Slimes","floor":13,"turns":1},{"damage":64,"enemies":"Hexaghost","floor":16,"turns":9},{"damage":14,"enemies":"2 Thieves","floor":18,"turns":2},{"damage":37,"enemies":"Spheric Guardian","floor":19,"turns":6},{"damage":63,"enemies":"Slavers","floor":25,"turns":5},{"damage":34,"enemies":"Masked Bandits","floor":31,"turns":4},{"damage":85,"enemies":"Collector","floor":33,"turns":7}],"seed_played":"1160850368780218141","potions_obtained":[{"floor":5,"key":"Block Potion"},{"floor":7,"key":"Strength Potion"},{"floor":18,"key":"EssenceOfSteel"},{"floor":31,"key":"Weak Potion"}],"is_trial":false,"path_per_floor":["M","?","?","?","M","R","E","R","T","R","?","E","M","$","R","B",null,"M","M","$","?","?","R","?","E","T","?","R","?","?","?","R","B"],"character_chosen":"IRONCLAD","items_purchased":["Enlightenment","Uppercut","Corruption"],"campfire_rested":5,"item_purchase_floors":[14,20,20],"current_hp_per_floor":[90,66,66,66,68,68,26,54,54,82,82,84,90,90,90,32,96,92,65,65,65,65,93,93,45,45,29,57,57,57,38,66,0],"gold":100,"neow_bonus":"TWENTY_PERCENT_HP_BONUS","is_prod":false,"is_daily":false,"chose_seed":false,"campfire_upgraded":2,"win_rate":0,"timestamp":1547695131,"path_taken":["M","?","?","?","?","R","E","R","T","R","?","E","M","$","R","BOSS","M","M","$","?","?","R","?","E","T","?","R","?","?","?","R","BOSS"],"build_version":"2019-01-10","purchased_purges":1,"victory":false,"max_hp_per_floor":[96,96,96,96,96,96,96,96,96,96,96,96,96,96,96,96,96,96,96,96,96,96,96,96,96,96,96,96,96,96,96,96,96],"card_choices":[{"not_picked":["Reckless Charge","Hemokinesis"],"picked":"Anger","floor":1},{"not_picked":["Headbutt","Bloodletting"],"picked":"Cleave","floor":5},{"not_picked":["Brutality","Clash"],"picked":"Cleave","floor":7},{"not_picked":["Clash","Sword Boomerang"],"picked":"Headbutt","floor":12},{"not_picked":["Flex","Perfected Strike","Combust"],"picked":"SKIP","floor":13},{"not_picked":["Immolate","Double Tap"],"picked":"Demon Form","floor":16},{"not_picked":["Anger","Carnage"],"picked":"Infernal Blade","floor":18},{"not_picked":["Pummel+1","Warcry+1"],"picked":"True Grit+1","floor":19},{"not_picked":["Perfected Strike+1","Clothesline"],"picked":"Flame Barrier","floor":25},{"not_picked":["Disarm","Twin Strike+1"],"picked":"Feel No Pain","floor":31}],"player_experience":457985,"relics_obtained":[{"floor":7,"key":"Mercury Hourglass"},{"floor":9,"key":"Bag of Marbles"},{"floor":12,"key":"Mummified Hand"},{"floor":25,"key":"Juzu Bracelet"},{"floor":26,"key":"Shuriken"},{"floor":27,"key":"Enchiridion"},{"floor":31,"key":"Red Mask"}],"event_choices":[{"damage_healed":0,"gold_gain":0,"player_choice":"Take Damage","damage_taken":24,"relics_obtained":["Golden Idol"],"max_hp_gain":0,"max_hp_loss":0,"event_name":"Golden Idol","floor":2,"gold_loss":0},{"damage_healed":0,"gold_gain":0,"player_choice":"Leave","damage_taken":0,"max_hp_gain":0,"max_hp_loss":0,"event_name":"The Cleric","floor":3,"gold_loss":0},{"cards_removed":["Strike_R"],"damage_healed":0,"gold_gain":0,"player_choice":"Purged","damage_taken":0,"max_hp_gain":0,"max_hp_loss":0,"event_name":"Purifier","floor":4,"gold_loss":0},{"damage_healed":0,"gold_gain":0,"cards_transformed":["Strike_R"],"player_choice":"Transformed","damage_taken":0,"max_hp_gain":0,"max_hp_loss":0,"event_name":"Transmorgrifier","floor":11,"gold_loss":0,"cards_obtained":["Bloodletting"]},{"damage_healed":0,"gold_gain":0,"player_choice":"Gave Idol","damage_taken":0,"relics_obtained":["Bloody Idol"],"max_hp_gain":0,"max_hp_loss":0,"event_name":"Forgotten Altar","floor":21,"relics_lost":["Golden Idol"],"gold_loss":0},{"cards_removed":["Strike_R"],"damage_healed":0,"gold_gain":0,"player_choice":"Elegance","damage_taken":0,"max_hp_gain":0,"max_hp_loss":0,"event_name":"Back to Basics","floor":22,"gold_loss":0},{"damage_healed":0,"gold_gain":0,"player_choice":"Upgraded","damage_taken":0,"max_hp_gain":0,"max_hp_loss":0,"event_name":"Upgrade Shrine","floor":24,"gold_loss":0,"cards_upgraded":["Demon Form"]},{"damage_healed":0,"gold_gain":0,"player_choice":"Obtained Book","damage_taken":16,"max_hp_gain":0,"max_hp_loss":0,"event_name":"Cursed Tome","floor":27,"gold_loss":0},{"damage_healed":0,"gold_gain":0,"player_choice":"Ignored","damage_taken":0,"max_hp_gain":0,"max_hp_loss":0,"event_name":"Ghosts","floor":29,"gold_loss":0},{"damage_healed":0,"gold_gain":0,"player_choice":"Traded Relic","damage_taken":0,"relics_obtained":["Nloth\u0027s Gift"],"max_hp_gain":0,"max_hp_loss":0,"event_name":"N\u0027loth","floor":30,"relics_lost":["Bag of Marbles"],"gold_loss":0},{"damage_healed":0,"gold_gain":0,"player_choice":"Fought Bandits","damage_taken":0,"max_hp_gain":0,"max_hp_loss":0,"event_name":"Masked Bandits","floor":31,"gold_loss":0}],"is_beta":false,"boss_relics":[{"not_picked":["Eternal Feather","Philosopher\u0027s Stone"],"picked":"Black Blood"}],"items_purged_floors":[20],"is_endless":false,"potions_floor_spawned":[5,7,18,31],"killed_by":"Collector","ascension_level":3}