{"gold_per_floor":[13,24,24,39,56,56,56,66,66,66,66,46],"floor_reached":12,"playtime":271,"items_purged":[],"score":140,"play_id":"0569230f-134b-456d-871b-eb4afb328f27","local_time":"20190806152756","is_ascension_mode":true,"campfire_choices":[{"data":"Armaments","floor":6,"key":"SMITH"}],"neow_cost":"NO_GOLD","seed_source_timestamp":236608283870516,"circlet_count":0,"master_deck":["AscendersBane","Strike_R","Strike_R","Strike_R","Strike_R","Defend_R","Defend_R","Defend_R","Bash","True Grit","Reckless Charge","Pommel Strike","Armaments+1","Regret"],"relics":["Burning Blood","Letter Opener","Omamori","Peace Pipe"],"potions_floor_usage":[8],"damage_taken":[{"damage":7,"enemies":"Small Slimes","floor":1,"turns":3},{"damage":0,"enemies":"Cultist","floor":2,"turns":3},{"damage":3,"enemies":"2 Louse","floor":4,"turns":3},{"damage":19,"enemies":"Large Slime","floor":5,"turns":8},{"damage":6,"enemies":"3 Louse","floor":8,"turns":4},{"damage":6,"enemies":"Exordium Thugs","floor":12,"turns":2}],"seed_played":"-5755378810374523979","potions_obtained":[{"floor":2,"key":"EssenceOfSteel"},{"floor":5,"key":"SkillPotion"}],"is_trial":false,"path_per_floor":["M","M","?","M","M","R","$","M","T","?","?","M"],"character_chosen":"IRONCLAD","items_purchased":[],"campfire_rested":0,"item_purchase_floors":[],"current_hp_per_floor":[67,73,62,65,52,52,52,52,52,52,34,28],"gold":46,"neow_bonus":"TRANSFORM_TWO_CARDS","is_prod":false,"is_daily":false,"chose_seed":false,"campfire_upgraded":1,"win_rate":0,"timestamp":1565076476,"path_taken":["M","M","?","M","?","R","?","M","T","?","?","M"],"build_version":"2019-07-17","purchased_purges":0,"victory":false,"max_hp_per_floor":[75,75,75,75,75,75,75,75,75,75,75,75],"card_choices":[{"not_picked":["Perfected Strike","True Grit"],"picked":"Pommel Strike","floor":1},{"not_picked":["Juggernaut","Sword Boomerang","Heavy Blade"],"picked":"SKIP","floor":2},{"not_picked":["True Grit","Reckless Charge"],"picked":"Armaments","floor":4},{"not_picked":["Flex","Anger","Headbutt"],"picked":"SKIP","floor":5},{"not_picked":["Armaments","Headbutt","Flex"],"picked":"SKIP","floor":8}],"player_experience":1124712,"relics_obtained":[{"floor":9,"key":"Letter Opener"}],"event_choices":[{"damage_healed":0,"gold_gain":0,"player_choice":"Damaged","damage_taken":11,"max_hp_gain":0,"max_hp_loss":0,"event_name":"Wheel of Change","floor":3,"gold_loss":0},{"damage_healed":0,"gold_gain":0,"player_choice":"Box","damage_taken":0,"relics_obtained":["Omamori"],"max_hp_gain":0,"max_hp_loss":0,"event_name":"Big Fish","floor":10,"gold_loss":0,"cards_obtained":["Regret"]},{"damage_healed":0,"gold_gain":0,"player_choice":"Success","damage_taken":18,"relics_obtained":["Peace Pipe"],"max_hp_gain":0,"max_hp_loss":0,"event_name":"Scrap Ooze","floor":11,"gold_loss":0}],"is_beta":false,"boss_relics":[],"items_purged_floors":[],"is_endless":false,"potions_floor_spawned":[2,5],"killed_by":"Exordium Thugs","ascension_level":20}