{"gold_per_floor":[112,112,129,149,149,149,174,174,226,253,266,300,312,336,336,433,433,450,365,365,385,405,405],"floor_reached":23,"playtime":1030,"items_purged":[],"score":278,"play_id":"30a5f24c-989c-42b7-8c5b-26557e71720c","local_time":"20190710190304","is_ascension_mode":true,"campfire_choices":[{"data":"Armaments","floor":6,"key":"SMITH"},{"data":"Rampage","floor":8,"key":"SMITH"},{"data":"Shockwave","floor":15,"key":"SMITH"}],"neow_cost":"NONE","seed_source_timestamp":2155761998020900,"circlet_count":0,"master_deck":["Strike_R","Strike_R","Strike_R","Strike_R","Strike_R","Defend_R","Defend_R","Defend_R+1","Bash","Armaments+1","Rampage+1","Intimidate","Searing Blow","Spot Weakness+1","Shockwave+1","Immolate","Barricade"],"relics":["Black Blood","Strawberry","Dream Catcher","Ornamental Fan","Oddly Smooth Stone","War Paint","Champion Belt"],"potions_floor_usage":[11,11,12,12,12,12,16,16,23],"damage_taken":[{"damage":4,"enemies":"2 Louse","floor":1,"turns":4},{"damage":6,"enemies":"Cultist","floor":3,"turns":3},{"damage":3,"enemies":"Small Slimes","floor":4,"turns":3},{"damage":19,"enemies":"Gremlin Nob","floor":7,"turns":4},{"damage":24,"enemies":"Lagavulin","floor":10,"turns":7},{"damage":0,"enemies":"Exordium Wildlife","floor":11,"turns":2},{"damage":5,"enemies":"Gremlin Nob","floor":12,"turns":3},{"damage":0,"enemies":"Large Slime","floor":13,"turns":6},{"damage":36,"enemies":"Hexaghost","floor":16,"turns":9},{"damage":6,"enemies":"Chosen","floor":18,"turns":5},{"damage":38,"enemies":"3 Byrds","floor":21,"turns":7},{"damage":26,"enemies":"Snecko","floor":22,"turns":8},{"damage":37,"enemies":"Book of Stabbing","floor":23,"turns":5}],"seed_played":"5305369759276862980","potions_obtained":[{"floor":4,"key":"Fire Potion"},{"floor":5,"key":"Strength Potion"},{"floor":5,"key":"Fire Potion"},{"floor":5,"key":"AttackPotion"},{"floor":11,"key":"EntropicBrew"},{"floor":13,"key":"Block Potion"},{"floor":16,"key":"SpeedPotion"}],"is_trial":false,"path_per_floor":["M","?","M","M","?","R","E","R","T","E","M","E","M","T","R","B",null,"M","?","?","M","M","E"],"character_chosen":"IRONCLAD","items_purchased":[],"campfire_rested":0,"item_purchase_floors":[],"current_hp_per_floor":[88,81,81,84,84,84,78,78,78,60,66,67,73,73,73,43,95,95,95,79,51,35,0],"gold":405,"neow_bonus":"TEN_PERCENT_HP_BONUS","is_prod":false,"is_daily":false,"chose_seed":false,"campfire_upgraded":3,"win_rate":0,"timestamp":1562810584,"path_taken":["M","?","M","M","?","R","E","R","T","E","?","E","M","?","R","BOSS","M","?","?","M","M","E"],"build_version":"2019-07-05","purchased_purges":0,"victory":false,"max_hp_per_floor":[88,88,88,88,88,88,95,95,95,95,95,95,95,95,95,95,95,95,95,95,95,95,95],"card_choices":[{"not_picked":["Headbutt","Thunderclap"],"picked":"Armaments","floor":1},{"not_picked":["Wild Strike","Heavy Blade"],"picked":"Rampage","floor":3},{"not_picked":["Sword Boomerang","True Grit"],"picked":"Intimidate","floor":4},{"not_picked":["Perfected Strike","Combust","Pommel Strike"],"picked":"SKIP","floor":7},{"not_picked":["Shrug It Off","Anger"],"picked":"Searing Blow","floor":10},{"not_picked":["Wild Strike","Battle Trance"],"picked":"Spot Weakness","floor":11},{"not_picked":["Pommel Strike","Combust"],"picked":"Shockwave","floor":12},{"not_picked":["Thunderclap","Rampage"],"picked":"Immolate","floor":13},{"not_picked":["Offering","Bludgeon"],"picked":"Barricade","floor":16},{"not_picked":["Perfected Strike","Armaments+1","Dual Wield"],"picked":"SKIP","floor":18},{"not_picked":["Rupture+1","True Grit","Heavy Blade"],"picked":"SKIP","floor":21},{"not_picked":["Body Slam","Carnage","Sword Boomerang+1"],"picked":"SKIP","floor":22}],"player_experience":640081,"relics_obtained":[{"floor":7,"key":"Strawberry"},{"floor":9,"key":"Dream Catcher"},{"floor":10,"key":"Ornamental Fan"},{"floor":12,"key":"Oddly Smooth Stone"},{"floor":14,"key":"War Paint"}],"event_choices":[{"cards_removed":["Defend_R"],"damage_healed":0,"gold_gain":0,"player_choice":"Card Removal","damage_taken":7,"max_hp_gain":0,"max_hp_loss":0,"event_name":"Golden Wing","floor":2,"gold_loss":0},{"damage_healed":0,"gold_gain":0,"player_choice":"Got Potions","damage_taken":0,"max_hp_gain":0,"max_hp_loss":0,"event_name":"Lab","floor":5,"gold_loss":0},{"damage_healed":0,"gold_gain":0,"player_choice":"Obtained Relic","damage_taken":0,"relics_obtained":["Champion Belt"],"max_hp_gain":0,"max_hp_loss":0,"event_name":"Addict","floor":19,"gold_loss":85},{"damage_healed":0,"gold_gain":0,"player_choice":"Obtained Book","damage_taken":16,"max_hp_gain":0,"max_hp_loss":0,"event_name":"Cursed Tome","floor":20,"gold_loss":0}],"is_beta":false,"boss_relics":[{"not_picked":["Philosopher\u0027s Stone","White Beast Statue"],"picked":"Black Blood"}],"items_purged_floors":[],"is_endless":false,"potions_floor_spawned":[4,10,11,13,16],"killed_by":"Book of Stabbing","ascension_level":4}