{"gold_per_floor":[214,57,77,90,40,40,68,68,68,84,9,9,9,26,26,26],"floor_reached":16,"playtime":395,"items_purged":["Defend_R"],"score":100,"play_id":"d52d47ff-e816-4e3e-b067-d50dcba58558","local_time":"20190521150018","is_ascension_mode":false,"campfire_choices":[{"data":"Bash","floor":6.0,"key":"SMITH"},{"data":"Dropkick","floor":8.0,"key":"SMITH"},{"data":"Rage","floor":15.0,"key":"SMITH"}],"neow_cost":"NONE","seed_source_timestamp":0,"circlet_count":0,"master_deck":["Strike_R","Strike_R","Strike_R","Strike_R","Defend_R","Defend_R","Bash+1","Dropkick+1","Rage+1","Dual Wield"],"special_seed":0,"relics":["Burning Blood","Meat on the Bone","Potion Belt"],"potions_floor_usage":[],"damage_taken":[{"damage":5.0,"enemies":"2 Louse","floor":1.0,"turns":3.0},{"damage":3.0,"enemies":"Small Slimes","floor":3.0,"turns":3.0},{"damage":1.0,"enemies":"Cultist","floor":4.0,"turns":3.0},{"damage":45.0,"enemies":"Lagavulin","floor":7.0,"turns":9.0},{"damage":4.0,"enemies":"2 Fungi Beasts","floor":10.0,"turns":4.0},{"damage":38.0,"enemies":"Exordium Thugs","floor":14.0,"turns":5.0},{"damage":0,"enemies":"Slime Boss","floor":16,"turns":2}],"seed_played":"-4322731908065958637","potions_obtained":[{"floor":1.0,"key":"Explosive Potion"},{"floor":7.0,"key":"Energy Potion"},{"floor":14.0,"key":"Explosive Potion"}],"is_trial":false,"path_per_floor":["M","$","M","M","?","R","E","R","T","M","$","?","?","M","R","B"],"character_chosen":"IRONCLAD","items_purchased":["Dropkick","Rage"],"campfire_rested":0,"item_purchase_floors":[2,2],"current_hp_per_floor":[80,80,80,80,80,80,41,41,41,55,55,55,55,35,35,35],"gold":26,"neow_bonus":"HUNDRED_GOLD","is_prod":false,"is_daily":false,"chose_seed":true,"campfire_upgraded":3,"win_rate":0,"timestamp":1558422018,"path_taken":["M","$","M","M","?","R","E","R","T","M","$","?","?","?","R","BOSS"],"build_version":"2019-01-23","purchased_purges":1,"victory":false,"max_hp_per_floor":[80,80,80,80,80,80,80,80,80,80,80,80,80,80,80,80],"card_choices":[{"not_picked":["Evolve","True Grit","Heavy Blade"],"picked":"SKIP","floor":1.0},{"not_picked":["Disarm","Iron Wave","Carnage"],"picked":"SKIP","floor":3.0},{"not_picked":["Pommel Strike","Clash","Iron Wave"],"picked":"SKIP","floor":4.0},{"not_picked":["Immolate","Sword Boomerang","Twin Strike"],"picked":"SKIP","floor":7.0},{"not_picked":["Flex","Dropkick"],"picked":"Dual Wield","floor":10.0},{"not_picked":["Headbutt","Armaments","Sword Boomerang"],"picked":"SKIP","floor":14.0}],"player_experience":921942,"relics_obtained":[{"floor":7.0,"key":"Meat on the Bone"},{"floor":9.0,"key":"Potion Belt"}],"event_choices":[{"cards_removed":["Strike_R"],"damage_healed":0.0,"max_hp_gain":0.0,"max_hp_loss":0.0,"gold_gain":0.0,"event_name":"The Cleric","player_choice":"Card Removal","floor":5.0,"gold_loss":50.0,"damage_taken":0.0},{"cards_removed":["Defend_R"],"damage_healed":0.0,"max_hp_gain":0.0,"max_hp_loss":0.0,"gold_gain":0.0,"event_name":"Living Wall","player_choice":"Forget","floor":12.0,"gold_loss":0.0,"damage_taken":0.0},{"damage_healed":0.0,"max_hp_gain":0.0,"max_hp_loss":0.0,"gold_gain":0.0,"event_name":"NoteForYourself","player_choice":"Ignored","floor":13.0,"gold_loss":0.0,"damage_taken":0.0}],"is_beta":false,"boss_relics":[],"items_purged_floors":[11],"is_endless":false,"potions_floor_spawned":[1,7,14],"killed_by":"Slime Boss","ascension_level":0}