{"gold_per_floor":[10,26,301,226,237,237,266,282,282,282],"floor_reached":10,"playtime":378,"items_purged":["Regret"],"score":136,"play_id":"69d0de72-4274-4675-9476-95379603a922","local_time":"20190504120337","is_ascension_mode":true,"campfire_choices":[{"data":"Perfected Strike","floor":6,"key":"SMITH"}],"neow_cost":"NO_GOLD","seed_source_timestamp":1046084598048145,"circlet_count":0,"master_deck":["AscendersBane","Strike_R","Strike_R","Strike_R","Strike_R","Strike_R","Defend_R","Defend_R","Defend_R","Defend_R","Bash","Dark Embrace","Power Through","Perfected Strike+1","Rampage","Evolve","Armaments"],"relics":["Burning Blood","Dream Catcher","Ancient Tea Set"],"potions_floor_usage":[10,10],"damage_taken":[{"damage":13,"enemies":"2 Louse","floor":1,"turns":3},{"damage":1,"enemies":"Cultist","floor":2,"turns":5},{"damage":9,"enemies":"Jaw Worm","floor":5,"turns":4},{"damage":30,"enemies":"3 Sentries","floor":7,"turns":8},{"damage":25,"enemies":"Gremlin Gang","floor":8,"turns":5},{"damage":0,"enemies":"Gremlin Nob","floor":10,"turns":3}],"seed_played":"5417553986948491437","potions_obtained":[{"floor":5,"key":"FearPotion"},{"floor":8,"key":"Strength Potion"}],"is_trial":false,"path_per_floor":["M","M","?","$","M","R","E","M","T","E"],"character_chosen":"IRONCLAD","items_purchased":[],"campfire_rested":0,"item_purchase_floors":[],"current_hp_per_floor":[61,66,66,66,63,63,39,20,20,20],"gold":282,"neow_bonus":"THREE_RARE_CARDS","is_prod":false,"is_daily":false,"chose_seed":false,"campfire_upgraded":1,"win_rate":0,"timestamp":1556942617,"path_taken":["M","M","?","$","M","R","E","M","T","E"],"build_version":"2019-01-23","purchased_purges":1,"victory":false,"max_hp_per_floor":[75,75,75,75,75,75,75,75,75,75],"card_choices":[{"not_picked":["Juggernaut","Double Tap"],"picked":"Dark Embrace","floor":0},{"not_picked":["Clothesline","Thunderclap"],"picked":"Power Through","floor":1},{"not_picked":["Hemokinesis","Bloodletting"],"picked":"Perfected Strike","floor":2},{"not_picked":["Spot Weakness","Havoc"],"picked":"Rampage","floor":5},{"not_picked":["Anger","Headbutt"],"picked":"Evolve","floor":7},{"not_picked":["Rage","Havoc"],"picked":"Armaments","floor":8}],"player_experience":813982,"relics_obtained":[{"floor":7,"key":"Dream Catcher"},{"floor":9,"key":"Ancient Tea Set"}],"event_choices":[{"damage_healed":0,"gold_gain":275,"player_choice":"Desecrate","damage_taken":0,"max_hp_gain":0,"max_hp_loss":0,"event_name":"Golden Shrine","floor":3,"gold_loss":0,"cards_obtained":["Regret"]}],"is_beta":false,"boss_relics":[],"items_purged_floors":[4],"is_endless":false,"potions_floor_spawned":[5,8],"killed_by":"Gremlin Nob","ascension_level":20}