{"gold_per_floor":[119,119,139,151,161,161,186,203,229,246,276,288,288,302,302,405,405,420,305,305,316,333,333,333],"floor_reached":24,"playtime":1216,"items_purged":["Strike_B"],"score":313,"play_id":"9c12eea8-ba98-4525-8e6f-e40d399969e3","local_time":"20190330083902","is_ascension_mode":true,"campfire_choices":[{"floor":6.0,"key":"REST"},{"floor":13.0,"key":"REST"},{"floor":15.0,"key":"REST"},{"floor":23.0,"key":"REST"}],"neow_cost":"NONE","seed_source_timestamp":64905047189354,"circlet_count":0,"master_deck":["AscendersBane","Strike_B","Strike_B","Defend_B","Defend_B","Defend_B","Defend_B","Zap","Dualcast","Beam Cell","Conserve Battery","Stack","Rip and Tear","Cold Snap","Coolheaded","Cold Snap","Echo Form","Go for the Eyes","Creative AI","Sunder","Self Repair","Cold Snap+1","Rebound+1"],"special_seed":0,"relics":["Cracked Core","Art of War","Ancient Tea Set","Potion Belt","Tiny Chest","Runic Pyramid"],"potions_floor_usage":[],"damage_taken":[{"damage":1.0,"enemies":"Cultist","floor":1.0,"turns":3.0},{"damage":5.0,"enemies":"Jaw Worm","floor":3.0,"turns":3.0},{"damage":9.0,"enemies":"Small Slimes","floor":4.0,"turns":3.0},{"damage":26.0,"enemies":"Exordium Thugs","floor":5.0,"turns":7.0},{"damage":31.0,"enemies":"Lagavulin","floor":7.0,"turns":7.0},{"damage":4.0,"enemies":"Blue Slaver","floor":8.0,"turns":3.0},{"damage":3.0,"enemies":"Large Slime","floor":10.0,"turns":4.0},{"damage":1.0,"enemies":"Exordium Thugs","floor":12.0,"turns":5.0},{"damage":5.0,"enemies":"Blue Slaver","floor":14.0,"turns":3.0},{"damage":31.0,"enemies":"Hexaghost","floor":16.0,"turns":13.0},{"damage":6.0,"enemies":"Chosen","floor":18.0,"turns":6.0},{"damage":34.0,"enemies":"2 Thieves","floor":21.0,"turns":5.0},{"damage":12.0,"enemies":"Cultist and Chosen","floor":22.0,"turns":6.0},{"damage":43,"enemies":"Book of Stabbing","floor":24,"turns":5}],"seed_played":"8216672103504737774","potions_obtained":[{"floor":2.0,"key":"AttackPotion"},{"floor":2.0,"key":"SkillPotion"},{"floor":3.0,"key":"Energy Potion"},{"floor":7.0,"key":"AttackPotion"},{"floor":8.0,"key":"SkillPotion"},{"floor":16.0,"key":"SteroidPotion"},{"floor":21.0,"key":"FearPotion"}],"is_trial":false,"path_per_floor":["M","?","M","M","M","R","E","M","T","M","T","M","R","M","R","B",null,"M","$","?","M","M","R","E"],"character_chosen":"DEFECT","items_purchased":["Self Repair"],"campfire_rested":4,"item_purchase_floors":[19],"current_hp_per_floor":[67,67,62,53,27,49,18,14,14,11,11,10,32,27,49,18,61,55,55,55,28,16,38,0],"gold":333,"neow_bonus":"RANDOM_COMMON_RELIC","is_prod":false,"is_daily":false,"chose_seed":false,"campfire_upgraded":0,"win_rate":0,"timestamp":1553895542,"path_taken":["M","?","?","?","M","R","E","M","T","M","?","M","R","M","R","BOSS","M","$","?","M","?","R","E"],"build_version":"2019-01-23","purchased_purges":1,"victory":false,"max_hp_per_floor":[75,75,75,75,75,75,75,75,75,75,75,75,75,75,75,75,75,75,75,75,75,75,75,75],"card_choices":[{"not_picked":["Turbo","Doom and Gloom"],"picked":"Beam Cell","floor":1.0},{"not_picked":["Ball Lightning","Turbo"],"picked":"Conserve Battery","floor":3.0},{"not_picked":["Thunder Strike","Blizzard"],"picked":"Stack","floor":4.0},{"not_picked":["Rebound","Melter"],"picked":"Rip and Tear","floor":5.0},{"not_picked":["Lockon","Hologram"],"picked":"Cold Snap","floor":7.0},{"not_picked":["Double Energy","Go for the Eyes"],"picked":"Coolheaded","floor":8.0},{"not_picked":["Blizzard","Recycle"],"picked":"Cold Snap","floor":10.0},{"not_picked":["Barrage","Hologram"],"picked":"Echo Form","floor":12.0},{"not_picked":["Sweeping Beam","Beam Cell"],"picked":"Go for the Eyes","floor":14.0},{"not_picked":["All For One","Hyperbeam"],"picked":"Creative AI","floor":16.0},{"not_picked":["Hologram+1","Coolheaded"],"picked":"Sunder","floor":18.0},{"not_picked":["Stack+1","Barrage"],"picked":"Cold Snap+1","floor":21.0},{"not_picked":["Streamline","Doom and Gloom"],"picked":"Rebound+1","floor":22.0}],"player_experience":893942,"relics_obtained":[{"floor":7.0,"key":"Ancient Tea Set"},{"floor":9.0,"key":"Potion Belt"},{"floor":11.0,"key":"Tiny Chest"}],"event_choices":[{"damage_healed":0.0,"max_hp_gain":0.0,"max_hp_loss":0.0,"gold_gain":0.0,"event_name":"Lab","player_choice":"Got Potions","floor":2.0,"gold_loss":0.0,"damage_taken":0.0},{"cards_removed":["Strike_B"],"damage_healed":0.0,"max_hp_gain":0.0,"max_hp_loss":0.0,"gold_gain":0.0,"event_name":"Bonfire Elementals","player_choice":"Offered Basic","floor":20.0,"gold_loss":0.0,"damage_taken":0.0}],"is_beta":false,"boss_relics":[{"not_picked":["Inserter","Tiny House"],"picked":"Runic Pyramid"}],"items_purged_floors":[19],"is_endless":false,"potions_floor_spawned":[3,4,7,8,16,21],"killed_by":"Book of Stabbing","ascension_level":11}