{"gold_per_floor":[118,135,135,150,169,169,200,200,224,224,238,313,313,55,55,157,157,173,189,208,133,133,165,80,109,109,109,144,144,155,155,155,155],"floor_reached":33,"playtime":1674,"items_purged":["Strike_R"],"score":389,"play_id":"8403dc52-aed3-4e12-8d17-07119ff39148","local_time":"20190605200829","is_ascension_mode":true,"campfire_choices":[{"data":"Bash","floor":6,"key":"SMITH"},{"data":"Flame Barrier","floor":8,"key":"SMITH"},{"data":"Pommel Strike","floor":10,"key":"SMITH"},{"floor":13,"key":"REST"},{"data":"Apotheosis","floor":15,"key":"SMITH"},{"floor":29,"key":"REST"},{"floor":32,"key":"REST"}],"neow_cost":"NONE","seed_source_timestamp":293560612664700,"circlet_count":0,"master_deck":["Strike_R+1","Strike_R+1","Strike_R+1","Defend_R+1","Defend_R+1","Defend_R+1","Defend_R+1","Bash+1","Spot Weakness","Pommel Strike+1","Dropkick","Flame Barrier+1","Bloodletting","Apotheosis+1","Rampage","Immolate","Flex","Inflame","Searing Blow","Sever Soul"],"relics":["Burning Blood","Anchor","Vajra","Fusion Hammer","PreservedInsect","Happy Flower","Art of War","Self Forming Clay","Bottled Lightning"],"potions_floor_usage":[7,7,16,16,19,23],"damage_taken":[{"damage":0,"enemies":"2 Louse","floor":1,"turns":3},{"damage":7,"enemies":"Small Slimes","floor":2,"turns":3},{"damage":0,"enemies":"Cultist","floor":4,"turns":2},{"damage":17,"enemies":"Looter","floor":5,"turns":3},{"damage":47,"enemies":"3 Sentries","floor":7,"turns":7},{"damage":0,"enemies":"Exordium Wildlife","floor":11,"turns":3},{"damage":29,"enemies":"Hexaghost","floor":16,"turns":5},{"damage":4,"enemies":"3 Byrds","floor":18,"turns":3},{"damage":11,"enemies":"2 Thieves","floor":19,"turns":3},{"damage":18,"enemies":"Snecko","floor":20,"turns":3},{"damage":28,"enemies":"Gremlin Leader","floor":23,"turns":5},{"damage":13,"enemies":"Slavers","floor":25,"turns":3},{"damage":21,"enemies":"Book of Stabbing","floor":28,"turns":3},{"damage":5,"enemies":"Shelled Parasite and Fungi","floor":30,"turns":3},{"damage":84,"enemies":"Automaton","floor":33,"turns":6}],"seed_played":"-7416765438710517202","potions_obtained":[{"floor":1,"key":"SteroidPotion"},{"floor":2,"key":"Weak Potion"},{"floor":4,"key":"SkillPotion"},{"floor":11,"key":"LiquidBronze"},{"floor":18,"key":"Energy Potion"},{"floor":20,"key":"SkillPotion"},{"floor":30,"key":"Energy Potion"}],"is_trial":false,"path_per_floor":["M","M","?","M","M","R","E","R","T","R","M","?","R","$","R","B",null,"M","M","M","$","?","E","?","E","T","?","E","R","M","?","R","B"],"character_chosen":"IRONCLAD","items_purchased":["Apotheosis","Rampage"],"campfire_rested":3,"item_purchase_floors":[14,14],"current_hp_per_floor":[88,87,92,93,82,82,41,41,41,41,47,36,63,63,63,40,93,93,88,76,76,76,54,54,47,47,47,32,59,60,42,71,0],"gold":155,"neow_bonus":"TEN_PERCENT_HP_BONUS","is_prod":false,"is_daily":false,"chose_seed":false,"campfire_upgraded":4,"win_rate":0,"timestamp":1559790509,"path_taken":["M","M","?","M","M","R","E","R","T","R","M","?","R","$","R","BOSS","M","M","M","$","?","E","?","E","T","?","E","R","?","?","R","BOSS"],"build_version":"2019-01-23","purchased_purges":1,"victory":false,"max_hp_per_floor":[88,88,93,93,93,93,93,93,93,93,93,93,93,93,93,93,93,93,93,93,93,93,93,93,93,93,93,93,93,93,98,98,98],"card_choices":[{"not_picked":["Sentinel","Iron Wave"],"picked":"Spot Weakness","floor":1},{"not_picked":["Clothesline","Shrug It Off"],"picked":"Pommel Strike","floor":2},{"not_picked":["Pummel","Sever Soul","Havoc"],"picked":"SKIP","floor":4},{"not_picked":["Armaments","Anger"],"picked":"Dropkick","floor":5},{"not_picked":["Twin Strike","Reckless Charge"],"picked":"Flame Barrier","floor":7},{"not_picked":["Ghostly Armor","Clothesline"],"picked":"Bloodletting","floor":11},{"not_picked":["Exhume","Bludgeon"],"picked":"Immolate","floor":16},{"not_picked":["Anger","Ghostly Armor","True Grit"],"picked":"SKIP","floor":18},{"not_picked":["Twin Strike","Flame Barrier"],"picked":"Flex","floor":19},{"not_picked":["Ghostly Armor","Corruption+1"],"picked":"Inflame","floor":20},{"not_picked":["Pummel","Feel No Pain","Perfected Strike"],"picked":"SKIP","floor":23},{"not_picked":["Inflame+1","Sword Boomerang"],"picked":"Searing Blow","floor":25},{"not_picked":["Rampage","Headbutt+1","Perfected Strike+1"],"picked":"SKIP","floor":28},{"not_picked":["Combust","True Grit","Body Slam"],"picked":"SKIP","floor":30}],"player_experience":537133,"relics_obtained":[{"floor":7,"key":"Anchor"},{"floor":9,"key":"Vajra"},{"floor":23,"key":"PreservedInsect"},{"floor":25,"key":"Art of War"},{"floor":26,"key":"Self Forming Clay"},{"floor":28,"key":"Bottled Lightning"}],"event_choices":[{"damage_healed":0,"gold_gain":0,"player_choice":"Donut","damage_taken":0,"max_hp_gain":5,"max_hp_loss":0,"event_name":"Big Fish","floor":3,"gold_loss":0},{"damage_healed":0,"gold_gain":75,"player_choice":"Gather Gold","damage_taken":11,"max_hp_gain":0,"max_hp_loss":0,"event_name":"World of Goop","floor":12,"gold_loss":0},{"damage_healed":0,"gold_gain":0,"player_choice":"Simplicity","damage_taken":0,"max_hp_gain":0,"max_hp_loss":0,"event_name":"Back to Basics","floor":22,"gold_loss":0,"cards_upgraded":["Strike_R","Strike_R","Strike_R","Strike_R","Defend_R","Defend_R","Defend_R","Defend_R"]},{"damage_healed":0,"gold_gain":0,"player_choice":"Obtained Relic","damage_taken":0,"relics_obtained":["Happy Flower"],"max_hp_gain":0,"max_hp_loss":0,"event_name":"Addict","floor":24,"gold_loss":85},{"damage_healed":0,"gold_gain":0,"cards_transformed":["Strike_R"],"player_choice":"Transformed","damage_taken":0,"max_hp_gain":0,"max_hp_loss":0,"event_name":"Transmorgrifier","floor":27,"gold_loss":0,"cards_obtained":["Sever Soul"]},{"damage_healed":0,"gold_gain":0,"player_choice":"Shed Blood","damage_taken":23,"max_hp_gain":5,"max_hp_loss":0,"event_name":"Forgotten Altar","floor":31,"gold_loss":0}],"is_beta":false,"boss_relics":[{"not_picked":["Runic Dome","Runic Cube"],"picked":"Fusion Hammer"}],"items_purged_floors":[21],"is_endless":false,"potions_floor_spawned":[1,2,4,11,18,20,30],"killed_by":"Automaton","ascension_level":4}