{"gold_per_floor":[217,27,27,51,72,72,93,106,131,131,169,41,74,74,74,172,172,195,95,120,120,120,120,145,145,171,171,191,216,216,270,270,369,369,382,39,89,89],"floor_reached":38,"playtime":1451,"items_purged":["Strike_G","Strike_G","Strike_G"],"score":914,"play_id":"6c6d494d-3eef-4ea4-9c7a-707dd28a0446","local_time":"20190702001118","is_ascension_mode":true,"campfire_choices":[{"data":"Apotheosis","floor":6.0,"key":"SMITH"},{"floor":15.0,"key":"REST"},{"data":"Calculated Gamble","floor":23.0,"key":"SMITH"},{"data":"Tactician","floor":25.0,"key":"SMITH"},{"floor":27.0,"key":"REST"},{"floor":32.0,"key":"RECALL"}],"neow_cost":"NONE","seed_source_timestamp":25550823535167,"circlet_count":0,"master_deck":["AscendersBane","Defend_G","Defend_G","Defend_G","Defend_G","Defend_G","Strike_G","Survivor","Neutralize","Bane","Apotheosis+1","Poisoned Stab","A Thousand Cuts","Acrobatics+1","Masterful Stab","Blade Dance","After Image","Well Laid Plans","Calculated Gamble+1","Catalyst","Tactician+1","PiercingWail","Escape Plan"],"special_seed":0,"relics":["Ring of the Snake","Golden Idol","Snake Skull","Pen Nib","Ancient Tea Set","Orrery","Oddly Smooth Stone","Cursed Key","OrangePellets"],"potions_floor_usage":[],"damage_taken":[{"damage":6.0,"enemies":"Small Slimes","floor":1.0,"turns":5.0},{"damage":1.0,"enemies":"2 Louse","floor":4.0,"turns":3.0},{"damage":4.0,"enemies":"Jaw Worm","floor":5.0,"turns":4.0},{"damage":0.0,"enemies":"Blue Slaver","floor":7.0,"turns":4.0},{"damage":2.0,"enemies":"Red Slaver","floor":8.0,"turns":4.0},{"damage":27.0,"enemies":"3 Sentries","floor":11.0,"turns":13.0},{"damage":1.0,"enemies":"Gremlin Nob","floor":13.0,"turns":3.0},{"damage":0.0,"enemies":"Slime Boss","floor":16.0,"turns":5.0},{"damage":15.0,"enemies":"Spheric Guardian","floor":18.0,"turns":8.0},{"damage":0.0,"enemies":"3 Byrds","floor":20.0,"turns":4.0},{"damage":11.0,"enemies":"Snake Plant","floor":24.0,"turns":4.0},{"damage":5.0,"enemies":"Centurion and Healer","floor":28.0,"turns":6.0},{"damage":29.0,"enemies":"Cultist and Chosen","floor":29.0,"turns":4.0},{"damage":2.0,"enemies":"Automaton","floor":33.0,"turns":10.0},{"damage":9.0,"enemies":"3 Shapes","floor":35.0,"turns":5.0},{"damage":17,"enemies":"3 Darklings","floor":38,"turns":3}],"seed_played":"418557479503848203","potions_obtained":[{"floor":7.0,"key":"LiquidBronze"},{"floor":8.0,"key":"SteroidPotion"},{"floor":16.0,"key":"Swift Potion"},{"floor":24.0,"key":"SkillPotion"}],"is_trial":false,"path_per_floor":["M","$","?","M","M","R","M","M","T","?","E","$","E","$","R","B",null,"M","$","M","?","?","R","M","R","T","R","M","M","?","T","R","B",null,"M","$","?","M"],"character_chosen":"THE_SILENT","items_purchased":["Apotheosis","SpeedPotion","OrangePellets"],"campfire_rested":2,"item_purchase_floors":[2,12,36],"current_hp_per_floor":[53,53,53,52,48,48,48,46,46,39,12,12,11,11,29,29,52,37,37,37,37,37,37,26,26,26,44,39,10,22,22,22,20,50,41,41,35,18],"gold":89,"neow_bonus":"HUNDRED_GOLD","is_prod":false,"is_daily":false,"chose_seed":false,"campfire_upgraded":3,"win_rate":0,"timestamp":1561997478,"path_taken":["M","$","?","M","M","R","M","M","T","?","E","$","E","?","R","BOSS","M","$","M","?","?","R","M","R","T","R","?","M","?","?","R","BOSS","M","$","?","?"],"build_version":"2019-01-23","purchased_purges":3,"victory":false,"max_hp_per_floor":[66,66,60,60,60,60,60,60,60,60,60,60,60,60,60,60,60,60,60,60,60,60,60,60,60,60,60,60,60,60,60,60,60,60,60,60,60,60],"card_choices":[{"not_picked":["Poisoned Stab","Prepared"],"picked":"Bane","floor":1.0},{"not_picked":["Heel Hook","PiercingWail","Backflip"],"picked":"SKIP","floor":4.0},{"not_picked":["Deflect","Masterful Stab"],"picked":"Poisoned Stab","floor":5.0},{"not_picked":["Heel Hook","Dagger Spray"],"picked":"A Thousand Cuts","floor":7.0},{"not_picked":["Choke","Dagger Throw"],"picked":"Acrobatics","floor":8.0},{"not_picked":["Terror","Dagger Throw"],"picked":"Masterful Stab","floor":11.0},{"not_picked":["Prepared","Unload"],"picked":"Blade Dance","floor":13.0},{"not_picked":["Storm of Steel","Phantasmal Killer"],"picked":"After Image","floor":16.0},{"not_picked":["Quick Slash","Expertise"],"picked":"Well Laid Plans","floor":17.0},{"not_picked":["Well Laid Plans","Eviscerate"],"picked":"Calculated Gamble","floor":17.0},{"not_picked":["Eviscerate","Finisher"],"picked":"Catalyst","floor":17.0},{"not_picked":["Dagger Throw","Poisoned Stab"],"picked":"Tactician","floor":17.0},{"not_picked":["Poisoned Stab","Quick Slash+1","Dagger Spray"],"picked":"SKIP","floor":18.0},{"not_picked":["Wraith Form v2","Slice"],"picked":"PiercingWail","floor":20.0},{"not_picked":["Acrobatics","Prepared"],"picked":"Escape Plan","floor":24.0},{"not_picked":["Acrobatics","Cloak And Dagger","Bane"],"picked":"SKIP","floor":28.0},{"not_picked":["Prepared","Catalyst","Setup"],"picked":"SKIP","floor":29.0},{"not_picked":["Tactician","Accuracy","Slice"],"picked":"SKIP","floor":35.0}],"player_experience":1029488,"relics_obtained":[{"floor":9.0,"key":"Snake Skull"},{"floor":11.0,"key":"Pen Nib"},{"floor":13.0,"key":"Ancient Tea Set"},{"floor":31.0,"key":"Oddly Smooth Stone"}],"event_choices":[{"damage_healed":0.0,"max_hp_gain":0.0,"max_hp_loss":6.0,"gold_gain":0.0,"event_name":"Golden Idol","player_choice":"Lose Max HP","floor":3.0,"gold_loss":0.0,"damage_taken":0.0,"relics_obtained":["Golden Idol"]},{"cards_removed":["Strike_G"],"damage_healed":0.0,"max_hp_gain":0.0,"max_hp_loss":0.0,"gold_gain":0.0,"event_name":"Golden Wing","player_choice":"Card Removal","floor":10.0,"gold_loss":0.0,"damage_taken":7.0},{"damage_healed":0.0,"max_hp_gain":0.0,"max_hp_loss":0.0,"gold_gain":0.0,"event_name":"Cursed Tome","player_choice":"Ignored","floor":21.0,"gold_loss":0.0,"damage_taken":0.0},{"damage_healed":0.0,"max_hp_gain":0.0,"max_hp_loss":0.0,"gold_gain":0.0,"event_name":"Upgrade Shrine","player_choice":"Upgraded","floor":22.0,"gold_loss":0.0,"damage_taken":0.0,"cards_upgraded":["Acrobatics"]},{"damage_healed":12.0,"max_hp_gain":0.0,"max_hp_loss":0.0,"gold_gain":0.0,"event_name":"The Library","player_choice":"Heal","floor":30.0,"gold_loss":0.0,"damage_taken":0.0},{"damage_healed":0.0,"max_hp_gain":0.0,"max_hp_loss":0.0,"gold_gain":50.0,"event_name":"FaceTrader","player_choice":"Touch","floor":37.0,"gold_loss":0.0,"damage_taken":6.0}],"is_beta":false,"boss_relics":[{"not_picked":["Pandora\u0027s Box","Black Star"],"picked":"Orrery"},{"not_picked":["Calling Bell","Coffee Dripper"],"picked":"Cursed Key"}],"items_purged_floors":[12,19,36],"is_endless":false,"potions_floor_spawned":[7,8,16,24],"killed_by":"3 Darklings","ascension_level":20}