{"gold_per_floor":[114,133,151,169,9,35,35,68,141,161,174,174,74,86,86,186,186,205,220,234,249,53,83,83,83,135,135,135,147,162,162],"floor_reached":31,"playtime":3468,"items_purged":["Defend_B","Strike_B"],"score":282,"play_id":"1bd1449d-8374-4b0a-ae18-44e6d6ab800e","local_time":"20190317075505","is_ascension_mode":true,"campfire_choices":[{"floor":7,"key":"REST"},{"floor":12,"key":"REST"},{"floor":15,"key":"RECALL"},{"data":"Echo Form","floor":24,"key":"SMITH"}],"neow_cost":"NONE","seed_source_timestamp":254614335768300,"circlet_count":0,"master_deck":["Strike_B","Strike_B","Strike_B","Defend_B","Defend_B","Defend_B","Zap","Dualcast","Chill","Cold Snap","Streamline","Rebound","Loop","Rebound","Turbo","Conserve Battery","Beam Cell","Streamline","Self Repair","Echo Form+1","Undo"],"relics":["Cracked Core","Lantern","Dream Catcher","Gambling Chip","Odd Mushroom","Lizard Tail","Lee\u0027s Waffle","Regal Pillow","Bag of Marbles","MutagenicStrength"],"potions_floor_usage":[16,16,21,30,31],"damage_taken":[{"damage":0,"enemies":"2 Louse","floor":1,"turns":2},{"damage":0,"enemies":"Small Slimes","floor":2,"turns":3},{"damage":0,"enemies":"Cultist","floor":3,"turns":4},{"damage":1,"enemies":"Looter","floor":4,"turns":3},{"damage":14,"enemies":"Gremlin Nob","floor":6,"turns":3},{"damage":15,"enemies":"3 Sentries","floor":8,"turns":10},{"damage":18,"enemies":"The Mushroom Lair","floor":10,"turns":4},{"damage":3,"enemies":"2 Fungi Beasts","floor":11,"turns":2},{"damage":8,"enemies":"Blue Slaver","floor":14,"turns":3},{"damage":25,"enemies":"Slime Boss","floor":16,"turns":7},{"damage":58,"enemies":"3 Byrds","floor":18,"turns":8},{"damage":7,"enemies":"Chosen","floor":19,"turns":6},{"damage":28,"enemies":"Snake Plant","floor":20,"turns":5},{"damage":25,"enemies":"Centurion and Healer","floor":21,"turns":6},{"damage":22,"enemies":"Gremlin Leader","floor":23,"turns":9},{"damage":30,"enemies":"Sentry and Sphere","floor":29,"turns":4},{"damage":54,"enemies":"Snake Plant","floor":30,"turns":5},{"damage":17,"enemies":"3 Cultists","floor":31,"turns":4}],"seed_played":"-2805978522646601718","potions_obtained":[{"floor":1,"key":"FearPotion"},{"floor":3,"key":"SteroidPotion"},{"floor":10,"key":"PowerPotion"},{"floor":16,"key":"FearPotion"},{"floor":18,"key":"SteroidPotion"},{"floor":20,"key":"EssenceOfSteel"},{"floor":21,"key":"Swift Potion"},{"floor":30,"key":"Dexterity Potion"}],"is_trial":false,"path_per_floor":["M","M","M","M","$","E","R","E","T","?","M","R","$","M","R","B",null,"M","M","M","M","$","E","R","?","T","?","?","M","M","M"],"character_chosen":"DEFECT","items_purchased":["Loop","Rebound","Lee\u0027s Waffle"],"campfire_rested":2,"item_purchase_floors":[5,5,22],"current_hp_per_floor":[75,75,75,74,74,60,75,60,60,42,39,61,61,60,60,42,75,24,24,44,33,82,74,74,82,82,82,82,59,12,0],"gold":162,"neow_bonus":"RANDOM_COMMON_RELIC","is_prod":false,"is_daily":false,"chose_seed":false,"campfire_upgraded":1,"win_rate":0,"timestamp":1552834505,"path_taken":["M","M","M","M","$","E","R","E","T","?","M","R","$","M","R","BOSS","M","M","M","M","$","E","R","?","T","?","?","M","?","M"],"build_version":"2019-01-23","purchased_purges":2,"victory":false,"max_hp_per_floor":[75,75,75,75,75,75,75,75,75,75,75,75,75,75,75,75,75,75,75,75,75,82,82,82,82,82,82,82,82,82,82],"card_choices":[{"not_picked":["Aggregate","Hologram"],"picked":"Chill","floor":1},{"not_picked":["Storm","Ball Lightning"],"picked":"Cold Snap","floor":2},{"not_picked":["Beam Cell","Barrage"],"picked":"Streamline","floor":3},{"not_picked":["Conserve Battery","Beam Cell"],"picked":"Rebound","floor":4},{"not_picked":["BootSequence","Sweeping Beam"],"picked":"Turbo","floor":6},{"not_picked":["Force Field","Hello World"],"picked":"Conserve Battery","floor":7},{"not_picked":["Ball Lightning","Consume"],"picked":"Beam Cell","floor":8},{"not_picked":["Defragment","Coolheaded"],"picked":"Streamline","floor":10},{"not_picked":["Stack","Darkness"],"picked":"Self Repair","floor":11},{"not_picked":["Streamline","Defragment"],"picked":"Echo Form","floor":14},{"not_picked":["Cold Snap","Streamline","Lockon+1"],"picked":"SKIP","floor":18},{"not_picked":["Glacier","Cold Snap","Leap"],"picked":"SKIP","floor":19},{"not_picked":["Hologram","Barrage","Conserve Battery"],"picked":"SKIP","floor":20},{"not_picked":["Coolheaded","Compile Driver+1","Amplify"],"picked":"SKIP","floor":21},{"not_picked":["Ball Lightning+1","Hologram","Turbo"],"picked":"SKIP","floor":23},{"not_picked":["Go for the Eyes","Rebound","Chaos"],"picked":"SKIP","floor":29},{"not_picked":["Turbo","Gash"],"picked":"Undo","floor":30}],"player_experience":326787,"relics_obtained":[{"floor":6,"key":"Dream Catcher"},{"floor":8,"key":"Gambling Chip"},{"floor":10,"key":"Odd Mushroom"},{"floor":23,"key":"Regal Pillow"},{"floor":26,"key":"Bag of Marbles"}],"event_choices":[{"damage_healed":0,"gold_gain":0,"player_choice":"Fought Mushrooms","damage_taken":0,"max_hp_gain":0,"max_hp_loss":0,"event_name":"Mushrooms","floor":10,"gold_loss":0},{"damage_healed":27,"gold_gain":0,"player_choice":"Heal","damage_taken":0,"max_hp_gain":0,"max_hp_loss":0,"event_name":"The Library","floor":25,"gold_loss":0},{"damage_healed":0,"gold_gain":0,"player_choice":"Inject Mutagens","damage_taken":0,"relics_obtained":["MutagenicStrength"],"max_hp_gain":0,"max_hp_loss":0,"event_name":"Drug Dealer","floor":27,"gold_loss":0},{"damage_healed":0,"gold_gain":0,"player_choice":"Bought 0 Potions","damage_taken":0,"max_hp_gain":0,"max_hp_loss":0,"event_name":"The Woman in Blue","floor":28,"gold_loss":0}],"is_beta":false,"boss_relics":[{"not_picked":["Coffee Dripper","Ectoplasm"],"picked":"Lizard Tail"}],"items_purged_floors":[5,13],"is_endless":false,"potions_floor_spawned":[1,3,10,11,16,18,20,21,30],"killed_by":"3 Cultists","ascension_level":1}