{"gold_per_floor":[117,38,52,78,78,106,106,137,161,161,181,199,209,239,239,338,338,354,370,370,15,15,48,48,147,171,110,110,141,141,66,66,66],"floor_reached":33,"playtime":1970,"items_purged":[],"score":359,"play_id":"ac38cac8-9699-4f39-b8ae-975092d728e9","local_time":"20190731193651","is_ascension_mode":true,"campfire_choices":[{"floor":7,"key":"REST"},{"floor":15,"key":"REST"},{"data":"Dodge and Roll","floor":24,"key":"SMITH"},{"data":"Mind Blast","floor":28,"key":"SMITH"},{"floor":30,"key":"REST"},{"floor":32,"key":"REST"}],"neow_cost":"NONE","seed_source_timestamp":334154968493500,"circlet_count":0,"master_deck":["Strike_G","Strike_G","Strike_G","Strike_G","Strike_G","Defend_G","Defend_G","Defend_G","Defend_G","Defend_G","Survivor","Neutralize","Noxious Fumes","Dagger Throw","Sucker Punch+1","Quick Slash","Acrobatics","Distraction","Dodge and Roll+1","Finisher","Caltrops","Corpse Explosion","Crippling Poison","Sadistic Nature","Swift Strike","Footwork","Mind Blast+1","Doppelganger","Outmaneuver","Flying Knee"],"relics":["Ring of the Snake","Strawberry","Ice Cream","Mercury Hourglass","Oddly Smooth Stone","Dream Catcher","Runic Pyramid","Omamori","Membership Card","Blood Vial","Boot","FossilizedHelix","Art of War"],"potions_floor_usage":[6,14,23,33,33],"damage_taken":[{"damage":6,"enemies":"Cultist","floor":1,"turns":4},{"damage":0,"enemies":"Small Slimes","floor":3,"turns":4},{"damage":45,"enemies":"Gremlin Nob","floor":6,"turns":5},{"damage":22,"enemies":"Lagavulin","floor":8,"turns":7},{"damage":0,"enemies":"2 Louse","floor":11,"turns":2},{"damage":3,"enemies":"Blue Slaver","floor":12,"turns":3},{"damage":0,"enemies":"2 Fungi Beasts","floor":13,"turns":4},{"damage":7,"enemies":"Gremlin Nob","floor":14,"turns":4},{"damage":24,"enemies":"The Guardian","floor":16,"turns":11},{"damage":27,"enemies":"Spheric Guardian","floor":18,"turns":6},{"damage":0,"enemies":"3 Byrds","floor":19,"turns":2},{"damage":22,"enemies":"Slavers","floor":23,"turns":3},{"damage":57,"enemies":"Gremlin Leader","floor":29,"turns":6},{"damage":60,"enemies":"Collector","floor":33,"turns":8}],"seed_played":"4759653963480113703","potions_obtained":[{"floor":3,"key":"Poison Potion"},{"floor":8,"key":"SteroidPotion"},{"floor":14,"key":"GhostInAJar"},{"floor":16,"key":"SteroidPotion"},{"floor":29,"key":"LiquidBronze"}],"is_trial":false,"path_per_floor":["M","$","M","T","?","E","R","E","T","?","M","M","M","E","R","B",null,"M","M","?","$","?","E","R","?","T","$","R","E","R","$","R","B"],"character_chosen":"THE_SILENT","items_purchased":["Noxious Fumes","Membership Card","Crippling Poison","Sadistic Nature","Swift Strike","Footwork","Mind Blast","Art of War"],"campfire_rested":4,"item_purchase_floors":[2,21,21,21,21,27,27,31],"current_hp_per_floor":[71,71,71,78,78,33,58,36,36,36,36,33,33,26,51,27,84,57,57,57,57,84,62,62,62,62,62,62,7,32,32,57,0],"gold":66,"neow_bonus":"TEN_PERCENT_HP_BONUS","is_prod":false,"is_daily":false,"chose_seed":false,"campfire_upgraded":2,"win_rate":0,"timestamp":1564627011,"path_taken":["M","$","?","?","?","E","R","E","T","?","M","M","M","E","R","BOSS","M","M","?","$","?","E","R","?","T","$","R","E","R","$","R","BOSS"],"build_version":"2019-07-17","purchased_purges":0,"victory":false,"max_hp_per_floor":[77,77,77,84,84,84,84,84,84,84,84,84,84,84,84,84,84,84,84,84,84,84,84,84,84,84,84,84,84,84,84,84,84],"card_choices":[{"not_picked":["PiercingWail","Reflex","Deflect"],"picked":"SKIP","floor":1},{"not_picked":["PiercingWail","Cloak And Dagger"],"picked":"Dagger Throw","floor":3},{"not_picked":["Blade Dance","All Out Attack"],"picked":"Sucker Punch","floor":6},{"not_picked":["Deadly Poison","Outmaneuver"],"picked":"Quick Slash","floor":8},{"not_picked":["Sucker Punch","Night Terror"],"picked":"Acrobatics","floor":11},{"not_picked":["Dagger Throw","Backflip"],"picked":"Distraction","floor":12},{"not_picked":["Dagger Throw","Dagger Spray"],"picked":"Dodge and Roll","floor":13},{"not_picked":["Flying Knee","Cloak And Dagger"],"picked":"Finisher","floor":14},{"not_picked":["Underhanded Strike","Finisher"],"picked":"Caltrops","floor":15},{"not_picked":["Grand Finale","After Image"],"picked":"Corpse Explosion","floor":16},{"not_picked":["PiercingWail","Dagger Spray","Bouncing Flask"],"picked":"SKIP","floor":18},{"not_picked":["Sucker Punch","Deadly Poison","Quick Slash"],"picked":"SKIP","floor":19},{"not_picked":["Blade Dance","Flying Knee+1","Choke+1"],"picked":"SKIP","floor":23},{"not_picked":["Dodge and Roll","Dagger Spray"],"picked":"Doppelganger","floor":29},{"not_picked":["Quick Slash","Blade Dance"],"picked":"Outmaneuver","floor":30},{"not_picked":["Outmaneuver","Riddle With Holes"],"picked":"Flying Knee","floor":32}],"player_experience":813397,"relics_obtained":[{"floor":4,"key":"Strawberry"},{"floor":6,"key":"Ice Cream"},{"floor":8,"key":"Mercury Hourglass"},{"floor":9,"key":"Oddly Smooth Stone"},{"floor":14,"key":"Dream Catcher"},{"floor":23,"key":"Blood Vial"},{"floor":26,"key":"Boot"},{"floor":29,"key":"FossilizedHelix"}],"event_choices":[{"damage_healed":0,"gold_gain":0,"player_choice":"Ignored","damage_taken":0,"max_hp_gain":0,"max_hp_loss":0,"event_name":"Golden Wing","floor":5,"gold_loss":0},{"damage_healed":0,"gold_gain":0,"player_choice":"Grow","damage_taken":0,"max_hp_gain":0,"max_hp_loss":0,"event_name":"Living Wall","floor":10,"gold_loss":0,"cards_upgraded":["Sucker Punch"]},{"damage_healed":0,"gold_gain":0,"player_choice":"Opened","damage_taken":0,"relics_obtained":["Omamori"],"max_hp_gain":0,"max_hp_loss":0,"event_name":"The Mausoleum","floor":20,"gold_loss":0},{"damage_healed":28,"gold_gain":0,"player_choice":"Heal","damage_taken":0,"max_hp_gain":0,"max_hp_loss":0,"event_name":"The Library","floor":22,"gold_loss":0},{"damage_healed":0,"gold_gain":99,"player_choice":"Stole From Cult","damage_taken":0,"max_hp_gain":0,"max_hp_loss":0,"event_name":"Nest","floor":25,"gold_loss":0}],"is_beta":false,"boss_relics":[{"not_picked":["Busted Crown","Velvet Choker"],"picked":"Runic Pyramid"}],"items_purged_floors":[],"is_endless":false,"potions_floor_spawned":[3,8,14,16,29],"killed_by":"Collector","ascension_level":4}