{"gold_per_floor":[416,98,98,118,138,138,154,167,242,242,142,142,157,177,177,253,253,273,284,284,300,312,312,108,142,142,142,161,161,193,210,210,287,287,306,306,306,156,156,156,156,166,215,245,23,34,60,73,73,73,73,73,73,18,46,46],"floor_reached":57,"playtime":3680,"items_purged":["Strike_G","Strike_G","Strike_G","Defend_G+1"],"score":3463,"play_id":"b402ff3e-b048-41b9-8c91-694102b10c11","local_time":"20190807175551","is_ascension_mode":true,"campfire_choices":[{"data":"Tactician","floor":6.0,"key":"SMITH"},{"data":"Acrobatics","floor":10.0,"key":"SMITH"},{"data":"Deadly Poison","floor":15.0,"key":"SMITH"},{"data":"Prepared","floor":23,"key":"SMITH"},{"data":"Catalyst","floor":29,"key":"SMITH"},{"data":"Reflex","floor":32,"key":"SMITH"},{"floor":49,"key":"RECALL"},{"data":"Panache","floor":53,"key":"SMITH"}],"neow_cost":"TEN_PERCENT_HP_LOSS","seed_source_timestamp":323467098099796,"circlet_count":0,"master_deck":["AscendersBane","Defend_G+1","Defend_G+1","Survivor+1","Neutralize+1","Deadly Poison+1","Acrobatics+1","Tactician+1","PiercingWail+1","Reflex+1","Backflip+1","Prepared+1","Escape Plan+1","Catalyst+1","Footwork+1","Panache+1"],"special_seed":0,"relics":["Ring of the Snake","Old Coin","TheAbacus","Tough Bandages","Coffee Dripper","Lantern","Ice Cream","Sundial","Empty Cage","Mark of the Bloom","Whetstone","Mercury Hourglass","Medical Kit","Gambling Chip","Nunchaku"],"potions_floor_usage":[21,30,47,56,56],"damage_taken":[{"damage":2.0,"enemies":"Jaw Worm","floor":1.0,"turns":6.0},{"damage":6.0,"enemies":"2 Louse","floor":4.0,"turns":5.0},{"damage":0.0,"enemies":"Cultist","floor":5.0,"turns":4.0},{"damage":2.0,"enemies":"Blue Slaver","floor":7.0,"turns":5.0},{"damage":0.0,"enemies":"2 Fungi Beasts","floor":8.0,"turns":5.0},{"damage":0.0,"enemies":"3 Louse","floor":13.0,"turns":4.0},{"damage":0.0,"enemies":"Looter","floor":14.0,"turns":4.0},{"damage":0.0,"enemies":"The Guardian","floor":16.0,"turns":9.0},{"damage":7.0,"enemies":"Chosen","floor":18.0,"turns":6.0},{"damage":4.0,"enemies":"Shell Parasite","floor":19.0,"turns":6.0},{"damage":19,"enemies":"Sentry and Sphere","floor":21,"turns":5},{"damage":6,"enemies":"Snecko","floor":22,"turns":11},{"damage":0,"enemies":"Book of Stabbing","floor":25,"turns":7},{"damage":0,"enemies":"Snake Plant","floor":28,"turns":3},{"damage":0,"enemies":"Gremlin Leader","floor":30,"turns":5},{"damage":0,"enemies":"3 Cultists","floor":31,"turns":5},{"damage":0,"enemies":"Automaton","floor":33,"turns":5},{"damage":0,"enemies":"Orb Walker","floor":35,"turns":2},{"damage":0,"enemies":"3 Darklings","floor":42,"turns":1},{"damage":0,"enemies":"Nemesis","floor":44,"turns":3},{"damage":0,"enemies":"Spire Growth","floor":46,"turns":3},{"damage":0,"enemies":"Reptomancer","floor":47,"turns":2},{"damage":0,"enemies":"Transient","floor":48,"turns":6},{"damage":0,"enemies":"Donu and Deca","floor":50,"turns":2},{"damage":0,"enemies":"Time Eater","floor":51,"turns":11},{"damage":0,"enemies":"Shield and Spear","floor":55,"turns":1},{"damage":38,"enemies":"The Heart","floor":56,"turns":7}],"seed_played":"-2031968323551798885","potions_obtained":[{"floor":1.0,"key":"Poison Potion"},{"floor":8.0,"key":"FearPotion"},{"floor":14.0,"key":"GamblersBrew"},{"floor":16.0,"key":"GamblersBrew"},{"floor":28,"key":"Swift Potion"},{"floor":30,"key":"Explosive Potion"},{"floor":46,"key":"SkillPotion"}],"is_trial":false,"path_per_floor":["M","$","?","M","M","R","M","M","T","R","$","?","M","M","R","B",null,"M","M","?","M","M","R","$","E","T","?","M","R","E","M","R","B",null,"M","?","?","$","?","$","T","M","T","E","$","M","E","M","R","B","B",null,"R","$","E","B",null],"character_chosen":"THE_SILENT","items_purchased":["TheAbacus","Deadly Poison","Escape Plan","Medical Kit","Energy Potion"],"campfire_rested":0,"item_purchase_floors":[2,2,24,45,54],"current_hp_per_floor":[57,57,22,16,16,16,14,14,14,14,14,14,14,14,14,14,49,42,38,38,19,13,13,13,13,13,13,13,13,13,13,13,13,48,48,48,48,48,48,48,48,48,48,48,48,48,48,48,48,48,48,48,48,48,48,10],"gold":46,"neow_bonus":"ONE_RARE_RELIC","is_prod":false,"is_daily":false,"chose_seed":false,"campfire_upgraded":7,"win_rate":0,"timestamp":1565171751,"path_taken":["M","$","?","M","M","R","M","M","T","R","$","?","?","M","R","BOSS","M","M","?","M","M","R","$","E","T","?","M","R","E","M","R","BOSS","M","?","?","$","?","$","?","?","T","E","?","M","E","M","R","BOSS","BOSS","R","$","E","BOSS"],"build_version":"2019-07-17","purchased_purges":4,"victory":true,"max_hp_per_floor":[60,60,60,60,60,60,60,60,60,60,60,60,60,60,60,60,60,60,60,60,60,60,60,60,60,60,60,60,60,60,60,60,60,60,60,60,57,57,57,57,57,57,57,57,57,57,57,57,57,57,57,57,57,57,57,57],"card_choices":[{"not_picked":["Eviscerate","Dagger Spray","Infinite Blades"],"picked":"SKIP","floor":1.0},{"not_picked":["Backstab","Expertise"],"picked":"Acrobatics","floor":4.0},{"not_picked":["Backflip","Deadly Poison"],"picked":"Tactician","floor":5.0},{"not_picked":["Cloak And Dagger","Underhanded Strike"],"picked":"PiercingWail","floor":7.0},{"not_picked":["Bane","Blur","Underhanded Strike"],"picked":"SKIP","floor":8.0},{"not_picked":["Reflex","A Thousand Cuts","Bane"],"picked":"SKIP","floor":13.0},{"not_picked":["A Thousand Cuts","Bane"],"picked":"Reflex","floor":13.0},{"not_picked":["PiercingWail","Prepared"],"picked":"Backflip","floor":14.0},{"not_picked":["PiercingWail","Poisoned Stab","Bane"],"picked":"SKIP","floor":18.0},{"not_picked":["Deflect","Poisoned Stab","Sucker Punch"],"picked":"SKIP","floor":19.0},{"not_picked":["Sucker Punch","Endless Agony"],"picked":"Prepared","floor":21},{"not_picked":["Dagger Spray","Sucker Punch","Masterful Stab"],"picked":"SKIP","floor":22},{"not_picked":["Tactician","Underhanded Strike"],"picked":"Catalyst","floor":25},{"not_picked":["Deadly Poison","Prepared","Quick Slash"],"picked":"SKIP","floor":28},{"not_picked":["Prepared","Noxious Fumes","Backstab"],"picked":"SKIP","floor":30},{"not_picked":["Dagger Spray","After Image","Bane"],"picked":"SKIP","floor":31},{"not_picked":["Cloak And Dagger","Outmaneuver+1"],"picked":"Footwork","floor":35},{"not_picked":["Dark Shackles","Magnetism"],"picked":"Panache","floor":39},{"not_picked":["Acrobatics","Cloak And Dagger+1","Dodge and Roll+1"],"picked":"SKIP","floor":42},{"not_picked":["Acrobatics","Cloak And Dagger+1","Dodge and Roll+1"],"picked":"SKIP","floor":42},{"not_picked":["Glass Knife","Deadly Poison","Dodge and Roll"],"picked":"SKIP","floor":44},{"not_picked":["Blade Dance","Bane+1","Flying Knee+1"],"picked":"SKIP","floor":46},{"not_picked":["Unload","Distraction","Deadly Poison"],"picked":"SKIP","floor":47},{"not_picked":["Slice","Skewer","Underhanded Strike"],"picked":"SKIP","floor":48},{"not_picked":["Poisoned Stab+1","Accuracy","Envenom"],"picked":"SKIP","floor":55}],"player_experience":1152811,"relics_obtained":[{"floor":25,"key":"Lantern"},{"floor":26,"key":"Ice Cream"},{"floor":30,"key":"Sundial"},{"floor":43,"key":"Whetstone"},{"floor":44,"key":"Mercury Hourglass"},{"floor":47,"key":"Gambling Chip"},{"floor":55,"key":"Nunchaku"}],"event_choices":[{"damage_healed":0.0,"max_hp_gain":0.0,"max_hp_loss":0.0,"gold_gain":0.0,"event_name":"Scrap Ooze","player_choice":"Success","floor":3.0,"gold_loss":0.0,"damage_taken":35.0,"relics_obtained":["Tough Bandages"]},{"cards_removed":["Defend_G"],"damage_healed":0.0,"max_hp_gain":0.0,"max_hp_loss":0.0,"gold_gain":0.0,"event_name":"Bonfire Elementals","player_choice":"Offered Basic","floor":12.0,"gold_loss":0.0,"damage_taken":0.0},{"damage_healed":0,"gold_gain":0,"player_choice":"Ignored","damage_taken":0,"max_hp_gain":0,"max_hp_loss":0,"event_name":"The Mausoleum","floor":20,"gold_loss":0},{"cards_removed":["Strike_G"],"damage_healed":0,"gold_gain":0,"player_choice":"Elegance","damage_taken":0,"max_hp_gain":0,"max_hp_loss":0,"event_name":"Back to Basics","floor":27,"gold_loss":0},{"damage_healed":0,"gold_gain":0,"player_choice":"Upgrade","damage_taken":0,"relics_obtained":["Mark of the Bloom"],"max_hp_gain":0,"max_hp_loss":0,"event_name":"MindBloom","floor":36,"gold_loss":0,"cards_upgraded":["Defend_G","Defend_G","Defend_G","Survivor","Neutralize","PiercingWail","Backflip","Escape Plan","Footwork"]},{"damage_healed":0,"gold_gain":0,"player_choice":"Max HP","damage_taken":0,"max_hp_gain":0,"max_hp_loss":3,"event_name":"Winding Halls","floor":37,"gold_loss":0},{"damage_healed":0,"gold_gain":0,"player_choice":"Memory 1","damage_taken":0,"max_hp_gain":0,"max_hp_loss":0,"event_name":"SensoryStone","floor":39,"gold_loss":0}],"is_beta":false,"boss_relics":[{"not_picked":["Tiny House","Philosopher\u0027s Stone"],"picked":"Coffee Dripper"},{"not_picked":["Orrery","Lizard Tail"],"picked":"Empty Cage"}],"items_purged_floors":[2,11,24,38],"is_endless":false,"potions_floor_spawned":[1,8,13,14,16,19,28,30,42,44,46],"ascension_level":20}