{"gold_per_floor":[18,18,18,38,54,54,69,69,69,69,69,69,104,124,124,124],"floor_reached":16,"playtime":1076,"items_purged":[],"score":120,"play_id":"93138da3-1d98-4a5c-9d1a-bbfdcad4cbb0","local_time":"20190731114249","is_ascension_mode":true,"campfire_choices":[{"data":"Calculated Gamble","floor":6,"key":"SMITH"},{"data":"Blade Dance","floor":8,"key":"SMITH"},{"data":"Defend_G","floor":12,"key":"SMITH"},{"data":"Footwork","floor":15,"key":"SMITH"}],"neow_cost":"NO_GOLD","seed_source_timestamp":306608218256400,"circlet_count":0,"master_deck":["Strike_G","Strike_G","Strike_G","Strike_G","Strike_G","Defend_G","Defend_G","Defend_G","Defend_G","Defend_G+1","Survivor+1","Neutralize+1","After Image","Flying Knee","Calculated Gamble+1","Blade Dance+1","Backflip","Footwork+1"],"relics":["Ring of the Snake","Letter Opener","Gremlin Horn"],"potions_floor_usage":[13,13,16],"damage_taken":[{"damage":0,"enemies":"Cultist","floor":1,"turns":4},{"damage":3,"enemies":"Jaw Worm","floor":4,"turns":5},{"damage":0,"enemies":"Small Slimes","floor":5,"turns":4},{"damage":6,"enemies":"Blue Slaver","floor":7,"turns":5},{"damage":6,"enemies":"Lagavulin","floor":13,"turns":8},{"damage":0,"enemies":"2 Fungi Beasts","floor":14,"turns":3},{"damage":68,"enemies":"Hexaghost","floor":16,"turns":17}],"seed_played":"-298966539643921960","potions_obtained":[{"floor":4,"key":"Regen Potion"},{"floor":7,"key":"LiquidBronze"},{"floor":13,"key":"SkillPotion"}],"is_trial":false,"path_per_floor":["M","?","$","M","M","R","M","R","T","?","?","R","E","M","R","B"],"character_chosen":"THE_SILENT","items_purchased":[],"campfire_rested":0,"item_purchase_floors":[],"current_hp_per_floor":[70,70,70,67,67,67,61,61,61,61,61,61,66,66,66,0],"gold":124,"neow_bonus":"THREE_RARE_CARDS","is_prod":false,"is_daily":false,"chose_seed":false,"campfire_upgraded":4,"win_rate":0,"timestamp":1564598569,"path_taken":["M","?","$","M","M","R","?","R","T","?","?","R","E","M","R","BOSS"],"build_version":"2019-07-17","purchased_purges":0,"victory":false,"max_hp_per_floor":[70,70,70,70,70,70,70,70,70,70,70,70,70,70,70,70],"card_choices":[{"not_picked":["Die Die Die","Corpse Explosion"],"picked":"After Image","floor":0},{"not_picked":["Dagger Throw","Choke"],"picked":"Flying Knee","floor":1},{"not_picked":["Deflect","Sucker Punch"],"picked":"Calculated Gamble","floor":4},{"not_picked":["Sucker Punch","Deadly Poison","Expertise"],"picked":"SKIP","floor":5},{"not_picked":["Venomology","Flying Knee"],"picked":"Blade Dance","floor":7},{"not_picked":["Poisoned Stab","Masterful Stab"],"picked":"Backflip","floor":13},{"not_picked":["Caltrops","Poisoned Stab"],"picked":"Footwork","floor":14}],"player_experience":809629,"relics_obtained":[{"floor":9,"key":"Letter Opener"},{"floor":13,"key":"Gremlin Horn"}],"event_choices":[{"damage_healed":0,"gold_gain":0,"player_choice":"Forge","damage_taken":0,"max_hp_gain":0,"max_hp_loss":0,"event_name":"Accursed Blacksmith","floor":2,"gold_loss":0,"cards_upgraded":["Neutralize"]},{"damage_healed":0,"gold_gain":0,"player_choice":"Grow","damage_taken":0,"max_hp_gain":0,"max_hp_loss":0,"event_name":"Living Wall","floor":10,"gold_loss":0,"cards_upgraded":["Survivor"]},{"damage_healed":0,"gold_gain":0,"player_choice":"Leave","damage_taken":0,"max_hp_gain":0,"max_hp_loss":0,"event_name":"The Cleric","floor":11,"gold_loss":0}],"is_beta":false,"boss_relics":[],"items_purged_floors":[],"is_endless":false,"potions_floor_spawned":[4,7,13],"killed_by":"Hexaghost","ascension_level":4}