{"gold_per_floor":[118,135,148,160,120,148,148,148,148,28,28],"floor_reached":11,"playtime":378,"items_purged":["Strike_R"],"score":146,"play_id":"6af79567-edd4-45c2-9253-41195b858bca","local_time":"20190504191551","is_ascension_mode":true,"campfire_choices":[{"data":"Armaments","floor":7,"key":"SMITH"}],"neow_cost":"NONE","seed_source_timestamp":1072020506202302,"circlet_count":0,"master_deck":["AscendersBane","Strike_R","Strike_R","Strike_R","Strike_R","Defend_R","Defend_R","Defend_R","Defend_R","Bash","Armaments+1","Feel No Pain","Power Through","Flex","Evolve"],"relics":["Burning Blood","NeowsBlessing","Bag of Marbles","Kunai"],"potions_floor_usage":[],"damage_taken":[{"damage":0,"enemies":"Cultist","floor":1,"turns":1},{"damage":0,"enemies":"Jaw Worm","floor":2,"turns":1},{"damage":0,"enemies":"Small Slimes","floor":3,"turns":1},{"damage":11,"enemies":"2 Fungi Beasts","floor":4,"turns":6},{"damage":7,"enemies":"Looter","floor":5,"turns":4},{"damage":19,"enemies":"3 Sentries","floor":6,"turns":17},{"damage":4,"enemies":"Lots of Slimes","floor":11,"turns":3}],"seed_played":"7947625821182085089","potions_obtained":[{"floor":3,"key":"LiquidBronze"},{"floor":4,"key":"Poison Potion"}],"is_trial":false,"path_per_floor":["M","M","M","M","M","E","R","?","T","$","M"],"character_chosen":"IRONCLAD","items_purchased":["Evolve"],"campfire_rested":0,"item_purchase_floors":[10],"current_hp_per_floor":[74,75,75,70,69,56,56,56,56,56,52],"gold":28,"neow_bonus":"THREE_ENEMY_KILL","is_prod":false,"is_daily":false,"chose_seed":false,"campfire_upgraded":1,"win_rate":0,"timestamp":1556968551,"path_taken":["M","M","M","M","?","E","R","?","T","?","M"],"build_version":"2019-01-23","purchased_purges":1,"victory":false,"max_hp_per_floor":[75,75,75,75,75,75,75,75,75,75,75],"card_choices":[{"not_picked":["Iron Wave","Twin Strike"],"picked":"Armaments","floor":1},{"not_picked":["Headbutt","Heavy Blade"],"picked":"Feel No Pain","floor":2},{"not_picked":["True Grit","Metallicize"],"picked":"Power Through","floor":3},{"not_picked":["Cleave","Wild Strike"],"picked":"Flex","floor":4},{"not_picked":["Wild Strike","Anger","Bloodletting"],"picked":"SKIP","floor":5},{"not_picked":["Searing Blow","Twin Strike","Heavy Blade"],"picked":"SKIP","floor":6}],"player_experience":818810,"relics_obtained":[{"floor":6,"key":"Bag of Marbles"},{"floor":9,"key":"Kunai"}],"event_choices":[{"damage_healed":0,"gold_gain":0,"player_choice":"0 cards matched","damage_taken":0,"max_hp_gain":0,"max_hp_loss":0,"event_name":"Match and Keep!","floor":8,"gold_loss":0,"cards_obtained":[]}],"is_beta":false,"boss_relics":[],"items_purged_floors":[10],"is_endless":false,"potions_floor_spawned":[3,4],"killed_by":"Lots of Slimes","ascension_level":20}