{"gold_per_floor":[117,132,57,71,94,94,106,106,106,165,165,179,199,213,213,306,306,325,2,2,2],"floor_reached":21,"playtime":678,"items_purged":["Strike_B","Strike_B"],"score":362,"play_id":"f6302a18-68ea-42c4-881d-c594def787bf","local_time":"20190620194720","is_ascension_mode":true,"campfire_choices":[{"data":"Coolheaded","floor":6.0,"key":"SMITH"},{"data":"Dualcast","floor":8.0,"key":"SMITH"},{"floor":15.0,"key":"REST"}],"neow_cost":"NONE","seed_source_timestamp":203062935090365,"circlet_count":0,"master_deck":["AscendersBane","Strike_B","Strike_B","Defend_B","Defend_B","Defend_B","Defend_B","Zap","Dualcast+1","Coolheaded+1","Ball Lightning","Streamline","Turbo","Electrodynamics","Loop"],"special_seed":0,"relics":["Cracked Core","NeowsBlessing","Oddly Smooth Stone","Bag of Marbles","Tiny Chest","Golden Idol","Inserter","Medical Kit","Matryoshka"],"potions_floor_usage":[],"damage_taken":[{"damage":0.0,"enemies":"Cultist","floor":1.0,"turns":1.0},{"damage":0.0,"enemies":"Jaw Worm","floor":2.0,"turns":1.0},{"damage":0.0,"enemies":"2 Louse","floor":4.0,"turns":1.0},{"damage":14.0,"enemies":"Exordium Wildlife","floor":7.0,"turns":9.0},{"damage":44.0,"enemies":"Gremlin Nob","floor":10.0,"turns":4.0},{"damage":2.0,"enemies":"Lots of Slimes","floor":12.0,"turns":3.0},{"damage":0.0,"enemies":"2 Fungi Beasts","floor":13.0,"turns":2.0},{"damage":0.0,"enemies":"Blue Slaver","floor":14.0,"turns":2.0},{"damage":18.0,"enemies":"The Guardian","floor":16.0,"turns":13.0},{"damage":25.0,"enemies":"Spheric Guardian","floor":18.0,"turns":5.0},{"damage":27,"enemies":"Shell Parasite","floor":21,"turns":3}],"seed_played":"2644309113712177531","potions_obtained":[{"floor":2.0,"key":"SpeedPotion"},{"floor":10.0,"key":"AttackPotion"},{"floor":12.0,"key":"PowerPotion"}],"is_trial":false,"path_per_floor":["M","M","$","M","T","R","M","R","T","E","?","M","M","M","R","B",null,"M","$","T","M"],"character_chosen":"DEFECT","items_purchased":["Medical Kit"],"campfire_rested":1,"item_purchase_floors":[19],"current_hp_per_floor":[64,64,64,64,64,64,50,50,50,6,6,4,4,4,23,5,49,24,24,24,0],"gold":2,"neow_bonus":"THREE_ENEMY_KILL","is_prod":false,"is_daily":false,"chose_seed":false,"campfire_upgraded":2,"win_rate":0,"timestamp":1561031240,"path_taken":["M","?","?","M","?","R","M","R","T","E","?","?","M","M","R","BOSS","BOSS","M","$","?","M"],"build_version":"2019-01-23","purchased_purges":2,"victory":false,"max_hp_per_floor":[71,71,71,71,71,71,71,71,71,71,64,64,64,64,64,64,64,64,64,64,64],"card_choices":[{"not_picked":["Steam Power","Redo"],"picked":"Coolheaded","floor":1.0},{"not_picked":["Go for the Eyes","Steam","Cold Snap"],"picked":"SKIP","floor":2.0},{"not_picked":["Hello World","Force Field","Consume"],"picked":"SKIP","floor":4.0},{"not_picked":["Double Energy","Turbo"],"picked":"Ball Lightning","floor":7.0},{"not_picked":["Beam Cell","Leap","Auto Shields"],"picked":"SKIP","floor":10.0},{"not_picked":["BootSequence","Compile Driver"],"picked":"Streamline","floor":12.0},{"not_picked":["Leap","Stack"],"picked":"Turbo","floor":13.0},{"not_picked":["Rebound","Static Discharge","FTL"],"picked":"SKIP","floor":14.0},{"not_picked":["Machine Learning","Biased Cognition"],"picked":"Electrodynamics","floor":16.0},{"not_picked":["Ball Lightning","Reinforced Body"],"picked":"Loop","floor":18.0}],"player_experience":991156,"relics_obtained":[{"floor":5.0,"key":"Oddly Smooth Stone"},{"floor":9.0,"key":"Bag of Marbles"},{"floor":10.0,"key":"Tiny Chest"},{"floor":20.0,"key":"Matryoshka"}],"event_choices":[{"damage_healed":0.0,"max_hp_gain":0.0,"max_hp_loss":7.0,"gold_gain":0.0,"event_name":"Golden Idol","player_choice":"Lose Max HP","floor":11.0,"gold_loss":0.0,"damage_taken":0.0,"relics_obtained":["Golden Idol"]}],"is_beta":false,"boss_relics":[{"not_picked":["Empty Cage","Philosopher\u0027s Stone"],"picked":"Inserter"}],"items_purged_floors":[3,19],"is_endless":false,"potions_floor_spawned":[2,10,12,16],"killed_by":"Shell Parasite","ascension_level":20}