{"gold_per_floor":[113,131,141,161,177,210,210,243,243,243,243,275,4,16,16,133,133,151,151,151,151,191,191,206,206,258,5,19,53,53,65,65,168,168,179,191,221,240,151,151,106,106,106,119,119,119,164,195,195,195],"floor_reached":50,"playtime":9303,"items_purged":["Clothesline"],"score":509,"play_id":"bbade51a-b61f-49e9-8f73-b3a9735a4bff","local_time":"20190721195715","is_ascension_mode":false,"campfire_choices":[{"floor":7.0,"key":"REST"},{"data":"Rampage","floor":11.0,"key":"SMITH"},{"floor":15.0,"key":"REST"},{"data":"Bash","floor":23,"key":"SMITH"},{"data":"Bludgeon","floor":25,"key":"SMITH"},{"floor":32,"key":"REST"},{"data":"Dramatic Entrance","floor":40,"key":"SMITH"},{"floor":45,"key":"REST"},{"data":"Armaments","floor":49,"key":"SMITH"}],"neow_cost":"NONE","seed_source_timestamp":0,"circlet_count":0,"master_deck":["Strike_R","Strike_R","Strike_R","Strike_R","Strike_R","Defend_R","Defend_R","Defend_R","Defend_R","Bash+1","Rampage+1","Perfected Strike","Headbutt","Rampage","Rage","Flame Barrier","HandOfGreed","Headbutt","Bludgeon+1","Blood for Blood+1","Body Slam+1","Flex","Dropkick+1","Fiend Fire","Iron Wave+1","Thunderclap","Warcry+1","Dramatic Entrance+1","Armaments+1","Enlightenment","Bandage Up","Armaments+1"],"special_seed":0,"relics":["Burning Blood","NeowsBlessing","Pen Nib","Blood Vial","Mummified Hand","Letter Opener","Busted Crown","MawBank","Lantern","Happy Flower","Meat on the Bone","Sozu","Charon\u0027s Ashes","Mango"],"potions_floor_usage":[29,33,33,33,50],"damage_taken":[{"damage":0.0,"enemies":"2 Louse","floor":1.0,"turns":1.0},{"damage":0.0,"enemies":"Jaw Worm","floor":2.0,"turns":1.0},{"damage":0.0,"enemies":"Small Slimes","floor":3.0,"turns":1.0},{"damage":11.0,"enemies":"2 Fungi Beasts","floor":4.0,"turns":3.0},{"damage":12.0,"enemies":"Large Slime","floor":5.0,"turns":3.0},{"damage":31.0,"enemies":"Lagavulin","floor":6.0,"turns":5.0},{"damage":25.0,"enemies":"Gremlin Nob","floor":8.0,"turns":4.0},{"damage":40.0,"enemies":"Lagavulin","floor":12.0,"turns":7.0},{"damage":15.0,"enemies":"Exordium Wildlife","floor":14.0,"turns":6.0},{"damage":19.0,"enemies":"Slime Boss","floor":16.0,"turns":8.0},{"damage":5.0,"enemies":"Chosen","floor":18.0,"turns":3.0},{"damage":11,"enemies":"2 Thieves","floor":22,"turns":4},{"damage":20,"enemies":"Cultist and Chosen","floor":24,"turns":4},{"damage":3,"enemies":"Centurion and Healer","floor":28,"turns":4},{"damage":25,"enemies":"Gremlin Leader","floor":29,"turns":4},{"damage":19,"enemies":"Sentry and Sphere","floor":31,"turns":4},{"damage":97,"enemies":"Champ","floor":33,"turns":11},{"damage":0,"enemies":"Orb Walker","floor":35,"turns":2},{"damage":46,"enemies":"3 Darklings","floor":36,"turns":5},{"damage":39,"enemies":"4 Shapes","floor":37,"turns":5},{"damage":5,"enemies":"Transient","floor":38,"turns":5},{"damage":14,"enemies":"Jaw Worm Horde","floor":44,"turns":4},{"damage":43,"enemies":"2 Orb Walkers","floor":47,"turns":4},{"damage":11,"enemies":"Sphere and 2 Shapes","floor":48,"turns":2},{"damage":74,"enemies":"Awakened One","floor":50,"turns":5}],"seed_played":"-3215822025792804110","potions_obtained":[{"floor":2.0,"key":"Regen Potion"},{"floor":6.0,"key":"Energy Potion"},{"floor":12.0,"key":"Fire Potion"},{"floor":14.0,"key":"EssenceOfSteel"},{"floor":16.0,"key":"Energy Potion"},{"floor":18.0,"key":"Block Potion"},{"floor":29,"key":"GamblersBrew"},{"floor":31,"key":"Ancient Potion"},{"floor":33,"key":"AttackPotion"}],"is_trial":false,"path_per_floor":["M","M","M","M","M","E","R","E","T","?","R","E","$","M","R","B",null,"M","?","?","$","M","R","M","R","T","$","M","E","T","M","R","B",null,"M","M","M","M","$","R","$","?","T","M","R","?","?","M","R","B"],"character_chosen":"IRONCLAD","items_purchased":["HandOfGreed","Corruption","Lantern","BloodPotion","Dramatic Entrance","Armaments"],"campfire_rested":4,"item_purchase_floors":[13,27,27,27,39,41],"current_hp_per_floor":[80,80,80,75,69,44,68,49,49,75,75,43,43,36,60,64,80,80,80,80,80,75,75,63,63,63,63,68,51,51,52,76,19,80,80,52,33,48,48,48,48,48,48,54,78,68,63,64,64,0],"gold":195,"neow_bonus":"THREE_ENEMY_KILL","is_prod":false,"is_daily":false,"chose_seed":false,"campfire_upgraded":5,"win_rate":0.0,"timestamp":1563710235,"path_taken":["M","M","M","M","M","E","R","E","T","?","R","E","$","M","R","BOSS","M","?","?","?","M","R","M","R","T","$","M","E","?","M","R","BOSS","M","M","M","M","$","R","$","?","T","M","R","?","?","M","R","BOSS"],"build_version":"2019-07-17","purchased_purges":1,"victory":false,"max_hp_per_floor":[80,80,80,80,80,80,80,80,80,80,80,80,80,80,80,80,80,80,80,80,80,80,80,80,80,80,80,80,80,80,80,80,80,80,80,80,80,80,80,80,80,80,80,80,80,80,94,94,94,94],"card_choices":[{"not_picked":["Iron Wave","Feel No Pain"],"picked":"Clothesline","floor":1.0},{"not_picked":["Armaments","Headbutt"],"picked":"Rampage","floor":2.0},{"not_picked":["Thunderclap","Body Slam"],"picked":"Perfected Strike","floor":3.0},{"not_picked":["Twin Strike","Armaments"],"picked":"Headbutt","floor":4.0},{"not_picked":["Warcry","Battle Trance"],"picked":"Rampage","floor":5.0},{"not_picked":["Clash","Double Tap"],"picked":"Rage","floor":6.0},{"not_picked":["Combust","Iron Wave"],"picked":"Flame Barrier","floor":8.0},{"not_picked":["Metallicize","Sword Boomerang","Hemokinesis"],"picked":"SKIP","floor":12.0},{"not_picked":["Sword Boomerang","Body Slam"],"picked":"Headbutt","floor":14.0},{"not_picked":["Fiend Fire","Brutality"],"picked":"Bludgeon","floor":16.0},{"not_picked":[],"picked":"Blood for Blood+1","floor":18.0},{"not_picked":[],"picked":"Body Slam+1","floor":22},{"not_picked":[],"picked":"Flex","floor":24},{"not_picked":[],"picked":"Dropkick+1","floor":28},{"not_picked":["Headbutt"],"picked":"SKIP","floor":29},{"not_picked":["Iron Wave"],"picked":"SKIP","floor":31},{"not_picked":[],"picked":"Fiend Fire","floor":33},{"not_picked":[],"picked":"Iron Wave+1","floor":35},{"not_picked":[],"picked":"Thunderclap","floor":36},{"not_picked":["Sword Boomerang+1"],"picked":"SKIP","floor":37},{"not_picked":[],"picked":"Warcry+1","floor":38},{"not_picked":["Anger+1"],"picked":"SKIP","floor":44},{"not_picked":[],"picked":"Enlightenment","floor":46},{"not_picked":[],"picked":"Bandage Up","floor":46},{"not_picked":[],"picked":"Armaments+1","floor":48}],"player_experience":3718,"relics_obtained":[{"floor":6.0,"key":"Pen Nib"},{"floor":8.0,"key":"Blood Vial"},{"floor":9.0,"key":"Mummified Hand"},{"floor":12.0,"key":"Letter Opener"},{"floor":26,"key":"MawBank"},{"floor":29,"key":"Happy Flower"},{"floor":30,"key":"Meat on the Bone"},{"floor":43,"key":"Charon\u0027s Ashes"},{"floor":47,"key":"Mango"}],"event_choices":[{"damage_healed":26.0,"max_hp_gain":0.0,"max_hp_loss":0.0,"gold_gain":0.0,"event_name":"Big Fish","player_choice":"Banana","floor":10.0,"gold_loss":0.0,"damage_taken":0.0},{"damage_healed":0.0,"max_hp_gain":0.0,"max_hp_loss":0.0,"gold_gain":0.0,"event_name":"The Mausoleum","player_choice":"Ignored","floor":19.0,"gold_loss":0.0,"damage_taken":0.0},{"damage_healed":0,"gold_gain":0,"player_choice":"Ignored","damage_taken":0,"max_hp_gain":0,"max_hp_loss":0,"event_name":"Ghosts","floor":20,"gold_loss":0},{"cards_removed":["Corruption"],"damage_healed":0,"gold_gain":0,"player_choice":"Removed Power","damage_taken":0,"max_hp_gain":0,"max_hp_loss":0,"event_name":"Falling","floor":42,"gold_loss":0},{"damage_healed":0,"gold_gain":0,"player_choice":"Memory 3","damage_taken":10,"max_hp_gain":0,"max_hp_loss":0,"event_name":"SensoryStone","floor":46,"gold_loss":0},{"damage_healed":0,"gold_gain":0,"player_choice":"Fight","damage_taken":0,"max_hp_gain":0,"max_hp_loss":0,"event_name":"Mysterious Sphere","floor":47,"gold_loss":0}],"is_beta":false,"boss_relics":[{"not_picked":["White Beast Statue","Empty Cage"],"picked":"Busted Crown"},{"not_picked":["Mark of Pain","Tiny House"],"picked":"Sozu"}],"items_purged_floors":[13],"is_endless":false,"potions_floor_spawned":[2,6,12,14,16,18,29,31,33,35,44],"killed_by":"Awakened One","ascension_level":0}