{"gold_per_floor":[118,128,146,71,87,87,114,114,138,138,172,185,235,255,255,326,326,337,42,42,56,17,17,17,17,74,74,74],"floor_reached":28,"playtime":755,"items_purged":["Strike_B"],"score":432,"play_id":"f12da0ce-8fb5-4f54-bfdf-7a8b6bb17168","local_time":"20190524193237","is_ascension_mode":true,"campfire_choices":[{"data":"Streamline","floor":6.0,"key":"SMITH"},{"floor":8.0,"key":"REST"},{"floor":10.0,"key":"REST"},{"floor":15.0,"key":"REST"},{"data":"Biased Cognition","floor":23,"key":"SMITH"},{"data":"Capacitor","floor":25,"key":"SMITH"},{"data":"Zap","floor":27,"key":"SMITH"}],"neow_cost":"TEN_PERCENT_HP_LOSS","seed_source_timestamp":289889739126675,"circlet_count":0,"master_deck":["AscendersBane","Strike_B","Strike_B","Strike_B","Defend_B","Defend_B","Defend_B","Defend_B","Zap+1","Dualcast","Ball Lightning","Genetic Algorithm","Electrodynamics","Streamline+1","Cold Snap","Undo","Biased Cognition+1","Turbo+1","Self Repair","Capacitor+1","Ghostly","Ghostly","Ghostly"],"special_seed":0,"relics":["Cracked Core","WingedGreaves","Odd Mushroom","Pen Nib","Coffee Dripper","Medical Kit","Tiny Chest"],"potions_floor_usage":[16,16],"damage_taken":[{"damage":1.0,"enemies":"Cultist","floor":1.0,"turns":4.0},{"damage":9.0,"enemies":"Jaw Worm","floor":2.0,"turns":3.0},{"damage":9.0,"enemies":"Small Slimes","floor":3.0,"turns":3.0},{"damage":18.0,"enemies":"Exordium Wildlife","floor":5.0,"turns":4.0},{"damage":17.0,"enemies":"The Mushroom Lair","floor":7.0,"turns":4.0},{"damage":18.0,"enemies":"Lagavulin","floor":11.0,"turns":6.0},{"damage":7.0,"enemies":"3 Louse","floor":12.0,"turns":2.0},{"damage":18.0,"enemies":"Exordium Thugs","floor":14.0,"turns":4.0},{"damage":22,"enemies":"Hexaghost","floor":16,"turns":8},{"damage":18,"enemies":"Shell Parasite","floor":18,"turns":4},{"damage":13,"enemies":"3 Byrds","floor":21,"turns":3},{"damage":8,"enemies":"Gremlin Leader","floor":28,"turns":3}],"seed_played":"8868654417354152441","potions_obtained":[{"floor":7.0,"key":"Weak Potion"},{"floor":11.0,"key":"AttackPotion"},{"floor":12.0,"key":"Fire Potion"},{"floor":21,"key":"Energy Potion"}],"is_trial":false,"path_per_floor":["M","M","M","$","M","R","?","R","T","R","E","M","?","M","R","B",null,"M","$","?","M","$","R","?","R","T","R","E"],"character_chosen":"DEFECT","items_purchased":["Self Repair","Medical Kit","Capacitor"],"campfire_rested":3,"item_purchase_floors":[19,19,22],"current_hp_per_floor":[63,54,45,45,27,27,10,29,29,48,30,23,23,5,24,2,49,31,31,14,8,8,8,8,8,8,8,0],"gold":74,"neow_bonus":"ONE_RARE_RELIC","is_prod":false,"is_daily":false,"chose_seed":false,"campfire_upgraded":4,"win_rate":0,"timestamp":1558697557,"path_taken":["M","M","M","$","M","R","?","R","T","R","E","M","?","?","R","BOSS","M","?","?","M","$","R","?","R","T","R","E"],"build_version":"2019-01-23","purchased_purges":1,"victory":false,"max_hp_per_floor":[64,64,64,64,64,64,64,64,64,64,64,64,64,64,64,64,64,64,64,69,69,69,69,34,34,34,34,34],"card_choices":[{"not_picked":["Compile Driver","Auto Shields"],"picked":"Ball Lightning","floor":1.0},{"not_picked":["White Noise","Beam Cell"],"picked":"Genetic Algorithm","floor":2.0},{"not_picked":["Hologram","Hello World"],"picked":"Electrodynamics","floor":3.0},{"not_picked":["Beam Cell","Sunder"],"picked":"Streamline","floor":5.0},{"not_picked":["Sweeping Beam","Beam Cell"],"picked":"Cold Snap","floor":7.0},{"not_picked":["Hello World","Leap","Force Field"],"picked":"SKIP","floor":11.0},{"not_picked":["Hologram","Compile Driver","Go for the Eyes"],"picked":"SKIP","floor":12.0},{"not_picked":["Cold Snap","Darkness"],"picked":"Undo","floor":14.0},{"not_picked":["Creative AI","Seek"],"picked":"Biased Cognition","floor":16},{"not_picked":["Hologram+1","Genetic Algorithm"],"picked":"Turbo+1","floor":18},{"not_picked":["Rebound","Sweeping Beam","Go for the Eyes"],"picked":"SKIP","floor":21}],"player_experience":937888,"relics_obtained":[{"floor":7.0,"key":"Odd Mushroom"},{"floor":11.0,"key":"Pen Nib"},{"floor":26,"key":"Tiny Chest"}],"event_choices":[{"damage_healed":0.0,"max_hp_gain":0.0,"max_hp_loss":0.0,"gold_gain":0.0,"event_name":"Mushrooms","player_choice":"Fought Mushrooms","floor":7.0,"gold_loss":0.0,"damage_taken":0.0},{"damage_healed":0.0,"max_hp_gain":0.0,"max_hp_loss":0.0,"gold_gain":50.0,"event_name":"Golden Shrine","player_choice":"Pray","floor":13.0,"gold_loss":0.0,"damage_taken":0.0},{"damage_healed":0,"gold_gain":0,"player_choice":"Shed Blood","damage_taken":22,"max_hp_gain":5,"max_hp_loss":0,"event_name":"Forgotten Altar","floor":20,"gold_loss":0},{"damage_healed":0,"gold_gain":0,"player_choice":"Became a Ghost","damage_taken":0,"max_hp_gain":0,"max_hp_loss":35,"event_name":"Ghosts","floor":24,"gold_loss":0,"cards_obtained":["Ghostly","Ghostly","Ghostly"]}],"is_beta":false,"boss_relics":[{"not_picked":["Cursed Key","Busted Crown"],"picked":"Coffee Dripper"}],"items_purged_floors":[4],"is_endless":false,"potions_floor_spawned":[7,11,12,14,21],"killed_by":"Gremlin Leader","ascension_level":20}