{"gold_per_floor":[116,116,186,186,196,196,223,223,223,126,126,58,73,107,107,203,203,219,269,200,212,276,276,287,312,387,254,254,269,281,297,297,297],"floor_reached":33,"playtime":2805,"items_purged":["Strike_G"],"score":316,"play_id":"90ddacdb-d6eb-4336-99a8-b5d07008dfe4","local_time":"20181226092533","is_ascension_mode":true,"campfire_choices":[{"data":"Poisoned Stab","floor":6,"key":"SMITH"},{"floor":8,"key":"REST"},{"data":"Catalyst","floor":11,"key":"SMITH"},{"floor":15,"key":"REST"},{"floor":23,"key":"REST"},{"floor":28,"key":"RECALL"},{"floor":32,"key":"REST"}],"neow_cost":"NONE","seed_source_timestamp":2167366799131208,"circlet_count":0,"master_deck":["Survivor","Neutralize","Catalyst+1","Backflip","Poisoned Stab+1","Poisoned Stab","Flying Knee","Noxious Fumes","Poisoned Stab","After Image","Tools of the Trade","Blade Dance","Skewer","Unload","Cloak And Dagger","Leg Sweep","After Image","Well Laid Plans","Backflip","Noxious Fumes","Poisoned Stab+1","Eviscerate","Masterful Stab","Dodge and Roll+1","Crippling Poison","Deflect","Deadly Poison+1"],"relics":["Ring of the Snake","SsserpentHead","Du-Vu Doll","Ornamental Fan","Thread and Needle","Pandora\u0027s Box","MawBank","Meat on the Bone","Letter Opener","Pen Nib"],"potions_floor_usage":[7,14,22,24,25,33],"damage_taken":[{"damage":3,"enemies":"Small Slimes","floor":1,"turns":4},{"damage":1,"enemies":"Cultist","floor":3,"turns":4},{"damage":1,"enemies":"2 Louse","floor":5,"turns":3},{"damage":26,"enemies":"Gremlin Nob","floor":7,"turns":5},{"damage":14,"enemies":"Gremlin Gang","floor":13,"turns":5},{"damage":5,"enemies":"Lagavulin","floor":14,"turns":5},{"damage":23,"enemies":"Slime Boss","floor":16,"turns":9},{"damage":0,"enemies":"Chosen","floor":18,"turns":4},{"damage":5,"enemies":"Shell Parasite","floor":21,"turns":5},{"damage":13,"enemies":"Cultist and Chosen","floor":22,"turns":7},{"damage":8,"enemies":"Snake Plant","floor":24,"turns":2},{"damage":24,"enemies":"Gremlin Leader","floor":25,"turns":5},{"damage":9,"enemies":"Chosen and Byrds","floor":29,"turns":7},{"damage":2,"enemies":"Centurion and Healer","floor":30,"turns":6},{"damage":7,"enemies":"Snecko","floor":31,"turns":4},{"damage":77,"enemies":"Collector","floor":33,"turns":7}],"seed_played":"-8413099435432331639","potions_obtained":[{"floor":3,"key":"SteroidPotion"},{"floor":5,"key":"SmokeBomb"},{"floor":13,"key":"SteroidPotion"},{"floor":21,"key":"PowerPotion"},{"floor":22,"key":"Energy Potion"},{"floor":24,"key":"LiquidBronze"},{"floor":29,"key":"SteroidPotion"}],"is_trial":false,"path_per_floor":["M","?","M","?","M","R","E","R","T","$","R","$","M","E","R","B",null,"M","?","$","M","M","R","M","E","T","$","R","M","M","M","R","B"],"character_chosen":"THE_SILENT","items_purchased":["Flying Knee","Noxious Fumes","Noxious Fumes","Crippling Poison","Pen Nib"],"campfire_rested":4,"item_purchase_floors":[10,12,20,27,27],"current_hp_per_floor":[74,74,73,73,72,72,46,69,69,69,69,69,55,50,73,50,77,77,77,77,72,59,77,69,45,45,45,45,48,46,39,62,0],"gold":297,"neow_bonus":"TEN_PERCENT_HP_BONUS","is_prod":false,"is_daily":false,"chose_seed":false,"campfire_upgraded":2,"win_rate":0,"timestamp":1545776733,"path_taken":["M","?","?","?","M","R","E","R","T","$","R","$","M","E","R","BOSS","M","?","$","M","?","R","M","E","T","?","R","M","M","M","R","BOSS"],"build_version":"2018-12-20","purchased_purges":1,"victory":false,"max_hp_per_floor":[77,77,77,77,77,77,77,77,77,77,77,77,77,77,77,77,77,77,77,77,77,77,77,77,77,77,77,77,77,77,77,77,77],"card_choices":[{"not_picked":["Sucker Punch","Cloak And Dagger"],"picked":"Catalyst","floor":1},{"not_picked":["Dagger Spray","Prepared"],"picked":"Backflip","floor":3},{"not_picked":["Blade Dance","Backflip"],"picked":"Poisoned Stab","floor":5},{"not_picked":["Finisher","Backflip"],"picked":"Poisoned Stab","floor":7},{"not_picked":["Riddle With Holes","Dagger Spray","Grand Finale"],"picked":"SKIP","floor":13},{"not_picked":["Dagger Spray","PiercingWail"],"picked":"Poisoned Stab","floor":14},{"not_picked":["Venomology","Wraith Form v2"],"picked":"After Image","floor":16},{"not_picked":["Riddle With Holes","Terror"],"picked":"Backflip","floor":18},{"not_picked":["Sucker Punch+1","Deadly Poison"],"picked":"Poisoned Stab+1","floor":21},{"not_picked":["Backstab","Flying Knee"],"picked":"Eviscerate","floor":22},{"not_picked":["Backflip","Flying Knee"],"picked":"Masterful Stab","floor":24},{"not_picked":["Bouncing Flask","Backflip"],"picked":"Dodge and Roll+1","floor":25},{"not_picked":["Dagger Throw","All Out Attack","Quick Slash"],"picked":"SKIP","floor":29},{"not_picked":["Expertise","Phantasmal Killer"],"picked":"Deflect","floor":30},{"not_picked":["Acrobatics","Backflip"],"picked":"Deadly Poison+1","floor":31}],"player_experience":309951,"relics_obtained":[{"floor":7,"key":"Du-Vu Doll"},{"floor":9,"key":"Ornamental Fan"},{"floor":14,"key":"Thread and Needle"},{"floor":25,"key":"Meat on the Bone"},{"floor":26,"key":"Letter Opener"}],"event_choices":[{"damage_healed":0,"gold_gain":0,"player_choice":"Trade","damage_taken":0,"relics_obtained":["SsserpentHead"],"max_hp_gain":0,"max_hp_loss":0,"event_name":"FaceTrader","floor":2,"gold_loss":0},{"cards_removed":["Strike_G"],"damage_healed":0,"gold_gain":0,"player_choice":"Card Removal","damage_taken":0,"max_hp_gain":0,"max_hp_loss":0,"event_name":"The Cleric","floor":4,"gold_loss":50},{"damage_healed":0,"gold_gain":0,"player_choice":"Gave Potion","damage_taken":0,"relics_obtained":["MawBank"],"max_hp_gain":0,"max_hp_loss":0,"event_name":"WeMeetAgain","floor":19,"gold_loss":0}],"is_beta":false,"boss_relics":[{"not_picked":["Runic Dome","Coffee Dripper"],"picked":"Pandora\u0027s Box"}],"items_purged_floors":[10],"is_endless":false,"potions_floor_spawned":[3,5,13,21,22,24,29],"killed_by":"Collector","ascension_level":1}