{"gold_per_floor":[109,109,109,121,121,4,4,39,39,59,72,84,114,129,129,201,201,214,214,214,232,246,246,276,276,345,345,357,371,381,381],"floor_reached":31,"playtime":1539,"items_purged":["Strike_B"],"score":588,"play_id":"f8d789ce-5ad6-459a-aefc-baf7ba17ba86","local_time":"20190618215517","is_ascension_mode":true,"campfire_choices":[{"data":"Capacitor","floor":7.0,"key":"SMITH"},{"data":"Turbo","floor":15.0,"key":"SMITH"},{"data":"Loop","floor":23.0,"key":"SMITH"},{"data":"Skim","floor":27.0,"key":"SMITH"}],"neow_cost":"NONE","seed_source_timestamp":37067115188589,"circlet_count":0,"master_deck":["AscendersBane","Strike_B","Defend_B","Defend_B","Defend_B","Defend_B","Zap","Dualcast+1","Turbo+1","Capacitor+1","Glacier","FTL+1","Beam Cell+1","Echo Form","Streamline+1","Meteor Strike+1","Loop+1","Skim+1","Ghostly","Ghostly","Ghostly","Heatsinks","White Noise","Blizzard+1"],"special_seed":0,"relics":["FrozenCore","NeowsBlessing","Molten Egg 2","Dream Catcher","Cables","Singing Bowl","PreservedInsect"],"potions_floor_usage":[31],"damage_taken":[{"damage":0.0,"enemies":"Small Slimes","floor":1.0,"turns":1.0},{"damage":0.0,"enemies":"Jaw Worm","floor":4.0,"turns":1.0},{"damage":0.0,"enemies":"Lagavulin","floor":8.0,"turns":1.0},{"damage":0.0,"enemies":"2 Louse","floor":10.0,"turns":3.0},{"damage":0.0,"enemies":"Blue Slaver","floor":11.0,"turns":5.0},{"damage":3.0,"enemies":"Red Slaver","floor":12.0,"turns":6.0},{"damage":13.0,"enemies":"3 Sentries","floor":13.0,"turns":12.0},{"damage":1.0,"enemies":"2 Fungi Beasts","floor":14.0,"turns":3.0},{"damage":2.0,"enemies":"The Guardian","floor":16.0,"turns":10.0},{"damage":2.0,"enemies":"Spheric Guardian","floor":18.0,"turns":6.0},{"damage":13.0,"enemies":"Chosen","floor":21.0,"turns":8.0},{"damage":0.0,"enemies":"Centurion and Healer","floor":22.0,"turns":6.0},{"damage":7.0,"enemies":"Slavers","floor":24.0,"turns":9.0},{"damage":0.0,"enemies":"Cultist and Chosen","floor":28.0,"turns":8.0},{"damage":0.0,"enemies":"3 Cultists","floor":29.0,"turns":6.0},{"damage":0.0,"enemies":"Centurion and Healer","floor":30.0,"turns":6.0},{"damage":38,"enemies":"Cultist and Chosen","floor":31,"turns":7}],"seed_played":"-7528612042886005630","potions_obtained":[{"floor":1.0,"key":"Poison Potion"},{"floor":8.0,"key":"Regen Potion"},{"floor":10.0,"key":"Fire Potion"},{"floor":14.0,"key":"Dexterity Potion"},{"floor":16.0,"key":"FocusPotion"},{"floor":18.0,"key":"Regen Potion"},{"floor":28.0,"key":"FearPotion"},{"floor":30.0,"key":"FearPotion"}],"is_trial":false,"path_per_floor":["M","?","?","M","?","$","R","E","T","M","M","M","E","M","R","B",null,"M","?","?","M","M","R","E","?","T","R","M","M","M","M"],"character_chosen":"DEFECT","items_purchased":["Capacitor"],"campfire_rested":0,"item_purchase_floors":[6],"current_hp_per_floor":[64,57,52,52,52,52,52,52,52,52,52,64,51,50,50,48,65,63,63,35,24,39,39,34,34,34,34,34,34,34,0],"gold":381,"neow_bonus":"THREE_ENEMY_KILL","is_prod":false,"is_daily":false,"chose_seed":false,"campfire_upgraded":4,"win_rate":0,"timestamp":1560866117,"path_taken":["M","?","?","M","?","$","R","E","T","M","M","M","E","M","R","BOSS","M","?","?","M","M","R","E","?","T","R","?","M","M","M"],"build_version":"2019-01-23","purchased_purges":1,"victory":false,"max_hp_per_floor":[71,71,71,71,71,71,71,71,71,71,71,71,71,71,71,71,71,71,71,35,37,39,39,41,41,41,41,41,41,41,41],"card_choices":[{"not_picked":["Steam Power","Chaos","Go for the Eyes"],"picked":"SKIP","floor":1.0},{"not_picked":["Compile Driver+1","Coolheaded"],"picked":"Turbo","floor":4.0},{"not_picked":["Fusion","Steam"],"picked":"Glacier","floor":8.0},{"not_picked":["Rebound+1","Steam"],"picked":"FTL+1","floor":10.0},{"not_picked":["Stack","Aggregate","Darkness"],"picked":"SKIP","floor":11.0},{"not_picked":["Steam","Rebound+1"],"picked":"Beam Cell+1","floor":12.0},{"not_picked":["Storm","Compile Driver+1"],"picked":"Echo Form","floor":13.0},{"not_picked":["Static Discharge","Go for the Eyes+1"],"picked":"Streamline+1","floor":14.0},{"not_picked":["Core Surge+1","Amplify"],"picked":"Meteor Strike+1","floor":16.0},{"not_picked":["Ball Lightning+1","Go for the Eyes+1"],"picked":"Loop","floor":18.0},{"not_picked":["Hologram","Streamline+1","BootSequence"],"picked":"Singing Bowl","floor":21.0},{"not_picked":["Genetic Algorithm","Gash+1","Sweeping Beam+1"],"picked":"Singing Bowl","floor":22.0},{"not_picked":["Leap","All For One+1","Steam"],"picked":"Singing Bowl","floor":24.0},{"not_picked":["Sweeping Beam+1","Streamline+1"],"picked":"Heatsinks","floor":28.0},{"not_picked":["Undo","Barrage+1"],"picked":"White Noise","floor":29.0},{"not_picked":["Doom and Gloom+1","Beam Cell+1"],"picked":"Blizzard+1","floor":30.0}],"player_experience":965792,"relics_obtained":[{"floor":8.0,"key":"Dream Catcher"},{"floor":9.0,"key":"Cables"},{"floor":13.0,"key":"Singing Bowl"},{"floor":24.0,"key":"PreservedInsect"}],"event_choices":[{"cards_removed":["Strike_B"],"damage_healed":0.0,"max_hp_gain":0.0,"max_hp_loss":0.0,"gold_gain":0.0,"event_name":"Golden Wing","player_choice":"Card Removal","floor":2.0,"gold_loss":0.0,"damage_taken":7.0},{"damage_healed":0.0,"max_hp_gain":0.0,"max_hp_loss":0.0,"gold_gain":0.0,"event_name":"Scrap Ooze","player_choice":"Success","floor":3.0,"gold_loss":0.0,"damage_taken":5.0,"relics_obtained":["Molten Egg 2"]},{"cards_removed":["Strike_B"],"damage_healed":0.0,"max_hp_gain":0.0,"max_hp_loss":0.0,"gold_gain":0.0,"event_name":"Living Wall","player_choice":"Forget","floor":5.0,"gold_loss":0.0,"damage_taken":0.0},{"damage_healed":0.0,"max_hp_gain":0.0,"max_hp_loss":0.0,"gold_gain":0.0,"event_name":"The Library","player_choice":"Read","floor":19.0,"gold_loss":0.0,"damage_taken":0.0,"cards_obtained":["Skim"]},{"damage_healed":0.0,"max_hp_gain":0.0,"max_hp_loss":36.0,"gold_gain":0.0,"event_name":"Ghosts","player_choice":"Became a Ghost","floor":20.0,"gold_loss":0.0,"damage_taken":0.0,"cards_obtained":["Ghostly","Ghostly","Ghostly"]},{"damage_healed":0.0,"max_hp_gain":0.0,"max_hp_loss":0.0,"gold_gain":0.0,"event_name":"Upgrade Shrine","player_choice":"Upgraded","floor":25.0,"gold_loss":0.0,"damage_taken":0.0,"cards_upgraded":["Dualcast"]}],"is_beta":false,"boss_relics":[{"not_picked":["White Beast Statue","Ectoplasm"],"picked":"FrozenCore"}],"items_purged_floors":[6],"is_endless":false,"potions_floor_spawned":[1,8,10,14,16,18,21,28,30],"killed_by":"Cultist and Chosen","ascension_level":20}