{"gold_per_floor":[117,117,133,145,145,145,180,107,133,166,185,185,195,212,212,315,315,315,240,240,240,1,1,1,1,1,1,1,1,1,1,1,1],"floor_reached":33,"playtime":10014,"items_purged":[],"score":291,"play_id":"e403dafd-09cd-4c03-9a70-88670cb740cd","local_time":"20190430123253","is_ascension_mode":true,"campfire_choices":[{"data":"Armaments","floor":6,"key":"SMITH"},{"floor":12,"key":"REST"},{"floor":15,"key":"REST"},{"floor":23,"key":"REST"},{"floor":30,"key":"REST"},{"floor":32,"key":"REST"}],"neow_cost":"TEN_PERCENT_HP_LOSS","seed_source_timestamp":1592868682609800,"circlet_count":0,"master_deck":["Strike_R","Strike_R","Strike_R","Strike_R","Defend_R","Defend_R","Armaments+1","Flex","Flex","Feel No Pain","Metallicize","Heavy Blade","Cleave","Rampage","Rage","Double Tap","Reckless Charge+1","Flame Barrier","Infernal Blade","Second Wind","Warcry","Warcry"],"relics":["Burning Blood","Dream Catcher","Strawberry","Pantograph","Ectoplasm","Self Forming Clay","Blood Vial","Charon\u0027s Ashes"],"potions_floor_usage":[10,11,33,33],"damage_taken":[{"damage":2,"enemies":"2 Louse","floor":1,"turns":4},{"damage":6,"enemies":"Jaw Worm","floor":3,"turns":6},{"damage":0,"enemies":"Small Slimes","floor":4,"turns":3},{"damage":32,"enemies":"Lagavulin","floor":7,"turns":7},{"damage":36,"enemies":"Gremlin Nob","floor":10,"turns":5},{"damage":9,"enemies":"Gremlin Gang","floor":11,"turns":7},{"damage":3,"enemies":"Large Slime","floor":13,"turns":4},{"damage":13,"enemies":"Lots of Slimes","floor":14,"turns":4},{"damage":68,"enemies":"Hexaghost","floor":16,"turns":10},{"damage":22,"enemies":"3 Byrds","floor":18,"turns":7},{"damage":7,"enemies":"Chosen","floor":20,"turns":5},{"damage":36,"enemies":"Snecko","floor":21,"turns":7},{"damage":29,"enemies":"Centurion and Healer","floor":25,"turns":4},{"damage":16,"enemies":"Book of Stabbing","floor":29,"turns":6},{"damage":9,"enemies":"3 Cultists","floor":31,"turns":5},{"damage":99,"enemies":"Champ","floor":33,"turns":12}],"seed_played":"2203924835756495528","potions_obtained":[{"floor":3,"key":"Dexterity Potion"},{"floor":4,"key":"Strength Potion"},{"floor":14,"key":"FairyPotion"},{"floor":21,"key":"Poison Potion"},{"floor":25,"key":"Energy Potion"}],"is_trial":false,"path_per_floor":["M","?","M","M","?","R","E","$","T","E","M","R","M","M","R","B",null,"M","?","M","M","$","R","?","M","T","?","?","E","R","M","R","B"],"character_chosen":"IRONCLAD","items_purchased":["BloodPotion","Self Forming Clay"],"campfire_rested":5,"item_purchase_floors":[8,22],"current_hp_per_floor":[72,77,77,77,70,70,44,44,51,29,26,51,54,47,72,22,84,68,68,67,37,37,62,62,39,39,39,39,31,56,55,80,0],"gold":1,"neow_bonus":"REMOVE_TWO","is_prod":false,"is_daily":false,"chose_seed":false,"campfire_upgraded":1,"win_rate":0,"timestamp":1556652773,"path_taken":["M","?","M","M","?","R","E","$","T","E","M","R","M","M","R","BOSS","M","?","M","M","$","R","?","?","T","?","?","E","R","M","R","BOSS"],"build_version":"2019-01-23","purchased_purges":0,"victory":false,"max_hp_per_floor":[72,77,77,77,77,77,77,77,84,84,84,84,84,84,84,84,84,84,84,84,84,84,84,84,84,84,84,84,84,84,84,84,84],"card_choices":[{"not_picked":["Heavy Blade","Seeing Red"],"picked":"Armaments","floor":1},{"not_picked":["Pommel Strike","Twin Strike"],"picked":"Flex","floor":3},{"not_picked":["Iron Wave","Sword Boomerang"],"picked":"Flex","floor":4},{"not_picked":["Seeing Red","Exhume"],"picked":"Feel No Pain","floor":7},{"not_picked":["Pommel Strike","Demon Form"],"picked":"Metallicize","floor":10},{"not_picked":["Havoc","Twin Strike"],"picked":"Heavy Blade","floor":11},{"not_picked":["Power Through","Warcry"],"picked":"Cleave","floor":12},{"not_picked":["Body Slam","Anger"],"picked":"Evolve","floor":13},{"not_picked":["Anger","Combust"],"picked":"Rampage","floor":14},{"not_picked":["Flex","Havoc"],"picked":"Rage","floor":15},{"not_picked":["Exhume","Berserk"],"picked":"Double Tap","floor":16},{"not_picked":["Twin Strike","Anger"],"picked":"Reckless Charge+1","floor":18},{"not_picked":["Perfected Strike+1","Intimidate"],"picked":"Flame Barrier","floor":20},{"not_picked":["Iron Wave","Sword Boomerang","Body Slam"],"picked":"SKIP","floor":21},{"not_picked":["Carnage+1","Bloodletting"],"picked":"Infernal Blade","floor":23},{"not_picked":["Ghostly Armor+1","Perfected Strike","Sword Boomerang"],"picked":"SKIP","floor":25},{"not_picked":["Bloodletting","Sever Soul","Battle Trance"],"picked":"SKIP","floor":29},{"not_picked":["Perfected Strike+1","Twin Strike","Clothesline"],"picked":"SKIP","floor":31},{"not_picked":["Thunderclap","Armaments+1"],"picked":"Warcry","floor":32}],"player_experience":414127,"relics_obtained":[{"floor":7,"key":"Dream Catcher"},{"floor":9,"key":"Strawberry"},{"floor":10,"key":"Pantograph"},{"floor":26,"key":"Blood Vial"},{"floor":29,"key":"Charon\u0027s Ashes"}],"event_choices":[{"damage_healed":0,"gold_gain":0,"player_choice":"Donut","damage_taken":0,"max_hp_gain":5,"max_hp_loss":0,"event_name":"Big Fish","floor":2,"gold_loss":0},{"cards_removed":["Defend_R"],"damage_healed":0,"gold_gain":0,"player_choice":"Card Removal","damage_taken":7,"max_hp_gain":0,"max_hp_loss":0,"event_name":"Golden Wing","floor":5,"gold_loss":0},{"cards_removed":["Bash"],"damage_healed":0,"gold_gain":0,"player_choice":"Gave Gold","damage_taken":0,"max_hp_gain":0,"max_hp_loss":0,"event_name":"Beggar","floor":19,"gold_loss":75},{"damage_healed":0,"gold_gain":0,"cards_transformed":["Evolve"],"player_choice":"Transformed","damage_taken":0,"max_hp_gain":0,"max_hp_loss":0,"event_name":"Transmorgrifier","floor":24,"gold_loss":0,"cards_obtained":["Second Wind"]},{"damage_healed":0,"gold_gain":0,"player_choice":"1 cards matched","damage_taken":0,"max_hp_gain":0,"max_hp_loss":0,"event_name":"Match and Keep!","floor":28,"gold_loss":0,"cards_obtained":["Warcry"]}],"is_beta":false,"boss_relics":[{"not_picked":["Runic Dome","Runic Cube"],"picked":"Ectoplasm"}],"items_purged_floors":[],"is_endless":false,"potions_floor_spawned":[3,4,14,21,25,29],"killed_by":"Champ","ascension_level":1}