{"gold_per_floor":[117,42,59,79,79,104,120,137,137,137,37,48,48,64,64,163,163,176,187,187,187,207,207,224,499,550,261,286,306,323,341,341,341],"floor_reached":33,"playtime":3582,"items_purged":["Strike_B","Strike_B","Regret"],"score":273,"play_id":"4f83be25-2d86-4307-a0cb-77e8eda4e2e7","local_time":"20190725232030","is_ascension_mode":false,"campfire_choices":[{"floor":13,"key":"REST"},{"floor":15,"key":"REST"},{"floor":23,"key":"REST"},{"floor":32,"key":"REST"}],"neow_cost":"NONE","seed_source_timestamp":520013263416835,"circlet_count":0,"master_deck":["Strike_B","Strike_B","Defend_B","Zap","Dualcast","Conserve Battery","Ball Lightning","Rebound","White Noise","Steam+1","Storm","Double Energy","Biased Cognition","RitualDagger","Capacitor+1","Redo","Apotheosis","Skim+1","Sweeping Beam","Reprogram"],"relics":["Cracked Core","Vajra","Bag of Marbles","Blood Vial","Sozu","Anchor","Pen Nib"],"potions_floor_usage":[16,18,33],"damage_taken":[{"damage":1,"enemies":"Cultist","floor":1,"turns":3},{"damage":0,"enemies":"Jaw Worm","floor":3,"turns":3},{"damage":2,"enemies":"2 Louse","floor":4,"turns":4},{"damage":16,"enemies":"3 Sentries","floor":6,"turns":6},{"damage":0,"enemies":"Looter","floor":7,"turns":3},{"damage":13,"enemies":"3 Louse","floor":8,"turns":3},{"damage":9,"enemies":"Exordium Thugs","floor":12,"turns":4},{"damage":2,"enemies":"Blue Slaver","floor":14,"turns":3},{"damage":34,"enemies":"The Guardian","floor":16,"turns":11},{"damage":12,"enemies":"3 Byrds","floor":18,"turns":4},{"damage":8,"enemies":"Shell Parasite","floor":19,"turns":6},{"damage":21,"enemies":"Snake Plant","floor":22,"turns":3},{"damage":13,"enemies":"Centurion and Healer","floor":24,"turns":3},{"damage":26,"enemies":"Book of Stabbing","floor":28,"turns":4},{"damage":7,"enemies":"Shelled Parasite and Fungi","floor":29,"turns":5},{"damage":7,"enemies":"Snake Plant","floor":30,"turns":3},{"damage":0,"enemies":"Sentry and Sphere","floor":31,"turns":3},{"damage":80,"enemies":"Automaton","floor":33,"turns":6}],"seed_played":"8839427580302979939","potions_obtained":[{"floor":4,"key":"FearPotion"},{"floor":6,"key":"SneckoOil"},{"floor":14,"key":"Explosive Potion"}],"is_trial":false,"path_per_floor":["M","$","M","M","?","E","M","M","T","T","$","M","R","M","R","B",null,"M","M","?","?","M","R","M","?","T","$","E","M","M","M","R","B"],"character_chosen":"DEFECT","items_purchased":["Apotheosis"],"campfire_rested":4,"item_purchase_floors":[27],"current_hp_per_floor":[81,81,81,79,72,56,56,43,43,43,43,36,60,60,82,48,82,70,64,64,58,39,63,52,52,52,52,28,23,18,20,44,0],"gold":341,"neow_bonus":"TEN_PERCENT_HP_BONUS","is_prod":false,"is_daily":false,"chose_seed":false,"campfire_upgraded":0,"win_rate":1,"timestamp":1564089630,"path_taken":["M","?","M","M","?","E","M","?","T","?","$","M","R","M","R","BOSS","M","M","?","?","M","R","M","?","T","$","E","M","M","?","R","BOSS"],"build_version":"2019-07-17","purchased_purges":3,"victory":false,"max_hp_per_floor":[82,82,82,82,82,82,82,82,82,82,82,82,82,82,82,82,82,82,82,82,82,82,82,82,82,82,82,82,82,82,82,82,82],"card_choices":[{"not_picked":["Steam","Beam Cell"],"picked":"Conserve Battery","floor":1},{"not_picked":["Steam Power","Streamline","Force Field"],"picked":"SKIP","floor":3},{"not_picked":["Force Field","Genetic Algorithm"],"picked":"Ball Lightning","floor":4},{"not_picked":["Cold Snap","Consume","Leap"],"picked":"SKIP","floor":6},{"not_picked":["Leap","Coolheaded","Cold Snap"],"picked":"SKIP","floor":7},{"not_picked":["Barrage","Streamline"],"picked":"Rebound","floor":8},{"not_picked":["Coolheaded","Stack","Buffer"],"picked":"SKIP","floor":12},{"not_picked":["Steam","Reinforced Body"],"picked":"White Noise","floor":14},{"not_picked":["Coolheaded","Leap"],"picked":"Steam+1","floor":18},{"not_picked":["Darkness","Compile Driver+1"],"picked":"Storm","floor":19},{"not_picked":["Skim","Genetic Algorithm"],"picked":"Capacitor+1","floor":22},{"not_picked":["Compile Driver","Cold Snap"],"picked":"Redo","floor":24},{"not_picked":["Steam","Leap"],"picked":"Skim+1","floor":28},{"not_picked":["Compile Driver","Steam"],"picked":"Sweeping Beam","floor":29},{"not_picked":["Coolheaded","Auto Shields","Compile Driver"],"picked":"SKIP","floor":30},{"not_picked":["FTL","Compile Driver+1"],"picked":"Reprogram","floor":31}],"player_experience":14473,"relics_obtained":[{"floor":6,"key":"Vajra"},{"floor":9,"key":"Bag of Marbles"},{"floor":10,"key":"Blood Vial"},{"floor":26,"key":"Anchor"},{"floor":28,"key":"Pen Nib"}],"event_choices":[{"cards_removed":["Defend_B"],"damage_healed":0,"gold_gain":0,"player_choice":"Card Removal","damage_taken":7,"max_hp_gain":0,"max_hp_loss":0,"event_name":"Golden Wing","floor":5,"gold_loss":0},{"damage_healed":0,"gold_gain":0,"cards_transformed":["Defend_B","Defend_B"],"player_choice":"Became Test Subject","damage_taken":0,"max_hp_gain":0,"max_hp_loss":0,"event_name":"Drug Dealer","floor":20,"gold_loss":0,"cards_obtained":["Double Energy","Biased Cognition"]},{"damage_healed":0,"gold_gain":0,"player_choice":"Joined the Cult","damage_taken":6,"max_hp_gain":0,"max_hp_loss":0,"event_name":"Nest","floor":21,"gold_loss":0,"cards_obtained":["RitualDagger"]},{"damage_healed":0,"gold_gain":275,"player_choice":"Desecrate","damage_taken":0,"max_hp_gain":0,"max_hp_loss":0,"event_name":"Golden Shrine","floor":25,"gold_loss":0,"cards_obtained":["Regret"]}],"is_beta":false,"boss_relics":[{"not_picked":["Busted Crown","Lizard Tail"],"picked":"Sozu"}],"items_purged_floors":[2,11,27],"is_endless":false,"potions_floor_spawned":[4,6,14,19,28,30],"killed_by":"Automaton","ascension_level":0}