{"gold_per_floor":[114,133,153,153,153,153,127,145,170,170,184,216,246,285,297,383,395,424,436,466,493,505,517,529,541,553,565,577,589,651,675,687,773,785,809,835,947,959],"floor_reached":38,"playtime":1522,"items_purged":[],"score":711,"play_id":"6ab167a7-6e04-4db8-ae50-5af0c3f8ba60","local_time":"20190306213947","is_ascension_mode":true,"campfire_choices":[{"data":"Whirlwind","floor":6.0,"key":"SMITH"},{"floor":10.0,"key":"REST"},{"data":"Armaments","floor":15.0,"key":"SMITH"},{"floor":23.0,"key":"REST"},{"data":"Limit Break","floor":25.0,"key":"SMITH"},{"floor":29.0,"key":"REST"},{"data":"Carnage","floor":32.0,"key":"SMITH"}],"neow_cost":"NONE","seed_source_timestamp":55191432840157,"circlet_count":0,"master_deck":["AscendersBane","Strike_R","Strike_R","Strike_R","Defend_R","Defend_R","Defend_R","Defend_R","Bash","Heavy Blade","Whirlwind+1","Anger","Armaments+1","Corruption","Thunderclap","Carnage+1","Cleave","Limit Break+1","Flex","Spot Weakness","Clothesline","Uppercut","Spot Weakness","Second Wind","Fiend Fire","True Grit","Entrench","Shrug It Off"],"special_seed":0,"relics":["Burning Blood","Art of War","Lantern","MawBank","Orichalcum","Lizard Tail","Smiling Mask","Eternal Feather","Gambling Chip"],"potions_floor_usage":[37],"damage_taken":[{"damage":17.0,"enemies":"Cultist","floor":1.0,"turns":5.0},{"damage":4.0,"enemies":"2 Louse","floor":2.0,"turns":4.0},{"damage":2.0,"enemies":"Jaw Worm","floor":3.0,"turns":3.0},{"damage":18.0,"enemies":"Blue Slaver","floor":8.0,"turns":3.0},{"damage":0.0,"enemies":"2 Fungi Beasts","floor":11.0,"turns":2.0},{"damage":10.0,"enemies":"3 Sentries","floor":12.0,"turns":3.0},{"damage":0.0,"enemies":"Looter","floor":13.0,"turns":1.0},{"damage":58.0,"enemies":"The Guardian","floor":16.0,"turns":11.0},{"damage":29.0,"enemies":"3 Byrds","floor":18.0,"turns":6.0},{"damage":0.0,"enemies":"Chosen","floor":20.0,"turns":3.0},{"damage":28.0,"enemies":"Centurion and Healer","floor":21.0,"turns":5.0},{"damage":26.0,"enemies":"Snecko","floor":31.0,"turns":6.0},{"damage":64.0,"enemies":"Champ","floor":33.0,"turns":11.0},{"damage":19,"enemies":"3 Shapes","floor":35,"turns":6},{"damage":28,"enemies":"Orb Walker","floor":36,"turns":4},{"damage":19,"enemies":"Mind Bloom Boss Battle","floor":37,"turns":8},{"damage":52,"enemies":"Transient","floor":38,"turns":3}],"seed_played":"-6541959625537493495","potions_obtained":[{"floor":3.0,"key":"PowerPotion"},{"floor":8.0,"key":"FearPotion"},{"floor":11.0,"key":"Fruit Juice"},{"floor":13.0,"key":"SpeedPotion"},{"floor":18.0,"key":"Poison Potion"},{"floor":31.0,"key":"PowerPotion"},{"floor":36,"key":"PowerPotion"},{"floor":37,"key":"Weak Potion"}],"is_trial":false,"path_per_floor":["M","M","M","?","$","R","$","M","T","R","M","E","M","T","R","B",null,"M","$","M","M","$","R","?","R","T","$","?","R","?","M","R","B",null,"M","M","?","M"],"character_chosen":"IRONCLAD","items_purchased":["Armaments"],"campfire_rested":3,"item_purchase_floors":[7],"current_hp_per_floor":[57,59,63,68,68,68,68,56,56,80,85,81,85,85,85,33,72,49,49,55,33,33,58,58,58,58,58,58,83,83,63,63,48,76,63,41,28,0],"gold":959,"neow_bonus":"RANDOM_COMMON_RELIC","is_prod":false,"is_daily":false,"chose_seed":false,"campfire_upgraded":4,"win_rate":0,"timestamp":1551868787,"path_taken":["M","?","?","?","$","R","$","M","T","R","M","E","M","?","R","BOSS","M","$","M","M","$","R","?","R","T","$","?","R","?","M","R","BOSS","M","?","?","M"],"build_version":"2019-01-23","purchased_purges":0,"victory":false,"max_hp_per_floor":[75,75,75,80,80,80,80,80,80,80,85,85,85,85,85,85,85,85,85,85,85,85,85,85,85,85,85,85,85,85,85,85,85,85,85,85,85,85],"card_choices":[{"not_picked":["Wild Strike","Pummel"],"picked":"Heavy Blade","floor":1.0},{"not_picked":["Clash","Rage"],"picked":"Whirlwind","floor":2.0},{"not_picked":["Shockwave","Searing Blow"],"picked":"Anger","floor":3.0},{"not_picked":["Impervious","Pommel Strike"],"picked":"Corruption","floor":8.0},{"not_picked":["Spot Weakness","Searing Blow"],"picked":"Thunderclap","floor":11.0},{"not_picked":["Brutality","Whirlwind"],"picked":"Carnage","floor":12.0},{"not_picked":["Sword Boomerang","Twin Strike"],"picked":"Cleave","floor":13.0},{"not_picked":["Bludgeon","Berserk"],"picked":"Limit Break","floor":16.0},{"not_picked":["Cleave","Disarm"],"picked":"Flex","floor":18.0},{"not_picked":["Twin Strike","Perfected Strike"],"picked":"Spot Weakness","floor":20.0},{"not_picked":["Clash","Headbutt"],"picked":"Clothesline","floor":21.0},{"not_picked":["Headbutt","Sword Boomerang"],"picked":"Second Wind","floor":31.0},{"not_picked":["Bludgeon","Feed"],"picked":"Fiend Fire","floor":33.0},{"not_picked":["Headbutt","Wild Strike"],"picked":"True Grit","floor":35},{"not_picked":["Warcry","Havoc+1"],"picked":"Entrench","floor":36},{"not_picked":["Perfected Strike","Inflame"],"picked":"Shrug It Off","floor":37}],"player_experience":811784,"relics_obtained":[{"floor":9.0,"key":"Lantern"},{"floor":12.0,"key":"MawBank"},{"floor":14.0,"key":"Orichalcum"},{"floor":26.0,"key":"Smiling Mask"},{"floor":37,"key":"Gambling Chip"}],"event_choices":[{"damage_healed":0.0,"max_hp_gain":5.0,"max_hp_loss":0.0,"gold_gain":0.0,"event_name":"Big Fish","player_choice":"Donut","floor":4.0,"gold_loss":0.0,"damage_taken":0.0},{"damage_healed":0.0,"max_hp_gain":0.0,"max_hp_loss":0.0,"gold_gain":0.0,"event_name":"Ghosts","player_choice":"Ignored","floor":24.0,"gold_loss":0.0,"damage_taken":0.0},{"damage_healed":0.0,"max_hp_gain":0.0,"max_hp_loss":0.0,"gold_gain":0.0,"cards_transformed":["Strike_R","Strike_R"],"event_name":"Drug Dealer","player_choice":"Became Test Subject","floor":28.0,"gold_loss":0.0,"damage_taken":0.0,"cards_obtained":["Uppercut","Spot Weakness"]},{"damage_healed":0.0,"max_hp_gain":0.0,"max_hp_loss":0.0,"gold_gain":50.0,"event_name":"Golden Shrine","player_choice":"Pray","floor":30.0,"gold_loss":0.0,"damage_taken":0.0},{"damage_healed":0,"gold_gain":0,"player_choice":"Fight","damage_taken":0,"max_hp_gain":0,"max_hp_loss":0,"event_name":"MindBloom","floor":37,"gold_loss":0}],"is_beta":false,"boss_relics":[{"not_picked":["Philosopher\u0027s Stone","Coffee Dripper"],"picked":"Lizard Tail"},{"not_picked":["Runic Cube","Velvet Choker"],"picked":"Eternal Feather"}],"items_purged_floors":[],"is_endless":false,"potions_floor_spawned":[3,8,11,13,18,31,36,37],"killed_by":"Transient","ascension_level":18}