{"gold_per_floor":[115,127,140,12,87,87,121,121,121,121,131,131,164,176,176,176],"floor_reached":16,"playtime":1134,"items_purged":["Strike_R"],"score":182,"play_id":"d840bcbd-d906-43ed-9df7-d61cc17b6a95","local_time":"20190808083614","is_ascension_mode":true,"campfire_choices":[{"data":"Hemokinesis","floor":6,"key":"SMITH"},{"data":"Shrug It Off","floor":8,"key":"SMITH"},{"data":"Sword Boomerang","floor":10,"key":"SMITH"},{"data":"Blood for Blood","floor":15,"key":"SMITH"}],"neow_cost":"NONE","seed_source_timestamp":2460209476479000,"circlet_count":0,"master_deck":["AscendersBane","Strike_R","Strike_R","Strike_R+1","Defend_R","Defend_R","Defend_R","Defend_R","Bash+1","Sword Boomerang+1","Shrug It Off+1","Hemokinesis+1","Second Wind","Pommel Strike","Blood for Blood+1"],"relics":["Burning Blood","Sundial","Bottled Lightning","PreservedInsect"],"potions_floor_usage":[7,14],"damage_taken":[{"damage":2,"enemies":"Small Slimes","floor":1,"turns":4},{"damage":4,"enemies":"2 Louse","floor":2,"turns":4},{"damage":4,"enemies":"Jaw Worm","floor":3,"turns":6},{"damage":21,"enemies":"3 Sentries","floor":7,"turns":10},{"damage":6,"enemies":"Exordium Wildlife","floor":11,"turns":5},{"damage":16,"enemies":"Gremlin Nob","floor":13,"turns":3},{"damage":7,"enemies":"Gremlin Gang","floor":14,"turns":6},{"damage":28,"enemies":"The Guardian","floor":16,"turns":10}],"seed_played":"8629760796041050768","potions_obtained":[{"floor":1,"key":"PowerPotion"},{"floor":2,"key":"Ancient Potion"},{"floor":11,"key":"GamblersBrew"}],"is_trial":false,"path_per_floor":["M","M","M","$","?","R","E","R","T","R","M","?","E","M","R","B"],"character_chosen":"IRONCLAD","items_purchased":["Pommel Strike"],"campfire_rested":0,"item_purchase_floors":[4],"current_hp_per_floor":[76,78,80,80,69,69,54,54,54,54,54,38,28,27,27,0],"gold":176,"neow_bonus":"TRANSFORM_CARD","is_prod":false,"is_daily":false,"chose_seed":false,"campfire_upgraded":4,"win_rate":0,"timestamp":1565274974,"path_taken":["M","M","M","$","?","R","E","R","T","R","M","?","E","M","R","BOSS"],"build_version":"2019-07-18","purchased_purges":1,"victory":false,"max_hp_per_floor":[80,80,80,80,80,80,80,80,80,80,80,80,80,80,80,80],"card_choices":[{"not_picked":["Rupture","Combust"],"picked":"Shrug It Off","floor":1},{"not_picked":["Pummel","Sword Boomerang"],"picked":"Hemokinesis","floor":2},{"not_picked":["Heavy Blade","Thunderclap"],"picked":"Second Wind","floor":3},{"not_picked":["Headbutt","Clothesline","Heavy Blade"],"picked":"SKIP","floor":7},{"not_picked":["True Grit","Perfected Strike"],"picked":"Blood for Blood","floor":11},{"not_picked":["Searing Blow","Anger","Thunderclap"],"picked":"SKIP","floor":13},{"not_picked":["Fiend Fire","Iron Wave","Clash"],"picked":"SKIP","floor":14}],"player_experience":249425,"relics_obtained":[{"floor":7,"key":"Sundial"},{"floor":9,"key":"Bottled Lightning"},{"floor":13,"key":"PreservedInsect"}],"event_choices":[{"damage_healed":0,"gold_gain":75,"player_choice":"Gather Gold","damage_taken":11,"max_hp_gain":0,"max_hp_loss":0,"event_name":"World of Goop","floor":5,"gold_loss":0},{"damage_healed":0,"gold_gain":0,"player_choice":"Entered Light","damage_taken":16,"max_hp_gain":0,"max_hp_loss":0,"event_name":"Shining Light","floor":12,"gold_loss":0,"cards_upgraded":["Strike_R","Bash"]}],"is_beta":true,"boss_relics":[],"items_purged_floors":[4],"is_endless":false,"potions_floor_spawned":[1,2,11],"killed_by":"The Guardian","ascension_level":13}