{"gold_per_floor":[113,113,128,128,54,54,71,85,111,139,226,273,303,331,343,355],"floor_reached":16,"playtime":514,"items_purged":[],"score":104,"play_id":"8291adb7-2392-4594-9d6e-d55cb9ff283a","local_time":"20190521004505","is_ascension_mode":false,"campfire_choices":[{"data":"Flex","floor":6,"key":"SMITH"},{"data":"Sword Boomerang","floor":15,"key":"SMITH"}],"neow_cost":"NONE","seed_source_timestamp":350897681357847,"circlet_count":0,"master_deck":["Strike_R","Strike_R","Strike_R","Strike_R","Defend_R","Defend_R","Defend_R","Defend_R","Bash","Flex+1","Sword Boomerang+1","Dual Wield"],"special_seed":0,"relics":["Burning Blood","NeowsBlessing","Ancient Tea Set","MawBank","Dream Catcher"],"potions_floor_usage":[16,16],"damage_taken":[{"damage":0.0,"enemies":"Small Slimes","floor":1.0,"turns":1.0},{"damage":0.0,"enemies":"Jaw Worm","floor":3.0,"turns":1.0},{"damage":0,"enemies":"2 Louse","floor":7,"turns":2},{"damage":16,"enemies":"Blue Slaver","floor":8,"turns":4},{"damage":19,"enemies":"Exordium Thugs","floor":10,"turns":6},{"damage":32,"enemies":"Gremlin Nob","floor":12,"turns":4},{"damage":0,"enemies":"Exordium Wildlife","floor":13,"turns":2},{"damage":20,"enemies":"Large Slime","floor":14,"turns":7},{"damage":18,"enemies":"Hexaghost","floor":16,"turns":7}],"seed_played":"1545737624211876944","potions_obtained":[{"floor":1.0,"key":"Regen Potion"},{"floor":3.0,"key":"SpeedPotion"},{"floor":10,"key":"SkillPotion"}],"is_trial":false,"path_per_floor":["M","?","M","?","$","R","M","M","T","M","?","E","M","M","R","B"],"character_chosen":"IRONCLAD","items_purchased":["Flex","Sword Boomerang"],"campfire_rested":0,"item_purchase_floors":[5,5],"current_hp_per_floor":[80,77,80,80,80,80,80,70,70,57,46,20,26,12,12,0],"gold":355,"neow_bonus":"THREE_ENEMY_KILL","is_prod":false,"is_daily":false,"chose_seed":false,"campfire_upgraded":2,"win_rate":0,"timestamp":1558370705,"path_taken":["M","?","M","?","$","R","M","M","T","M","?","E","M","M","R","BOSS"],"build_version":"2019-01-23","purchased_purges":0,"victory":false,"max_hp_per_floor":[80,80,80,80,80,80,80,80,80,80,80,80,80,80,80,80],"card_choices":[{"not_picked":["Entrench","Carnage","Shrug It Off"],"picked":"SKIP","floor":1.0},{"not_picked":["Heavy Blade","Blood for Blood","Entrench"],"picked":"SKIP","floor":3.0},{"not_picked":["Disarm","Twin Strike","Shrug It Off"],"picked":"SKIP","floor":7},{"not_picked":["Cleave","Sword Boomerang"],"picked":"Dual Wield","floor":8},{"not_picked":["Exhume","Wild Strike","Shrug It Off"],"picked":"SKIP","floor":10},{"not_picked":["Spot Weakness","Thunderclap","Limit Break"],"picked":"SKIP","floor":12},{"not_picked":["Pommel Strike","Second Wind","Perfected Strike"],"picked":"SKIP","floor":13},{"not_picked":["Pommel Strike","Second Wind","Perfected Strike"],"picked":"SKIP","floor":13},{"not_picked":["Anger","Clothesline","Perfected Strike"],"picked":"SKIP","floor":14}],"player_experience":914203,"relics_obtained":[{"floor":9,"key":"MawBank"},{"floor":12,"key":"Dream Catcher"}],"event_choices":[{"damage_healed":0.0,"max_hp_gain":0.0,"max_hp_loss":0.0,"gold_gain":0.0,"event_name":"Scrap Ooze","player_choice":"Success","floor":2.0,"gold_loss":0.0,"damage_taken":3.0,"relics_obtained":["Ancient Tea Set"]},{"cards_removed":["Strike_R"],"damage_healed":0,"gold_gain":0,"player_choice":"Forget","damage_taken":0,"max_hp_gain":0,"max_hp_loss":0,"event_name":"Living Wall","floor":4,"gold_loss":0},{"damage_healed":0,"gold_gain":75,"player_choice":"Gather Gold","damage_taken":11,"max_hp_gain":0,"max_hp_loss":0,"event_name":"World of Goop","floor":11,"gold_loss":0}],"is_beta":false,"boss_relics":[],"items_purged_floors":[],"is_endless":false,"potions_floor_spawned":[1,3,10,13,14],"killed_by":"Hexaghost","ascension_level":0}