{"gold_per_floor":[360,245,261,279,179,179,199,219,219,245,120,120,136,156,156,253,253,264,364,375,375,375,385,397,415,440,44,62,62,62,81,81,177,177,195,295,295,120,120,120,134,134,134,146,146,146],"floor_reached":46,"playtime":1923,"items_purged":["Strike_R","Strike_R","Defend_R","Defend_R","Defend_R"],"score":439,"play_id":"893caf20-5dec-48f2-9f95-54cbc3b996b7","local_time":"20190521093843","is_ascension_mode":false,"campfire_choices":[{"data":"Bash","floor":6.0,"key":"SMITH"},{"data":"Rage","floor":12.0,"key":"SMITH"},{"data":"Dropkick","floor":15.0,"key":"SMITH"},{"data":"Dual Wield","floor":29.0,"key":"SMITH"},{"data":"Strike_R","floor":32.0,"key":"SMITH"},{"data":"Strike_R","floor":40,"key":"SMITH"},{"floor":42,"key":"RECALL"}],"neow_cost":"PERCENT_DAMAGE","seed_source_timestamp":0,"circlet_count":0,"master_deck":["Strike_R+1","Strike_R+1","Bash+1","Dropkick+1","Rage+1","Dual Wield+1","Blood for Blood"],"special_seed":0,"relics":["Burning Blood","Calipers","Odd Mushroom","Coffee Dripper","Blood Vial","Sundial","Pantograph","White Beast Statue","Bird Faced Urn"],"potions_floor_usage":[33,33,41],"damage_taken":[{"damage":10.0,"enemies":"Small Slimes","floor":1.0,"turns":5.0},{"damage":1.0,"enemies":"Cultist","floor":3.0,"turns":3.0},{"damage":6.0,"enemies":"Jaw Worm","floor":4.0,"turns":2.0},{"damage":5.0,"enemies":"Looter","floor":7.0,"turns":3.0},{"damage":5.0,"enemies":"2 Fungi Beasts","floor":8.0,"turns":4.0},{"damage":19.0,"enemies":"The Mushroom Lair","floor":10.0,"turns":6.0},{"damage":3.0,"enemies":"Gremlin Gang","floor":13.0,"turns":5.0},{"damage":0.0,"enemies":"3 Louse","floor":14.0,"turns":3.0},{"damage":30.0,"enemies":"The Guardian","floor":16.0,"turns":14.0},{"damage":0.0,"enemies":"Chosen","floor":18.0,"turns":4.0},{"damage":0.0,"enemies":"2 Thieves","floor":20.0,"turns":3.0},{"damage":20.0,"enemies":"Colosseum Slavers","floor":21.0,"turns":5.0},{"damage":0.0,"enemies":"Chosen and Byrds","floor":23.0,"turns":6.0},{"damage":23.0,"enemies":"Snake Plant","floor":24.0,"turns":6.0},{"damage":2.0,"enemies":"Cultist and Chosen","floor":25.0,"turns":7.0},{"damage":10.0,"enemies":"Snecko","floor":28.0,"turns":5.0},{"damage":5.0,"enemies":"Centurion and Healer","floor":31.0,"turns":5.0},{"damage":61,"enemies":"Automaton","floor":33,"turns":10},{"damage":3,"enemies":"3 Darklings","floor":35,"turns":5},{"damage":25,"enemies":"Mind Bloom Boss Battle","floor":36,"turns":8},{"damage":41,"enemies":"3 Shapes","floor":41,"turns":6},{"damage":21,"enemies":"3 Darklings","floor":44,"turns":4}],"seed_played":"-4376063495668673909","potions_obtained":[{"floor":3.0,"key":"Energy Potion"},{"floor":7.0,"key":"Energy Potion"},{"floor":8.0,"key":"Explosive Potion"},{"floor":20.0,"key":"Ancient Potion"},{"floor":25.0,"key":"Explosive Potion"},{"floor":28.0,"key":"SteroidPotion"},{"floor":35,"key":"PowerPotion"},{"floor":36,"key":"BloodPotion"},{"floor":41,"key":"AttackPotion"},{"floor":44,"key":"SmokeBomb"}],"is_trial":false,"path_per_floor":["M","$","M","M","$","R","M","M","T","?","$","R","M","M","R","B",null,"M","?","M","?","?","M","M","M","T","$","M","R","?","M","R","B",null,"M","?","?","$","?","R","M","R","T","M","$","?"],"character_chosen":"IRONCLAD","items_purchased":["Dropkick","Sundial"],"campfire_rested":0,"item_purchase_floors":[2,27],"current_hp_per_floor":[52,52,57,57,57,57,58,59,59,46,46,46,49,55,55,31,80,80,80,80,66,66,72,55,59,59,59,57,57,57,60,60,25,80,80,61,61,61,61,61,36,36,36,23,23,23],"gold":146,"neow_bonus":"TWO_FIFTY_GOLD","is_prod":false,"is_daily":false,"chose_seed":false,"campfire_upgraded":6,"win_rate":0,"timestamp":1558402723,"path_taken":["M","$","M","M","$","R","M","M","T","?","$","R","M","M","R","BOSS","M","?","?","?","?","M","M","M","T","$","M","R","?","?","R","BOSS","M","?","?","?","?","R","?","R","T","M","$","?"],"build_version":"2019-01-23","purchased_purges":5,"victory":false,"max_hp_per_floor":[80,80,80,80,80,80,80,80,80,80,80,80,80,80,80,80,80,80,80,80,80,80,80,80,80,80,80,80,80,80,80,80,80,80,80,80,80,80,80,80,80,80,80,80,80,80],"card_choices":[{"not_picked":["True Grit","Clothesline","Perfected Strike"],"picked":"SKIP","floor":1.0},{"not_picked":["Cleave","Anger","Headbutt"],"picked":"SKIP","floor":3.0},{"not_picked":["Armaments","Reckless Charge","Uppercut"],"picked":"SKIP","floor":4.0},{"not_picked":["Wild Strike","Hemokinesis","Flex"],"picked":"SKIP","floor":7.0},{"not_picked":["Perfected Strike","Uppercut","Rage"],"picked":"SKIP","floor":8.0},{"not_picked":["Perfected Strike","Uppercut"],"picked":"Rage","floor":8.0},{"not_picked":["Sentinel","Sword Boomerang","Shrug It Off"],"picked":"SKIP","floor":13.0},{"not_picked":["Headbutt","Sever Soul","Body Slam"],"picked":"SKIP","floor":14.0},{"not_picked":["Sword Boomerang","Shrug It Off","Warcry"],"picked":"SKIP","floor":18.0},{"not_picked":["Metallicize","Warcry","Anger"],"picked":"SKIP","floor":20.0},{"not_picked":["Corruption+1","Clothesline+1","Reaper"],"picked":"SKIP","floor":23.0},{"not_picked":["Anger","Whirlwind","Shockwave"],"picked":"SKIP","floor":24.0},{"not_picked":["Second Wind","Carnage","Pommel Strike"],"picked":"SKIP","floor":25.0},{"not_picked":["Infernal Blade","Perfected Strike"],"picked":"Dual Wield","floor":28.0},{"not_picked":["Burning Pact","Disarm","Shrug It Off"],"picked":"SKIP","floor":31.0},{"not_picked":["Body Slam","Rampage","Headbutt"],"picked":"SKIP","floor":35},{"not_picked":["Searing Blow+1","Thunderclap+1","Anger+1"],"picked":"SKIP","floor":41},{"not_picked":["Twin Strike+1","Rupture","Armaments"],"picked":"SKIP","floor":44}],"player_experience":914717,"relics_obtained":[{"floor":9.0,"key":"Calipers"},{"floor":10.0,"key":"Odd Mushroom"},{"floor":26.0,"key":"Blood Vial"},{"floor":36,"key":"Bird Faced Urn"}],"event_choices":[{"damage_healed":0.0,"max_hp_gain":0.0,"max_hp_loss":0.0,"gold_gain":0.0,"event_name":"Mushrooms","player_choice":"Fought Mushrooms","floor":10.0,"gold_loss":0.0,"damage_taken":0.0},{"damage_healed":0.0,"max_hp_gain":0.0,"max_hp_loss":0.0,"gold_gain":100.0,"event_name":"Golden Shrine","player_choice":"Pray","floor":19.0,"gold_loss":0.0,"damage_taken":0.0},{"damage_healed":0.0,"max_hp_gain":0.0,"max_hp_loss":0.0,"gold_gain":0.0,"event_name":"Colosseum","player_choice":"Fight","floor":21.0,"gold_loss":0.0,"damage_taken":0.0},{"damage_healed":0.0,"max_hp_gain":0.0,"max_hp_loss":0.0,"gold_gain":0.0,"event_name":"Colosseum","player_choice":"Fled From Nobs","floor":21.0,"gold_loss":0.0,"damage_taken":0.0},{"cards_removed":["Strike_R"],"damage_healed":0.0,"max_hp_gain":0.0,"max_hp_loss":0.0,"gold_gain":0.0,"event_name":"Back to Basics","player_choice":"Elegance","floor":22.0,"gold_loss":0.0,"damage_taken":0.0},{"damage_healed":0.0,"max_hp_gain":0.0,"max_hp_loss":0.0,"gold_gain":0.0,"event_name":"WeMeetAgain","player_choice":"Gave Potion","floor":30.0,"gold_loss":0.0,"damage_taken":0.0,"relics_obtained":["Pantograph"]},{"damage_healed":0,"gold_gain":0,"player_choice":"Fight","damage_taken":0,"max_hp_gain":0,"max_hp_loss":0,"event_name":"MindBloom","floor":36,"gold_loss":0},{"damage_healed":0,"gold_gain":0,"player_choice":"Ignored","damage_taken":0,"max_hp_gain":0,"max_hp_loss":0,"event_name":"Tomb of Lord Red Mask","floor":37,"gold_loss":0},{"damage_healed":0,"gold_gain":0,"player_choice":"Ignored","damage_taken":0,"max_hp_gain":0,"max_hp_loss":0,"event_name":"SecretPortal","floor":39,"gold_loss":0},{"damage_healed":0,"gold_gain":0,"cards_transformed":["Defend_R"],"player_choice":"Transformed","damage_taken":0,"max_hp_gain":0,"max_hp_loss":0,"event_name":"Transmorgrifier","floor":46,"gold_loss":0,"cards_obtained":["Blood for Blood"]}],"is_beta":false,"boss_relics":[{"not_picked":["Velvet Choker","Ectoplasm"],"picked":"Coffee Dripper"},{"not_picked":["Sozu","Black Blood"],"picked":"White Beast Statue"}],"items_purged_floors":[2,5,11,27,38],"is_endless":false,"potions_floor_spawned":[3,7,8,14,20,21,25,28,35,36,41,44],"ascension_level":0}