{"gold_per_floor":[119,135,155,80,155,155,172,205,205,205,218,143,143,174,174,249,249,260,260,260],"floor_reached":20,"playtime":753,"items_purged":["Strike_G"],"score":364,"play_id":"70b73033-624b-47d5-b510-35d43210cf7e","local_time":"20190623165520","is_ascension_mode":true,"campfire_choices":[{"data":"Neutralize","floor":6.0,"key":"SMITH"},{"data":"Corpse Explosion","floor":10.0,"key":"SMITH"},{"data":"Acrobatics","floor":15,"key":"SMITH"}],"neow_cost":"NONE","seed_source_timestamp":451893237912679,"circlet_count":0,"master_deck":["AscendersBane","Defend_G","Defend_G","Defend_G","Defend_G","Defend_G","Strike_G","Strike_G","Survivor","Neutralize+1","Dash","Terror","Corpse Explosion+1","Well Laid Plans","Acrobatics+1","Die Die Die"],"special_seed":0,"relics":["Ring of the Serpent","Blood Vial","StoneCalendar","Kunai"],"potions_floor_usage":[16],"damage_taken":[{"damage":0.0,"enemies":"2 Louse","floor":1.0,"turns":4.0},{"damage":0.0,"enemies":"Small Slimes","floor":2.0,"turns":3.0},{"damage":2.0,"enemies":"Jaw Worm","floor":3.0,"turns":5.0},{"damage":11.0,"enemies":"Large Slime","floor":7.0,"turns":8.0},{"damage":8.0,"enemies":"Gremlin Nob","floor":8.0,"turns":4.0},{"damage":0.0,"enemies":"Exordium Wildlife","floor":11.0,"turns":4.0},{"damage":7,"enemies":"Lagavulin","floor":14,"turns":7},{"damage":15,"enemies":"Hexaghost","floor":16,"turns":9},{"damage":15,"enemies":"Chosen","floor":18,"turns":6},{"damage":22,"enemies":"Colosseum Slavers","floor":19,"turns":5},{"damage":6,"enemies":"Shell Parasite","floor":20,"turns":3}],"seed_played":"7624746492050335968","potions_obtained":[{"floor":3.0,"key":"Poison Potion"},{"floor":8.0,"key":"AttackPotion"},{"floor":11.0,"key":"SteroidPotion"},{"floor":14,"key":"Dexterity Potion"}],"is_trial":false,"path_per_floor":["M","M","M","$","?","R","M","E","T","R","M","?","?","E","R","B",null,"M","?","M"],"character_chosen":"THE_SILENT","items_purchased":[],"campfire_rested":0,"item_purchase_floors":[],"current_hp_per_floor":[61,63,63,63,52,52,43,37,37,37,39,39,39,34,34,21,55,42,22,18],"gold":260,"neow_bonus":"RANDOM_COMMON_RELIC","is_prod":false,"is_daily":false,"chose_seed":false,"campfire_upgraded":3,"win_rate":0,"timestamp":1561280120,"path_taken":["M","M","M","$","?","R","M","E","T","R","M","?","?","E","R","BOSS","M","?","M"],"build_version":"2019-01-23","purchased_purges":1,"victory":false,"max_hp_per_floor":[66,66,66,66,66,66,66,66,66,66,66,66,66,66,66,66,66,66,66,66],"card_choices":[{"not_picked":["Prepared","Blur"],"picked":"Dash","floor":1.0},{"not_picked":["Skewer","Flying Knee","Expertise"],"picked":"SKIP","floor":2.0},{"not_picked":["Sucker Punch","Poisoned Stab"],"picked":"Terror","floor":3.0},{"not_picked":["Predator","Bouncing Flask"],"picked":"Corpse Explosion","floor":7.0},{"not_picked":["Dash","Calculated Gamble"],"picked":"Well Laid Plans","floor":8.0},{"not_picked":["Escape Plan","Heel Hook"],"picked":"Acrobatics","floor":11.0},{"not_picked":["Well Laid Plans","Outmaneuver","Caltrops"],"picked":"SKIP","floor":14},{"not_picked":["Unload","Storm of Steel"],"picked":"Die Die Die","floor":16},{"not_picked":["Backflip","Masterful Stab+1","Sucker Punch+1"],"picked":"SKIP","floor":18}],"player_experience":1006581,"relics_obtained":[{"floor":9.0,"key":"StoneCalendar"},{"floor":14,"key":"Kunai"}],"event_choices":[{"damage_healed":0.0,"max_hp_gain":0.0,"max_hp_loss":0.0,"gold_gain":75.0,"event_name":"World of Goop","player_choice":"Gather Gold","floor":5.0,"gold_loss":0.0,"damage_taken":11.0},{"cards_removed":["Strike_G"],"damage_healed":0.0,"max_hp_gain":0.0,"max_hp_loss":0.0,"gold_gain":0.0,"event_name":"The Cleric","player_choice":"Card Removal","floor":12.0,"gold_loss":75.0,"damage_taken":0.0},{"cards_removed":["Strike_G"],"damage_healed":0,"gold_gain":0,"player_choice":"Forget","damage_taken":0,"max_hp_gain":0,"max_hp_loss":0,"event_name":"Living Wall","floor":13,"gold_loss":0},{"damage_healed":0,"gold_gain":0,"player_choice":"Fight","damage_taken":0,"max_hp_gain":0,"max_hp_loss":0,"event_name":"Colosseum","floor":19,"gold_loss":0},{"damage_healed":0,"gold_gain":0,"player_choice":"Fled From Nobs","damage_taken":0,"max_hp_gain":0,"max_hp_loss":0,"event_name":"Colosseum","floor":19,"gold_loss":0}],"is_beta":false,"boss_relics":[{"not_picked":["Sozu","WristBlade"],"picked":"Ring of the Serpent"}],"items_purged_floors":[4],"is_endless":false,"potions_floor_spawned":[3,8,11,14],"killed_by":"Shell Parasite","ascension_level":20}