{"gold_per_floor":[110,110,129,45,45,74,349,135,135,146,180,180,196,206,206,282,282,296,296,2,202,213,213,213,213,263,280,300,332,332,358,358,432,482,496,510,214,229,249,281,281,308,308,219,571,571,604,604,604,604,604,604,604,220,247,247],"floor_reached":57,"playtime":2721,"items_purged":["Strike_R","Bash","Strike_R+1","Defend_R"],"score":2972,"play_id":"13a5fd8d-757f-4db6-b958-615a61f5fa17","local_time":"20190702155240","is_ascension_mode":true,"campfire_choices":[{"data":"Armaments","floor":12.0,"key":"SMITH"},{"data":"Inflame","floor":15.0,"key":"SMITH"},{"data":"Strike_R","floor":23.0,"key":"PURGE"},{"data":"Strike_R","floor":25.0,"key":"PURGE"},{"data":"Strike_R","floor":30.0,"key":"PURGE"},{"data":"Offering","floor":32.0,"key":"SMITH"},{"floor":41.0,"key":"RECALL"},{"data":"Feel No Pain","floor":46.0,"key":"SMITH"},{"data":"Barricade","floor":49.0,"key":"SMITH"},{"data":"Writhe","floor":53.0,"key":"PURGE"}],"neow_cost":"NONE","seed_source_timestamp":81374150389233,"circlet_count":0,"master_deck":["AscendersBane","Defend_R","Defend_R","Defend_R+1","Armaments+1","Sword Boomerang","Inflame+1","Feel No Pain+1","Shockwave","Burning Pact","Limit Break+1","Battle Trance","Shrug It Off","Feed","Pummel","Second Wind","Pommel Strike+1","Offering+1","Body Slam","Barricade+1","Shrug It Off"],"special_seed":0,"relics":["Burning Blood","NeowsBlessing","Omamori","Darkstone Periapt","Mummified Hand","Ornamental Fan","Busted Crown","Peace Pipe","Membership Card","Bag of Preparation","Anchor","Bottled Tornado","Mercury Hourglass","Tiny House","Pantograph","Lee\u0027s Waffle","Shuriken","Ancient Tea Set","Old Coin","Letter Opener","Bronze Scales","OrangePellets","Lantern","Ginger"],"potions_floor_usage":[56],"damage_taken":[{"damage":0.0,"enemies":"Small Slimes","floor":1.0,"turns":1.0},{"damage":0.0,"enemies":"2 Louse","floor":3.0,"turns":1.0},{"damage":0.0,"enemies":"Lagavulin","floor":6.0,"turns":1.0},{"damage":1.0,"enemies":"Cultist","floor":10.0,"turns":3.0},{"damage":23.0,"enemies":"Gremlin Nob","floor":11.0,"turns":4.0},{"damage":15.0,"enemies":"Looter","floor":13.0,"turns":4.0},{"damage":18.0,"enemies":"Large Slime","floor":14.0,"turns":8.0},{"damage":17.0,"enemies":"Hexaghost","floor":16.0,"turns":9.0},{"damage":11.0,"enemies":"Chosen","floor":18.0,"turns":7.0},{"damage":6.0,"enemies":"Spheric Guardian","floor":22.0,"turns":3.0},{"damage":14.0,"enemies":"Snake Plant","floor":27.0,"turns":5.0},{"damage":7.0,"enemies":"Centurion and Healer","floor":28.0,"turns":7.0},{"damage":5.0,"enemies":"Book of Stabbing","floor":29.0,"turns":4.0},{"damage":15.0,"enemies":"Slavers","floor":31.0,"turns":7.0},{"damage":41.0,"enemies":"Collector","floor":33.0,"turns":6.0},{"damage":15.0,"enemies":"3 Shapes","floor":35.0,"turns":2.0},{"damage":9.0,"enemies":"Orb Walker","floor":36.0,"turns":4.0},{"damage":30.0,"enemies":"Spire Growth","floor":38.0,"turns":5.0},{"damage":14.0,"enemies":"Sphere and 2 Shapes","floor":39.0,"turns":4.0},{"damage":25.0,"enemies":"Reptomancer","floor":40.0,"turns":4.0},{"damage":6.0,"enemies":"Nemesis","floor":42.0,"turns":3.0},{"damage":6.0,"enemies":"2 Orb Walkers","floor":45.0,"turns":3.0},{"damage":31.0,"enemies":"Reptomancer","floor":47.0,"turns":4.0},{"damage":48.0,"enemies":"Time Eater","floor":50.0,"turns":8.0},{"damage":65.0,"enemies":"Awakened One","floor":51.0,"turns":7.0},{"damage":6.0,"enemies":"Shield and Spear","floor":55.0,"turns":5.0},{"damage":112,"enemies":"The Heart","floor":56,"turns":8}],"seed_played":"94060585764982979","potions_obtained":[{"floor":3.0,"key":"Fire Potion"},{"floor":13.0,"key":"BloodPotion"},{"floor":18.0,"key":"LiquidBronze"},{"floor":27.0,"key":"Poison Potion"},{"floor":29.0,"key":"Fire Potion"},{"floor":33.0,"key":"SkillPotion"},{"floor":34.0,"key":"SmokeBomb"},{"floor":38.0,"key":"Swift Potion"},{"floor":42.0,"key":"GamblersBrew"}],"is_trial":false,"path_per_floor":["M","?","M","$","?","E","?","$","T","M","E","R","M","M","R","B",null,"M","?","$","?","M","R","?","R","T","M","M","E","R","E","R","B",null,"M","M","$","M","M","E","R","E","T","$","?","R","E","?","R","B","B",null,"R","$","E","B",null],"character_chosen":"IRONCLAD","items_purchased":["Inflame","Shockwave","SteroidPotion","Membership Card","Bag of Preparation","Pantograph","Lee\u0027s Waffle","Body Slam","Bronze Scales","OrangePellets","Lantern","Shrug It Off"],"campfire_rested":0,"item_purchase_floors":[4,8,8,20,20,37,37,44,54,54,54,54],"current_hp_per_floor":[74,51,57,57,52,58,58,58,58,63,46,46,37,25,25,32,64,59,59,59,59,62,62,62,62,62,58,61,65,65,60,60,25,81,76,77,113,92,87,68,68,71,71,71,75,75,50,81,81,64,30,107,107,107,107,26],"gold":247,"neow_bonus":"THREE_ENEMY_KILL","is_prod":false,"is_daily":false,"chose_seed":false,"campfire_upgraded":5,"win_rate":0,"timestamp":1562053960,"path_taken":["M","?","M","$","?","E","?","$","T","?","E","R","M","M","R","BOSS","M","?","$","?","?","R","?","R","T","?","M","E","R","E","R","BOSS","M","M","?","?","M","E","R","E","T","$","?","R","E","?","R","BOSS","BOSS","R","$","E","BOSS"],"build_version":"2019-07-01","purchased_purges":4,"victory":true,"max_hp_per_floor":[75,75,75,75,75,75,75,75,75,75,75,75,75,75,75,75,75,75,75,75,75,78,78,78,78,78,82,86,89,89,93,93,93,98,102,106,113,116,119,119,119,122,122,122,126,126,126,132,132,132,132,132,132,132,132,132],"card_choices":[{"not_picked":["Pommel Strike","Sword Boomerang"],"picked":"Armaments","floor":1.0},{"not_picked":["Armaments","Thunderclap"],"picked":"Sword Boomerang","floor":3.0},{"not_picked":["Dark Embrace","Clash"],"picked":"Feel No Pain","floor":6.0},{"not_picked":["Ghostly Armor","Wild Strike"],"picked":"Burning Pact","floor":10.0},{"not_picked":["Inflame","Corruption"],"picked":"Limit Break","floor":11.0},{"not_picked":["Evolve","Shockwave"],"picked":"Battle Trance","floor":13.0},{"not_picked":["Clash","Combust"],"picked":"Shrug It Off","floor":14.0},{"not_picked":["Reaper","Bludgeon"],"picked":"Feed","floor":16.0},{"not_picked":[],"picked":"Pummel","floor":18.0},{"not_picked":["Twin Strike"],"picked":"SKIP","floor":22.0},{"not_picked":[],"picked":"Second Wind","floor":27.0},{"not_picked":[],"picked":"Pommel Strike+1","floor":28.0},{"not_picked":[],"picked":"Offering","floor":29.0},{"not_picked":["Second Wind"],"picked":"SKIP","floor":31.0},{"not_picked":["Flex"],"picked":"SKIP","floor":35.0},{"not_picked":["Intimidate"],"picked":"SKIP","floor":36.0},{"not_picked":["Carnage"],"picked":"SKIP","floor":38.0},{"not_picked":["Battle Trance"],"picked":"SKIP","floor":39.0},{"not_picked":["Cleave"],"picked":"SKIP","floor":40.0},{"not_picked":["Sever Soul"],"picked":"SKIP","floor":42.0},{"not_picked":[],"picked":"Barricade","floor":47.0},{"not_picked":["Havoc+1"],"picked":"SKIP","floor":55.0}],"player_experience":1045628,"relics_obtained":[{"floor":6.0,"key":"Darkstone Periapt"},{"floor":9.0,"key":"Mummified Hand"},{"floor":11.0,"key":"Ornamental Fan"},{"floor":26.0,"key":"Anchor"},{"floor":29.0,"key":"Bottled Tornado"},{"floor":31.0,"key":"Mercury Hourglass"},{"floor":40.0,"key":"Shuriken"},{"floor":42.0,"key":"Ancient Tea Set"},{"floor":45.0,"key":"Old Coin"},{"floor":47.0,"key":"Letter Opener"},{"floor":55.0,"key":"Ginger"}],"event_choices":[{"damage_healed":0.0,"max_hp_gain":0.0,"max_hp_loss":0.0,"gold_gain":0.0,"event_name":"Shining Light","player_choice":"Entered Light","floor":2.0,"gold_loss":0.0,"damage_taken":23.0,"cards_upgraded":["Defend_R","Strike_R"]},{"damage_healed":0.0,"max_hp_gain":0.0,"max_hp_loss":0.0,"gold_gain":0.0,"event_name":"Scrap Ooze","player_choice":"Success","floor":5.0,"gold_loss":0.0,"damage_taken":5.0,"relics_obtained":["Omamori"]},{"damage_healed":0.0,"max_hp_gain":0.0,"max_hp_loss":0.0,"gold_gain":275.0,"event_name":"Golden Shrine","player_choice":"Desecrate","floor":7.0,"gold_loss":0.0,"damage_taken":0.0,"cards_obtained":["Regret"]},{"damage_healed":0.0,"max_hp_gain":0.0,"max_hp_loss":0.0,"gold_gain":0.0,"event_name":"Addict","player_choice":"Stole Relic","floor":19.0,"gold_loss":0.0,"damage_taken":0.0,"relics_obtained":["Peace Pipe"],"cards_obtained":["Shame"]},{"damage_healed":0.0,"max_hp_gain":0.0,"max_hp_loss":0.0,"gold_gain":200.0,"event_name":"Wheel of Change","player_choice":"Gold","floor":21.0,"gold_loss":0.0,"damage_taken":0.0},{"damage_healed":0.0,"max_hp_gain":0.0,"max_hp_loss":0.0,"gold_gain":0.0,"event_name":"N\u0027loth","player_choice":"Ignored","floor":24.0,"gold_loss":0.0,"damage_taken":0.0},{"damage_healed":0.0,"max_hp_gain":0.0,"max_hp_loss":0.0,"gold_gain":0.0,"event_name":"Mysterious Sphere","player_choice":"Fight","floor":45.0,"gold_loss":0.0,"damage_taken":0.0},{"damage_healed":25.0,"max_hp_gain":0.0,"max_hp_loss":0.0,"gold_gain":0.0,"event_name":"Winding Halls","player_choice":"Writhe","floor":48.0,"gold_loss":0.0,"damage_taken":0.0,"cards_obtained":["Writhe"]}],"is_beta":false,"boss_relics":[{"not_picked":["Runic Pyramid","Black Star"],"picked":"Busted Crown"},{"not_picked":["Mark of Pain","Eternal Feather"],"picked":"Tiny House"}],"items_purged_floors":[8,37,44,54],"is_endless":false,"potions_floor_spawned":[3,13,14,18,27,29,33,36,38,42],"ascension_level":20}