{"gold_per_floor":[117,129,204,204,204,204,50,50,77,98,98],"floor_reached":11,"playtime":91,"items_purged":[],"score":61,"play_id":"1cafc460-235c-4f72-b60b-957934000e6d","local_time":"20190708095616","is_ascension_mode":false,"campfire_choices":[{"data":"Shrug It Off","floor":6,"key":"SMITH"}],"neow_cost":"NONE","seed_source_timestamp":387665746737709,"circlet_count":0,"master_deck":["Strike_R","Strike_R","Strike_R","Strike_R","Defend_R","Defend_R","Defend_R","Defend_R","Bash","Shrug It Off+1","Limit Break"],"relics":["Burning Blood","NeowsBlessing","Golden Idol","Strawberry"],"potions_floor_usage":[],"damage_taken":[{"damage":0,"enemies":"Cultist","floor":1,"turns":1},{"damage":0,"enemies":"Jaw Worm","floor":2,"turns":1},{"damage":0,"enemies":"Small Slimes","floor":10,"turns":1},{"damage":0,"enemies":"Gremlin Nob","floor":11,"turns":1}],"seed_played":"4277442286059963109","potions_obtained":[{"floor":2,"key":"Explosive Potion"},{"floor":10,"key":"Ancient Potion"}],"is_trial":false,"path_per_floor":["M","M","?","?","?","R","$","?","T","M","E"],"character_chosen":"IRONCLAD","items_purchased":["Limit Break"],"campfire_rested":0,"item_purchase_floors":[7],"current_hp_per_floor":[80,80,69,49,75,75,75,68,75,81,81],"gold":98,"neow_bonus":"THREE_ENEMY_KILL","is_prod":false,"is_daily":false,"chose_seed":false,"campfire_upgraded":1,"win_rate":0,"timestamp":1562550976,"path_taken":["M","?","?","?","?","R","$","?","T","?","E"],"build_version":"2019-07-05","purchased_purges":0,"victory":false,"max_hp_per_floor":[80,80,80,80,80,80,80,80,87,87,87],"card_choices":[{"not_picked":["Thunderclap","Infernal Blade","Havoc"],"picked":"SKIP","floor":1},{"not_picked":["Heavy Blade","Double Tap"],"picked":"Shrug It Off","floor":2},{"not_picked":["Clothesline","Warcry","Shrug It Off"],"picked":"SKIP","floor":10}],"player_experience":1059743,"relics_obtained":[{"floor":9,"key":"Strawberry"}],"event_choices":[{"damage_healed":0,"gold_gain":75,"player_choice":"Gather Gold","damage_taken":11,"max_hp_gain":0,"max_hp_loss":0,"event_name":"World of Goop","floor":3,"gold_loss":0},{"damage_healed":0,"gold_gain":0,"player_choice":"Take Damage","damage_taken":20,"relics_obtained":["Golden Idol"],"max_hp_gain":0,"max_hp_loss":0,"event_name":"Golden Idol","floor":4,"gold_loss":0},{"damage_healed":26,"gold_gain":0,"player_choice":"Banana","damage_taken":0,"max_hp_gain":0,"max_hp_loss":0,"event_name":"Big Fish","floor":5,"gold_loss":0},{"cards_removed":["Strike_R"],"damage_healed":0,"gold_gain":0,"player_choice":"Card Removal","damage_taken":7,"max_hp_gain":0,"max_hp_loss":0,"event_name":"Golden Wing","floor":8,"gold_loss":0}],"is_beta":false,"boss_relics":[],"items_purged_floors":[],"is_endless":false,"potions_floor_spawned":[2,10],"killed_by":"Gremlin Nob","ascension_level":0}