{"gold_per_floor":[113,38,52,2,16,16,16,31,31,58,58,71,71,91,91,189,189,202,220,73,173,173],"floor_reached":22,"playtime":1053,"items_purged":["Regret","Strike_B"],"score":186,"play_id":"3a953ede-5815-486f-9b56-75c8071868fa","local_time":"20181231162842","is_ascension_mode":false,"campfire_choices":[{"data":"Hologram","floor":6,"key":"SMITH"},{"floor":11,"key":"REST"},{"data":"Streamline","floor":13,"key":"SMITH"},{"floor":15,"key":"REST"}],"neow_cost":"CURSE","seed_source_timestamp":94621972870867,"circlet_count":0,"master_deck":["Defend_B","Defend_B","Defend_B","Defend_B","Zap","Dualcast","Rebound","Amplify","Gash","Genetic Algorithm","Hologram+1","Go for the Eyes","Coolheaded","Streamline+1","Ball Lightning","Meteor Strike","Cold Snap","Gash","Conserve Battery"],"relics":["Cracked Core","Shuriken","Matryoshka","Eternal Feather"],"potions_floor_usage":[8,12,16],"damage_taken":[{"damage":3,"enemies":"Cultist","floor":1,"turns":3},{"damage":7,"enemies":"2 Louse","floor":3,"turns":2},{"damage":0,"enemies":"Jaw Worm","floor":5,"turns":3},{"damage":0,"enemies":"Red Slaver","floor":8,"turns":2},{"damage":39,"enemies":"3 Sentries","floor":10,"turns":8},{"damage":21,"enemies":"Gremlin Gang","floor":12,"turns":5},{"damage":17,"enemies":"Lots of Slimes","floor":14,"turns":4},{"damage":42,"enemies":"Slime Boss","floor":16,"turns":8},{"damage":47,"enemies":"3 Byrds","floor":18,"turns":7},{"damage":16,"enemies":"Shell Parasite","floor":19,"turns":6},{"damage":17,"enemies":"Cultist and Chosen","floor":22,"turns":5}],"seed_played":"-285591887487481110","potions_obtained":[{"floor":1,"key":"LiquidBronze"},{"floor":3,"key":"AttackPotion"},{"floor":8,"key":"GamblersBrew"},{"floor":10,"key":"Regen Potion"},{"floor":12,"key":"Energy Potion"},{"floor":16,"key":"FearPotion"},{"floor":19,"key":"SkillPotion"}],"is_trial":false,"path_per_floor":["M","$","M","?","M","R","?","M","T","E","R","M","R","M","R","B",null,"M","M","$","?","M"],"character_chosen":"DEFECT","items_purchased":["Conserve Battery"],"campfire_rested":2,"item_purchase_floors":[20],"current_hp_per_floor":[72,72,65,65,65,65,75,75,75,36,58,49,49,32,54,12,75,28,12,12,12,0],"gold":173,"neow_bonus":"TRANSFORM_TWO_CARDS","is_prod":false,"is_daily":false,"chose_seed":false,"campfire_upgraded":2,"win_rate":0,"timestamp":1546234122,"path_taken":["M","$","?","?","M","R","?","M","T","E","R","M","R","M","R","BOSS","M","M","$","?","?"],"build_version":"2018-12-20","purchased_purges":2,"victory":false,"max_hp_per_floor":[75,75,75,75,75,75,75,75,75,75,75,75,75,75,75,75,75,75,75,75,75,75],"card_choices":[{"not_picked":["Steam","Conserve Battery"],"picked":"Gash","floor":1},{"not_picked":["Chaos","Stack"],"picked":"Genetic Algorithm","floor":3},{"not_picked":["Barrage","Loop"],"picked":"Hologram","floor":5},{"not_picked":["Blizzard","Force Field"],"picked":"Go for the Eyes","floor":8},{"not_picked":["Meteor Strike","Force Field"],"picked":"Coolheaded","floor":10},{"not_picked":["Sweeping Beam","Doom and Gloom"],"picked":"Streamline","floor":12},{"not_picked":["BootSequence","Recycle"],"picked":"Ball Lightning","floor":14},{"not_picked":["Biased Cognition","Fission"],"picked":"Meteor Strike","floor":16},{"not_picked":["Rip and Tear+1","Hologram"],"picked":"Cold Snap","floor":18},{"not_picked":["Genetic Algorithm+1","Compile Driver"],"picked":"Gash","floor":19}],"player_experience":367151,"relics_obtained":[{"floor":9,"key":"Shuriken"},{"floor":10,"key":"Matryoshka"}],"event_choices":[{"cards_removed":["Strike_B"],"damage_healed":0,"gold_gain":0,"player_choice":"Card Removal","damage_taken":0,"max_hp_gain":0,"max_hp_loss":0,"event_name":"The Cleric","floor":4,"gold_loss":50},{"damage_healed":10,"gold_gain":0,"player_choice":"Full Heal","damage_taken":0,"max_hp_gain":0,"max_hp_loss":0,"event_name":"Wheel of Change","floor":7,"gold_loss":0},{"damage_healed":0,"gold_gain":100,"player_choice":"Pray","damage_taken":0,"max_hp_gain":0,"max_hp_loss":0,"event_name":"Golden Shrine","floor":21,"gold_loss":0}],"is_beta":false,"boss_relics":[{"not_picked":["Lizard Tail","Fusion Hammer"],"picked":"Eternal Feather"}],"items_purged_floors":[2,20],"is_endless":false,"potions_floor_spawned":[1,3,8,10,12,16,19],"killed_by":"Cultist and Chosen","ascension_level":0}