{"gold_per_floor":[115,6,25,25,37,62,74,109,121,133,174,186,198,224,236,350,362,387,68,81,81,81],"floor_reached":22,"playtime":2307,"items_purged":["Strike_G"],"score":207,"play_id":"6a1cb6bb-b6f8-4341-bf5f-3bdebaff2335","local_time":"20190226005822","is_ascension_mode":false,"campfire_choices":[{"data":"Catalyst","floor":7,"key":"SMITH"},{"data":"Deadly Poison","floor":10,"key":"SMITH"},{"data":"Catalyst","floor":12,"key":"SMITH"},{"floor":15,"key":"REST"}],"neow_cost":"NONE","seed_source_timestamp":116749568532800,"circlet_count":0,"master_deck":["Defend_G","Defend_G","Defend_G","Defend_G","Defend_G","Strike_G","Strike_G","Strike_G","Strike_G","Survivor","Neutralize","Deadly Poison+1","PanicButton","Deadly Poison","Leg Sweep","Catalyst+1","Catalyst+1","Well Laid Plans","Wraith Form v2","Slice+1","Apotheosis","Doppelganger","Dash","RitualDagger"],"relics":["Ring of the Snake","MawBank","Orichalcum","Gremlin Horn","PreservedInsect","Philosopher\u0027s Stone"],"potions_floor_usage":[16,18,18],"damage_taken":[{"damage":2,"enemies":"Small Slimes","floor":1,"turns":5},{"damage":0,"enemies":"Jaw Worm","floor":3,"turns":4},{"damage":0,"enemies":"2 Louse","floor":6,"turns":6},{"damage":19,"enemies":"Gremlin Nob","floor":11,"turns":4},{"damage":0,"enemies":"2 Fungi Beasts","floor":14,"turns":4},{"damage":3,"enemies":"The Guardian","floor":16,"turns":4},{"damage":16,"enemies":"Spheric Guardian","floor":18,"turns":6},{"damage":24,"enemies":"3 Byrds","floor":20,"turns":6},{"damage":31,"enemies":"3 Cultists","floor":22,"turns":4}],"seed_played":"-1850787445660465646","potions_obtained":[{"floor":1,"key":"FearPotion"},{"floor":11,"key":"Weak Potion"},{"floor":16,"key":"SpeedPotion"},{"floor":18,"key":"SteroidPotion"}],"is_trial":false,"path_per_floor":["M","$","M","?","$","M","R","T","T","R","E","R","?","M","R","B",null,"M","$","M","?","M"],"character_chosen":"THE_SILENT","items_purchased":["PanicButton","Deadly Poison","Apotheosis","Doppelganger"],"campfire_rested":1,"item_purchase_floors":[2,2,19,19],"current_hp_per_floor":[75,75,75,72,72,72,72,72,72,72,53,53,53,53,76,73,77,61,61,37,31,0],"gold":81,"neow_bonus":"TEN_PERCENT_HP_BONUS","is_prod":false,"is_daily":false,"chose_seed":false,"campfire_upgraded":3,"win_rate":0,"timestamp":1551167902,"path_taken":["M","$","M","?","$","M","R","?","T","R","E","R","?","M","R","BOSS","M","$","M","?","M"],"build_version":"2019-01-23","purchased_purges":1,"victory":false,"max_hp_per_floor":[77,77,77,77,77,77,77,77,77,77,77,77,77,77,77,77,77,77,77,77,77,77],"card_choices":[{"not_picked":["Backflip","Slice"],"picked":"Deadly Poison","floor":1},{"not_picked":["Dodge and Roll","Masterful Stab"],"picked":"Leg Sweep","floor":3},{"not_picked":["Blade Dance","Leg Sweep"],"picked":"Catalyst","floor":6},{"not_picked":["Blade Dance","Dagger Spray"],"picked":"Catalyst","floor":11},{"not_picked":["Terror","PiercingWail"],"picked":"Well Laid Plans","floor":14},{"not_picked":["Bullet Time","Corpse Explosion"],"picked":"Wraith Form v2","floor":16},{"not_picked":["Eviscerate","Outmaneuver"],"picked":"Slice+1","floor":18},{"not_picked":["Flying Knee","Predator"],"picked":"Dash","floor":20}],"player_experience":101794,"relics_obtained":[{"floor":8,"key":"Orichalcum"},{"floor":9,"key":"Gremlin Horn"},{"floor":11,"key":"PreservedInsect"}],"event_choices":[{"damage_healed":0,"gold_gain":0,"player_choice":"Success","damage_taken":3,"relics_obtained":["MawBank"],"max_hp_gain":0,"max_hp_loss":0,"event_name":"Scrap Ooze","floor":4,"gold_loss":0},{"damage_healed":0,"gold_gain":0,"player_choice":"Ignored","damage_taken":0,"max_hp_gain":0,"max_hp_loss":0,"event_name":"Shining Light","floor":13,"gold_loss":0},{"damage_healed":0,"gold_gain":0,"player_choice":"Joined the Cult","damage_taken":6,"max_hp_gain":0,"max_hp_loss":0,"event_name":"Nest","floor":21,"gold_loss":0,"cards_obtained":["RitualDagger"]}],"is_beta":false,"boss_relics":[{"not_picked":["Runic Pyramid","Ring of the Serpent"],"picked":"Philosopher\u0027s Stone"}],"items_purged_floors":[19],"is_endless":false,"potions_floor_spawned":[1,11,16,18],"killed_by":"3 Cultists","ascension_level":0}