{"gold_per_floor":[117,192,192,192,212,212,61,96,122,141,41,66,66,66,66,139,139,90,6,6,26,26,26,51,51,77,77,88,105,8,40,40,111,111,127,127,146,166,166,177,52,52,124,134,159,9,9,25,25,25,25,25,25,25,55,55],"floor_reached":57,"playtime":4493,"items_purged":["Strike_G","Strike_G","Poisoned Stab","Bane"],"score":2937,"play_id":"05705166-4e7b-460b-abb5-7f97e10f27b7","local_time":"20190710105810","is_ascension_mode":true,"campfire_choices":[{"data":"Deadly Poison","floor":6.0,"key":"SMITH"},{"data":"Neutralize","floor":13.0,"key":"SMITH"},{"data":"Acrobatics","floor":15.0,"key":"SMITH"},{"data":"Tactician","floor":23.0,"key":"SMITH"},{"data":"Calculated Gamble","floor":25.0,"key":"SMITH"},{"data":"Footwork","floor":27.0,"key":"SMITH"},{"data":"Well Laid Plans","floor":32.0,"key":"SMITH"},{"floor":42.0,"key":"RECALL"},{"data":"Footwork","floor":47.0,"key":"SMITH"},{"data":"Venomology","floor":49.0,"key":"SMITH"},{"data":"Survivor","floor":53.0,"key":"SMITH"}],"neow_cost":"NONE","seed_source_timestamp":149864253218342,"circlet_count":0,"master_deck":["AscendersBane","Survivor+1","Neutralize+1","Acrobatics+1","Calculated Gamble+1","Deadly Poison+1","Well Laid Plans+1","Dash","Backstab","After Image","Venomology+1","Tactician+1","Corpse Explosion+1","Footwork+1","Footwork+1","Prepared+1","After Image","Expertise+1","Accuracy","Backstab","Leg Sweep+1","Backflip+1","PiercingWail+1","Acrobatics+1"],"special_seed":0,"relics":["Ring of the Snake","NeowsBlessing","Bag of Preparation","Potion Belt","Philosopher\u0027s Stone","Toxic Egg 2","Singing Bowl","Ancient Tea Set","Red Mask","Pandora\u0027s Box","Molten Egg 2","Blue Candle","Orichalcum"],"potions_floor_usage":[56,56,56,56],"damage_taken":[{"damage":0.0,"enemies":"Cultist","floor":1.0,"turns":1.0},{"damage":0.0,"enemies":"Jaw Worm","floor":5.0,"turns":1.0},{"damage":0.0,"enemies":"Gremlin Nob","floor":8.0,"turns":1.0},{"damage":2.0,"enemies":"Small Slimes","floor":10.0,"turns":4.0},{"damage":25.0,"enemies":"3 Sentries","floor":12.0,"turns":13.0},{"damage":6.0,"enemies":"The Guardian","floor":16.0,"turns":11.0},{"damage":30.0,"enemies":"2 Thieves","floor":18.0,"turns":5.0},{"damage":0.0,"enemies":"Chosen","floor":21.0,"turns":4.0},{"damage":0.0,"enemies":"Slavers","floor":24.0,"turns":1.0},{"damage":0.0,"enemies":"Snake Plant","floor":28.0,"turns":4.0},{"damage":0.0,"enemies":"Snecko","floor":29.0,"turns":6.0},{"damage":1.0,"enemies":"Masked Bandits","floor":31.0,"turns":2.0},{"damage":15.0,"enemies":"Champ","floor":33.0,"turns":12.0},{"damage":0.0,"enemies":"3 Darklings","floor":35.0,"turns":1.0},{"damage":0.0,"enemies":"3 Shapes","floor":37.0,"turns":1.0},{"damage":0.0,"enemies":"Maw","floor":38.0,"turns":7.0},{"damage":0.0,"enemies":"Sphere and 2 Shapes","floor":40.0,"turns":4.0},{"damage":0.0,"enemies":"Transient","floor":44.0,"turns":6.0},{"damage":0.0,"enemies":"Reptomancer","floor":45.0,"turns":6.0},{"damage":0.0,"enemies":"4 Shapes","floor":48.0,"turns":1.0},{"damage":3.0,"enemies":"Time Eater","floor":50.0,"turns":13.0},{"damage":0.0,"enemies":"Awakened One","floor":51.0,"turns":8.0},{"damage":1.0,"enemies":"Shield and Spear","floor":55.0,"turns":5.0},{"damage":44,"enemies":"The Heart","floor":56,"turns":14}],"seed_played":"5822570385847142208","potions_obtained":[{"floor":5.0,"key":"Regen Potion"},{"floor":12.0,"key":"SteroidPotion"},{"floor":18.0,"key":"SteroidPotion"},{"floor":21.0,"key":"GamblersBrew"},{"floor":33.0,"key":"SteroidPotion"},{"floor":37.0,"key":"Dexterity Potion"},{"floor":45.0,"key":"Fire Potion"}],"is_trial":false,"path_per_floor":["M","?","?","?","M","R","$","E","T","M","$","E","R","$","R","B",null,"M","$","T","M","?","R","E","R","T","R","M","M","$","?","R","B",null,"M","?","M","M","?","M","$","R","T","M","E","$","R","M","R","B","B",null,"R","$","E","B",null],"character_chosen":"THE_SILENT","items_purchased":["Well Laid Plans","Tactician","Footwork","Prepared+1"],"campfire_rested":0,"item_purchase_floors":[7,19,30,30],"current_hp_per_floor":[59,48,48,48,48,48,48,48,48,46,46,36,36,36,36,30,57,27,27,27,27,27,27,27,27,27,27,29,31,31,32,32,17,58,60,56,56,58,58,60,60,60,60,62,62,62,62,64,64,61,61,81,81,81,80,36],"gold":55,"neow_bonus":"THREE_ENEMY_KILL","is_prod":false,"is_daily":false,"chose_seed":false,"campfire_upgraded":10,"win_rate":0,"timestamp":1562727490,"path_taken":["M","?","?","?","M","R","$","E","T","M","$","E","R","?","R","BOSS","M","$","?","M","?","R","E","R","T","R","?","?","$","?","R","BOSS","M","?","M","M","?","M","$","R","T","M","E","$","R","M","R","BOSS","BOSS","R","$","E","BOSS"],"build_version":"2019-07-05","purchased_purges":4,"victory":true,"max_hp_per_floor":[66,66,66,66,66,66,66,66,66,66,66,66,66,66,66,66,66,66,66,66,66,66,66,66,66,66,66,68,70,70,72,72,72,72,74,80,80,82,82,84,84,84,84,86,86,86,86,88,88,88,88,88,88,88,88,88],"card_choices":[{"not_picked":["Outmaneuver","Predator"],"picked":"Acrobatics","floor":1.0},{"not_picked":["Deflect","Caltrops"],"picked":"Deadly Poison","floor":5.0},{"not_picked":["Infinite Blades","Leg Sweep"],"picked":"Dash","floor":8.0},{"not_picked":["Backstab","Sucker Punch","Dodge and Roll"],"picked":"SKIP","floor":10.0},{"not_picked":["Sucker Punch","Dodge and Roll"],"picked":"Backstab","floor":10.0},{"not_picked":["Eviscerate","Sucker Punch"],"picked":"After Image","floor":12.0},{"not_picked":["Envenom","Night Terror"],"picked":"Venomology","floor":16.0},{"not_picked":["Concentrate","Quick Slash","Bane"],"picked":"SKIP","floor":18.0},{"not_picked":["Sucker Punch","Blade Dance+1","Bane"],"picked":"SKIP","floor":21.0},{"not_picked":["Bane","Dodge and Roll+1"],"picked":"Footwork","floor":24.0},{"not_picked":["Bouncing Flask+1","Dagger Spray","Slice"],"picked":"Singing Bowl","floor":28.0},{"not_picked":["Eviscerate","Finisher","Endless Agony"],"picked":"Singing Bowl","floor":29.0},{"not_picked":["Footwork","Concentrate+1","Dagger Spray"],"picked":"Singing Bowl","floor":31.0},{"not_picked":["Die Die Die","Unload"],"picked":"After Image","floor":33.0},{"not_picked":["Quick Slash","Poisoned Stab+1","Outmaneuver+1"],"picked":"Singing Bowl","floor":35.0},{"not_picked":["Secret Technique+1","Panacea+1","Madness+1"],"picked":"Singing Bowl","floor":36.0},{"not_picked":["Mind Blast","Magnetism","Madness+1"],"picked":"Singing Bowl","floor":36.0},{"not_picked":["Discovery+1","Jack Of All Trades+1","Bandage Up+1"],"picked":"Singing Bowl","floor":36.0},{"not_picked":["Blade Dance+1","Backstab"],"picked":"Backflip+1","floor":37.0},{"not_picked":["Dodge and Roll+1","Slice","Underhanded Strike+1"],"picked":"Singing Bowl","floor":38.0},{"not_picked":["Caltrops","Bane+1","Skewer"],"picked":"Singing Bowl","floor":40.0},{"not_picked":["Backflip+1","Dagger Spray+1","Deadly Poison+1"],"picked":"Singing Bowl","floor":44.0},{"not_picked":["Blade Dance+1","Corpse Explosion+1"],"picked":"PiercingWail+1","floor":45.0},{"not_picked":["Blade Dance+1","Predator+1","PiercingWail+1"],"picked":"Singing Bowl","floor":48.0},{"not_picked":["Glass Knife+1","Noxious Fumes"],"picked":"Acrobatics+1","floor":55.0}],"player_experience":1083101,"relics_obtained":[{"floor":8.0,"key":"Bag of Preparation"},{"floor":12.0,"key":"Potion Belt"},{"floor":20.0,"key":"Toxic Egg 2"},{"floor":24.0,"key":"Singing Bowl"},{"floor":26.0,"key":"Ancient Tea Set"},{"floor":31.0,"key":"Red Mask"},{"floor":43.0,"key":"Molten Egg 2"},{"floor":45.0,"key":"Blue Candle"},{"floor":55.0,"key":"Orichalcum"}],"event_choices":[{"damage_healed":0.0,"max_hp_gain":0.0,"max_hp_loss":0.0,"gold_gain":75.0,"event_name":"World of Goop","player_choice":"Gather Gold","floor":2.0,"gold_loss":0.0,"damage_taken":11.0},{"damage_healed":0.0,"max_hp_gain":0.0,"max_hp_loss":0.0,"gold_gain":0.0,"cards_transformed":["Strike_G"],"event_name":"Living Wall","player_choice":"Change","floor":3.0,"gold_loss":0.0,"damage_taken":0.0,"cards_obtained":["Calculated Gamble"]},{"damage_healed":0.0,"max_hp_gain":0.0,"max_hp_loss":0.0,"gold_gain":0.0,"event_name":"Liars Game","player_choice":"Ignored","floor":4.0,"gold_loss":0.0,"damage_taken":0.0},{"damage_healed":0.0,"max_hp_gain":0.0,"max_hp_loss":0.0,"gold_gain":0.0,"cards_transformed":["Strike_G"],"event_name":"Transmorgrifier","player_choice":"Transformed","floor":22.0,"gold_loss":0.0,"damage_taken":0.0,"cards_obtained":["Corpse Explosion"]},{"damage_healed":0.0,"max_hp_gain":0.0,"max_hp_loss":0.0,"gold_gain":0.0,"event_name":"Masked Bandits","player_choice":"Fought Bandits","floor":31.0,"gold_loss":0.0,"damage_taken":0.0},{"damage_healed":0.0,"max_hp_gain":0.0,"max_hp_loss":0.0,"gold_gain":0.0,"event_name":"SensoryStone","player_choice":"Memory 3","floor":36.0,"gold_loss":0.0,"damage_taken":10.0},{"damage_healed":0.0,"max_hp_gain":0.0,"max_hp_loss":0.0,"gold_gain":0.0,"event_name":"Mysterious Sphere","player_choice":"Ignored","floor":39.0,"gold_loss":0.0,"damage_taken":0.0}],"is_beta":false,"boss_relics":[{"not_picked":["Fusion Hammer","Black Star"],"picked":"Philosopher\u0027s Stone"},{"not_picked":["Lizard Tail","Eternal Feather"],"picked":"Pandora\u0027s Box"}],"items_purged_floors":[7,11,41,46],"is_endless":false,"potions_floor_spawned":[5,12,18,21,33,37,44,45],"ascension_level":20}