{"gold_per_floor":[114,134,134,134,150,150,200,213,264,264,37,37,51,84,84,84],"floor_reached":16,"playtime":389,"items_purged":[],"score":200,"play_id":"96012ac9-2ec4-4e8f-8e07-0fb478d17c26","local_time":"20190602194346","is_ascension_mode":true,"campfire_choices":[{"data":"Sword Boomerang","floor":6.0,"key":"SMITH"},{"data":"Flex","floor":10.0,"key":"SMITH"},{"data":"True Grit","floor":15,"key":"SMITH"}],"neow_cost":"NONE","seed_source_timestamp":1068720943005818,"circlet_count":0,"master_deck":["AscendersBane","Strike_R","Strike_R","Strike_R","Strike_R","Strike_R","Defend_R","Defend_R","Defend_R","Defend_R","Bash","Feel No Pain+1","Sword Boomerang+1","Flex+1","True Grit+1"],"special_seed":0,"relics":["Burning Blood","Gambling Chip","Juzu Bracelet","Lee\u0027s Waffle","Shovel"],"potions_floor_usage":[],"damage_taken":[{"damage":3.0,"enemies":"2 Louse","floor":1.0,"turns":4.0},{"damage":19.0,"enemies":"Jaw Worm","floor":2.0,"turns":5.0},{"damage":15.0,"enemies":"Small Slimes","floor":5.0,"turns":3.0},{"damage":42.0,"enemies":"Gremlin Gang","floor":8.0,"turns":6.0},{"damage":24.0,"enemies":"3 Louse","floor":13.0,"turns":4.0},{"damage":52.0,"enemies":"Gremlin Nob","floor":14.0,"turns":5.0},{"damage":14,"enemies":"Hexaghost","floor":16,"turns":7}],"seed_played":"6413960212153330786","potions_obtained":[{"floor":1.0,"key":"Strength Potion"},{"floor":5.0,"key":"EssenceOfSteel"}],"is_trial":false,"path_per_floor":["M","M","?","T","M","R","?","M","T","R","$","?","M","E","R","B"],"character_chosen":"IRONCLAD","items_purchased":["Lee\u0027s Waffle"],"campfire_rested":0,"item_purchase_floors":[11],"current_hp_per_floor":[71,58,75,75,66,66,59,23,23,23,82,82,64,18,18,4],"gold":84,"neow_bonus":"THREE_CARDS","is_prod":false,"is_daily":false,"chose_seed":false,"campfire_upgraded":3,"win_rate":0,"timestamp":1559475826,"path_taken":["M","M","?","?","M","R","?","M","T","R","$","?","M","E","R","BOSS"],"build_version":"2019-01-23","purchased_purges":0,"victory":false,"max_hp_per_floor":[75,75,75,75,75,75,75,75,75,75,82,82,82,82,82,82],"card_choices":[{"not_picked":["Cleave","Combust"],"picked":"Feel No Pain","floor":0.0},{"not_picked":["Anger","Twin Strike","Sentinel"],"picked":"SKIP","floor":1.0},{"not_picked":["Combust","Reckless Charge","Rage"],"picked":"SKIP","floor":2.0},{"not_picked":["Clash","Twin Strike"],"picked":"Sword Boomerang","floor":5.0},{"not_picked":["Rupture","Twin Strike"],"picked":"Flex","floor":8.0},{"not_picked":["Bludgeon","Havoc"],"picked":"True Grit","floor":13.0},{"not_picked":["Anger","Corruption","Sword Boomerang"],"picked":"SKIP","floor":14.0}],"player_experience":963456,"relics_obtained":[{"floor":4.0,"key":"Gambling Chip"},{"floor":9.0,"key":"Juzu Bracelet"},{"floor":14.0,"key":"Shovel"}],"event_choices":[{"damage_healed":25.0,"max_hp_gain":0.0,"max_hp_loss":0.0,"gold_gain":0.0,"event_name":"Big Fish","player_choice":"Banana","floor":3.0,"gold_loss":0.0,"damage_taken":0.0},{"damage_healed":0.0,"max_hp_gain":0.0,"max_hp_loss":0.0,"gold_gain":50.0,"event_name":"FaceTrader","player_choice":"Touch","floor":7.0,"gold_loss":0.0,"damage_taken":7.0},{"damage_healed":0.0,"max_hp_gain":0.0,"max_hp_loss":0.0,"gold_gain":0.0,"event_name":"Upgrade Shrine","player_choice":"Upgraded","floor":12.0,"gold_loss":0.0,"damage_taken":0.0,"cards_upgraded":["Feel No Pain"]}],"is_beta":false,"boss_relics":[],"items_purged_floors":[],"is_endless":false,"potions_floor_spawned":[1,5],"killed_by":"Hexaghost","ascension_level":20}