{"gold_per_floor":[366,380,392,137,87,115,125,125,151,178,353,353,428,444,444,544,544,559,559,559,145,0,0,31,28,28,28,44,79,79,96,96,195,195,206,206,221,145,145,170,170,181,181,181,281,281,54,66,66,66],"floor_reached":51,"playtime":4557,"items_purged":["Doubt","Strike_B","Defend_B"],"score":947,"play_id":"4404309a-aab7-4ee2-a74d-7f825d98c4a1","local_time":"20190202151002","is_ascension_mode":true,"campfire_choices":[{"data":"Sunder","floor":8.0,"key":"SMITH"},{"floor":12.0,"key":"REST"},{"floor":15.0,"key":"REST"},{"floor":23.0,"key":"REST"},{"floor":27.0,"key":"REST"},{"floor":30.0,"key":"REST"},{"floor":32.0,"key":"REST"},{"floor":41.0,"key":"REST"},{"data":"Echo Form","floor":44.0,"key":"SMITH"},{"data":"Creative AI","floor":46.0,"key":"SMITH"},{"floor":49.0,"key":"REST"}],"neow_cost":"TEN_PERCENT_HP_LOSS","seed_source_timestamp":18711572374285,"circlet_count":0,"master_deck":["Defend_B","Defend_B","Defend_B","Zap","Dualcast","Sunder+1","Conserve Battery","Defragment","Rip and Tear","Double Energy","Streamline","Capacitor","Hologram","Cold Snap","Coolheaded","Coolheaded","Creative AI+1","Go for the Eyes+1","Coolheaded","Self Repair","Leap","Turbo","Coolheaded+1","Force Field","Go for the Eyes+1","Amplify","Stack","Stack+1","Echo Form+1","Melter+1","Biased Cognition","Cold Snap+1","Go for the Eyes+1","Conserve Battery+1","Stack","Aggregate+1","Hologram"],"special_seed":0,"relics":["Cracked Core","Dream Catcher","Potion Belt","Smiling Mask","Pen Nib","White Beast Statue","Question Card","Molten Egg 2","Bottled Tornado","Singing Bowl","Runic Pyramid","Boot","Bottled Flame","Thread and Needle"],"potions_floor_usage":[50,50,50,50],"damage_taken":[{"damage":1.0,"enemies":"Cultist","floor":1.0,"turns":3.0},{"damage":2.0,"enemies":"Jaw Worm","floor":2.0,"turns":3.0},{"damage":0.0,"enemies":"2 Louse","floor":3.0,"turns":1.0},{"damage":23.0,"enemies":"Lagavulin","floor":6.0,"turns":7.0},{"damage":0.0,"enemies":"2 Fungi Beasts","floor":7.0,"turns":2.0},{"damage":25.0,"enemies":"3 Sentries","floor":10.0,"turns":8.0},{"damage":13.0,"enemies":"Blue Slaver","floor":14.0,"turns":2.0},{"damage":14.0,"enemies":"The Guardian","floor":16.0,"turns":11.0},{"damage":15.0,"enemies":"3 Byrds","floor":18.0,"turns":5.0},{"damage":34.0,"enemies":"Slavers","floor":24.0,"turns":11.0},{"damage":11.0,"enemies":"2 Thieves","floor":25.0,"turns":4.0},{"damage":5.0,"enemies":"Snecko","floor":28.0,"turns":4.0},{"damage":18.0,"enemies":"Book of Stabbing","floor":29.0,"turns":9.0},{"damage":18.0,"enemies":"Shelled Parasite and Fungi","floor":31.0,"turns":7.0},{"damage":12.0,"enemies":"Collector","floor":33.0,"turns":22.0},{"damage":2.0,"enemies":"3 Shapes","floor":35.0,"turns":9.0},{"damage":12.0,"enemies":"Orb Walker","floor":37.0,"turns":4.0},{"damage":56.0,"enemies":"Giant Head","floor":40.0,"turns":18.0},{"damage":0.0,"enemies":"Sphere and 2 Shapes","floor":42.0,"turns":9.0},{"damage":15.0,"enemies":"Mind Bloom Boss Battle","floor":45.0,"turns":11.0},{"damage":48.0,"enemies":"Transient","floor":48.0,"turns":5.0},{"damage":63,"enemies":"Awakened One","floor":50,"turns":17}],"seed_played":"-560904310176387312","potions_obtained":[{"floor":2.0,"key":"FearPotion"},{"floor":3.0,"key":"Dexterity Potion"},{"floor":14.0,"key":"Fire Potion"},{"floor":16.0,"key":"Explosive Potion"},{"floor":18.0,"key":"GamblersBrew"},{"floor":24.0,"key":"GamblersBrew"},{"floor":25.0,"key":"GamblersBrew"},{"floor":28.0,"key":"PowerPotion"},{"floor":29.0,"key":"FocusPotion"},{"floor":31.0,"key":"SpeedPotion"},{"floor":33.0,"key":"Strength Potion"},{"floor":35.0,"key":"EssenceOfSteel"},{"floor":37.0,"key":"Explosive Potion"},{"floor":40.0,"key":"EssenceOfSteel"},{"floor":42.0,"key":"Regen Potion"},{"floor":45.0,"key":"Weak Potion"},{"floor":48.0,"key":"Ancient Potion"}],"is_trial":false,"path_per_floor":["M","M","M","$","?","E","M","R","T","E","?","R","?","M","R","B",null,"M","?","?","$","?","R","E","M","T","R","M","E","R","M","R","B",null,"M","?","M","$","?","E","R","M","T","R","?","R","$","M","R","B",null],"character_chosen":"DEFECT","items_purchased":["Rip and Tear","Dream Catcher","Double Energy","Coolheaded","Question Card","Self Repair","Cold Snap+1","Dexterity Potion","Dexterity Potion","PowerPotion","Hologram"],"campfire_rested":8,"item_purchase_floors":[4,4,4,21,21,21,38,47,47,47,47],"current_hp_per_floor":[67,65,65,65,65,42,42,42,42,17,17,37,26,13,33,19,56,41,29,29,29,29,50,23,12,12,33,28,10,31,22,44,39,66,75,75,77,77,77,35,58,65,65,65,77,77,77,45,70,21],"gold":66,"neow_bonus":"TWO_FIFTY_GOLD","is_prod":false,"is_daily":false,"chose_seed":false,"campfire_upgraded":3,"win_rate":0,"timestamp":1549091402,"path_taken":["M","?","M","$","?","E","M","R","T","E","?","R","?","?","R","BOSS","M","?","?","$","?","R","E","M","T","R","M","E","R","?","R","BOSS","M","?","?","$","?","E","R","?","T","R","?","R","$","M","R","BOSS"],"build_version":"2019-01-23","purchased_purges":3,"victory":true,"max_hp_per_floor":[68,68,68,68,68,68,68,68,68,68,68,68,68,68,68,68,68,68,73,73,73,73,73,73,73,73,73,73,73,73,75,75,75,75,75,75,77,77,77,77,77,77,77,77,77,77,77,79,81,81],"card_choices":[{"not_picked":["Gash","Lockon"],"picked":"Sunder","floor":1.0},{"not_picked":["Leap","Hologram"],"picked":"Conserve Battery","floor":2.0},{"not_picked":["Turbo","Stack"],"picked":"Defragment","floor":3.0},{"not_picked":["Rebound","Ball Lightning"],"picked":"Streamline","floor":6.0},{"not_picked":["Ball Lightning","Coolheaded"],"picked":"Capacitor","floor":7.0},{"not_picked":["Consume","Streamline"],"picked":"Hologram","floor":10.0},{"not_picked":["Force Field","Rainbow"],"picked":"Cold Snap","floor":12.0},{"not_picked":["Cold Snap","Blizzard"],"picked":"Coolheaded","floor":14.0},{"not_picked":["Sweeping Beam","Reinforced Body"],"picked":"Coolheaded","floor":15.0},{"not_picked":["Amplify","Meteor Strike"],"picked":"Creative AI","floor":16.0},{"not_picked":["Streamline","Force Field+1"],"picked":"Go for the Eyes+1","floor":18.0},{"not_picked":["Gash+1","Ball Lightning","Scrape"],"picked":"Leap","floor":23.0},{"not_picked":["Ball Lightning","Barrage","Undo"],"picked":"Turbo","floor":24.0},{"not_picked":["Cold Snap+1","Conserve Battery","Beam Cell+1"],"picked":"Coolheaded+1","floor":25.0},{"not_picked":["Compile Driver+1","Rip and Tear+1","Beam Cell+1"],"picked":"Force Field","floor":27.0},{"not_picked":["Auto Shields","Recycle","Darkness"],"picked":"Go for the Eyes+1","floor":28.0},{"not_picked":["FTL+1","Compile Driver+1","Leap"],"picked":"Amplify","floor":29.0},{"not_picked":["Sweeping Beam+1","Hello World","Barrage+1"],"picked":"Stack","floor":30.0},{"not_picked":["Blizzard+1","Skim","Conserve Battery","Scrape+1"],"picked":"Singing Bowl","floor":31.0},{"not_picked":["Conserve Battery","Gash+1","Steam Power"],"picked":"Stack+1","floor":32.0},{"not_picked":["Seek","Multi-Cast","Meteor Strike+1"],"picked":"Echo Form","floor":33.0},{"not_picked":["Capacitor","Force Field","Storm"],"picked":"Melter+1","floor":35.0},{"not_picked":["Static Discharge+1","Lockon+1","Ball Lightning+1","Barrage+1"],"picked":"Singing Bowl","floor":37.0},{"not_picked":["Coolheaded","Ball Lightning+1","Leap"],"picked":"Go for the Eyes+1","floor":40.0},{"not_picked":["Cold Snap+1","Rip and Tear+1","Loop+1"],"picked":"Conserve Battery+1","floor":41.0},{"not_picked":["Storm","Go for the Eyes+1","Leap+1"],"picked":"Stack","floor":42.0},{"not_picked":["Redo","Leap+1","Doom and Gloom+1"],"picked":"Aggregate+1","floor":45.0},{"not_picked":["Conserve Battery+1","Self Repair","Cold Snap+1","Rebound+1"],"picked":"Singing Bowl","floor":48.0},{"not_picked":["Melter+1","Rip and Tear+1","Leap+1","Reinforced Body"],"picked":"Singing Bowl","floor":49.0}],"player_experience":598938,"relics_obtained":[{"floor":6.0,"key":"Potion Belt"},{"floor":9.0,"key":"Smiling Mask"},{"floor":10.0,"key":"Pen Nib"},{"floor":24.0,"key":"Molten Egg 2"},{"floor":26.0,"key":"Bottled Tornado"},{"floor":29.0,"key":"Singing Bowl"},{"floor":40.0,"key":"Boot"},{"floor":43.0,"key":"Bottled Flame"},{"floor":45.0,"key":"Thread and Needle"}],"event_choices":[{"cards_removed":["Strike_B"],"damage_healed":0.0,"max_hp_gain":0.0,"max_hp_loss":0.0,"gold_gain":0.0,"event_name":"The Cleric","player_choice":"Card Removal","floor":5.0,"gold_loss":50.0,"damage_taken":0.0},{"damage_healed":0.0,"max_hp_gain":0.0,"max_hp_loss":0.0,"gold_gain":175.0,"event_name":"Liars Game","player_choice":"AGREE","floor":11.0,"gold_loss":0.0,"damage_taken":0.0,"cards_obtained":["Doubt"]},{"damage_healed":0.0,"max_hp_gain":0.0,"max_hp_loss":0.0,"gold_gain":75.0,"event_name":"World of Goop","player_choice":"Gather Gold","floor":13.0,"gold_loss":0.0,"damage_taken":11.0},{"damage_healed":0.0,"max_hp_gain":5.0,"max_hp_loss":0.0,"gold_gain":0.0,"event_name":"Forgotten Altar","player_choice":"Shed Blood","floor":19.0,"gold_loss":0.0,"damage_taken":17.0},{"cards_removed":["Strike_B"],"damage_healed":0.0,"max_hp_gain":0.0,"max_hp_loss":0.0,"gold_gain":0.0,"event_name":"Back to Basics","player_choice":"Elegance","floor":20.0,"gold_loss":0.0,"damage_taken":0.0},{"damage_healed":0.0,"max_hp_gain":0.0,"max_hp_loss":0.0,"gold_gain":0.0,"event_name":"Masked Bandits","player_choice":"Paid Fearfully","floor":22.0,"gold_loss":145.0,"damage_taken":0.0},{"damage_healed":0.0,"max_hp_gain":0.0,"max_hp_loss":0.0,"gold_gain":0.0,"cards_transformed":["Strike_B"],"event_name":"Transmorgrifier","player_choice":"Transformed","floor":36.0,"gold_loss":0.0,"damage_taken":0.0,"cards_obtained":["Biased Cognition"]},{"damage_healed":0.0,"max_hp_gain":0.0,"max_hp_loss":0.0,"gold_gain":0.0,"event_name":"SecretPortal","player_choice":"Ignored","floor":39.0,"gold_loss":0.0,"damage_taken":0.0},{"damage_healed":0.0,"max_hp_gain":0.0,"max_hp_loss":0.0,"gold_gain":0.0,"event_name":"MindBloom","player_choice":"Fight","floor":45.0,"gold_loss":0.0,"damage_taken":0.0}],"is_beta":false,"boss_relics":[{"not_picked":["Snecko Eye","Ectoplasm"],"picked":"White Beast Statue"},{"not_picked":["Nuclear Battery","Black Star"],"picked":"Runic Pyramid"}],"items_purged_floors":[21,38,47],"is_endless":false,"potions_floor_spawned":[2,3,14,16,18,24,25,28,29,31,33,35,37,40,42,45,48],"ascension_level":6}