{"gold_per_floor":[113,188,200,58,73,105,115,115,115,115,130,130,144,170,170,266,266,284,298,298,59,59],"floor_reached":22,"playtime":2178,"items_purged":[],"score":196,"play_id":"db31e385-fb25-4de2-b21b-34860d90bc96","local_time":"20190806235439","is_ascension_mode":false,"campfire_choices":[{"floor":8,"key":"RECALL"},{"floor":12,"key":"REST"},{"floor":15,"key":"REST"}],"neow_cost":"NONE","seed_source_timestamp":81300795535394,"circlet_count":0,"master_deck":["Strike_G","Strike_G","Strike_G","Strike_G","Defend_G","Defend_G","Defend_G","Defend_G","Defend_G","Survivor","Neutralize","Deflect","Finisher","Infinite Blades","Tools of the Trade","Glass Knife","Noxious Fumes","Iron Wave","Backflip","Bane","Bane","A Thousand Cuts","Quick Slash+1","Terror+1"],"relics":["Ring of the Snake","NeowsBlessing","Blood Vial","Prayer Wheel","Question Card","Toxic Egg 2"],"potions_floor_usage":[14,16],"damage_taken":[{"damage":0,"enemies":"Jaw Worm","floor":1,"turns":1},{"damage":0,"enemies":"Cultist","floor":3,"turns":1},{"damage":0,"enemies":"Small Slimes","floor":5,"turns":1},{"damage":22,"enemies":"3 Sentries","floor":6,"turns":12},{"damage":3,"enemies":"Gremlin Gang","floor":7,"turns":4},{"damage":8,"enemies":"Large Slime","floor":11,"turns":5},{"damage":1,"enemies":"3 Louse","floor":13,"turns":4},{"damage":32,"enemies":"Lagavulin","floor":14,"turns":9},{"damage":14,"enemies":"Slime Boss","floor":16,"turns":9},{"damage":48,"enemies":"3 Byrds","floor":18,"turns":7},{"damage":16,"enemies":"Shell Parasite","floor":19,"turns":7},{"damage":15,"enemies":"Chosen and Byrds","floor":22,"turns":7}],"seed_played":"1952309803069260009","potions_obtained":[{"floor":1,"key":"Ancient Potion"},{"floor":5,"key":"SkillPotion"},{"floor":6,"key":"FearPotion"},{"floor":13,"key":"Ancient Potion"}],"is_trial":false,"path_per_floor":["M","?","M","$","M","E","M","R","T","?","M","R","M","E","R","B",null,"M","M","?","$","M"],"character_chosen":"THE_SILENT","items_purchased":["Finisher","Infinite Blades","Toxic Egg 2"],"campfire_rested":2,"item_purchase_floors":[4,4,21],"current_hp_per_floor":[70,59,59,59,59,37,36,36,36,36,30,51,52,22,43,31,70,22,8,8,8,0],"gold":59,"neow_bonus":"THREE_ENEMY_KILL","is_prod":false,"is_daily":false,"chose_seed":false,"campfire_upgraded":0,"win_rate":0,"timestamp":1565150079,"path_taken":["M","?","M","$","M","E","M","R","T","?","?","R","M","E","R","BOSS","M","M","?","$","?"],"build_version":"2019-07-17","purchased_purges":0,"victory":false,"max_hp_per_floor":[70,70,70,70,70,70,70,70,70,70,70,70,70,70,70,70,70,70,70,70,70,70],"card_choices":[{"not_picked":["Flechettes","Flying Knee","Blade Dance"],"picked":"SKIP","floor":1},{"not_picked":["Prepared","PiercingWail"],"picked":"Deflect","floor":3},{"not_picked":["Bouncing Flask","Riddle With Holes"],"picked":"Tools of the Trade","floor":5},{"not_picked":["Backflip","Quick Slash"],"picked":"Glass Knife","floor":6},{"not_picked":["Underhanded Strike","Bane"],"picked":"Noxious Fumes","floor":7},{"not_picked":["Sucker Punch","Doppelganger"],"picked":"Backflip","floor":11},{"not_picked":["Riddle With Holes","Acrobatics"],"picked":"Bane","floor":13},{"not_picked":["Die Die Die","Masterful Stab"],"picked":"Bane","floor":14},{"not_picked":["Corpse Explosion","Die Die Die"],"picked":"A Thousand Cuts","floor":16},{"not_picked":["Dash","Flying Knee+1"],"picked":"Quick Slash+1","floor":18},{"not_picked":["Masterful Stab+1","Riddle With Holes","Predator"],"picked":"SKIP","floor":18},{"not_picked":["Deadly Poison","Poisoned Stab"],"picked":"Terror+1","floor":19},{"not_picked":["Dodge and Roll","Leg Sweep","Crippling Poison"],"picked":"SKIP","floor":19}],"player_experience":39094,"relics_obtained":[{"floor":6,"key":"Blood Vial"},{"floor":14,"key":"Prayer Wheel"}],"event_choices":[{"damage_healed":0,"gold_gain":75,"player_choice":"Gather Gold","damage_taken":11,"max_hp_gain":0,"max_hp_loss":0,"event_name":"World of Goop","floor":2,"gold_loss":0},{"cards_removed":["Strike_G"],"damage_healed":0,"gold_gain":0,"player_choice":"Took Card","damage_taken":0,"max_hp_gain":0,"max_hp_loss":0,"event_name":"NoteForYourself","floor":10,"gold_loss":0,"cards_obtained":["Iron Wave"]},{"damage_healed":0,"gold_gain":0,"player_choice":"Gave Potion","damage_taken":0,"relics_obtained":["Question Card"],"max_hp_gain":0,"max_hp_loss":0,"event_name":"WeMeetAgain","floor":20,"gold_loss":0}],"is_beta":false,"boss_relics":[{"not_picked":["Snecko Eye","Busted Crown","Runic Dome"]}],"items_purged_floors":[],"is_endless":false,"potions_floor_spawned":[1,5,6,13],"killed_by":"Chosen and Byrds","ascension_level":0}