{"gold_per_floor":[113,113,128,41,41,73,73,88,88,88,88,115,125,154,154,154],"floor_reached":16,"playtime":370,"items_purged":[],"score":266,"play_id":"2f7708ac-c7fd-4348-a0fa-daf1ea2a0d33","local_time":"20190623160222","is_ascension_mode":true,"campfire_choices":[{"data":"Footwork","floor":7.0,"key":"SMITH"},{"data":"Well Laid Plans","floor":11.0,"key":"SMITH"},{"data":"Predator","floor":15,"key":"SMITH"}],"neow_cost":"NONE","seed_source_timestamp":449014851011455,"circlet_count":0,"master_deck":["AscendersBane","Defend_G","Defend_G","Defend_G+1","Defend_G","Defend_G","Strike_G","Strike_G","Strike_G","Survivor","Neutralize+1","Well Laid Plans+1","PiercingWail","Footwork+1","Predator+1","Footwork"],"special_seed":0,"relics":["Ring of the Snake","NeowsBlessing","Gremlin Horn","Bag of Preparation","Orichalcum"],"potions_floor_usage":[14],"damage_taken":[{"damage":0.0,"enemies":"Small Slimes","floor":1.0,"turns":1.0},{"damage":0.0,"enemies":"Jaw Worm","floor":3.0,"turns":1.0},{"damage":0.0,"enemies":"Gremlin Nob","floor":6.0,"turns":1.0},{"damage":0.0,"enemies":"2 Louse","floor":8.0,"turns":4.0},{"damage":11.0,"enemies":"Gremlin Gang","floor":13.0,"turns":8.0},{"damage":4,"enemies":"Lagavulin","floor":14,"turns":7},{"damage":0,"enemies":"Hexaghost","floor":16,"turns":1}],"seed_played":"-6182886229725020722","potions_obtained":[{"floor":6.0,"key":"SkillPotion"},{"floor":13.0,"key":"Regen Potion"}],"is_trial":false,"path_per_floor":["M","?","M","$","?","E","R","M","T","?","R","T","M","E","R","B"],"character_chosen":"THE_SILENT","items_purchased":["Footwork"],"campfire_rested":0,"item_purchase_floors":[4],"current_hp_per_floor":[59,39,39,39,39,39,39,39,39,32,32,32,21,17,17,17],"gold":154,"neow_bonus":"THREE_ENEMY_KILL","is_prod":false,"is_daily":false,"chose_seed":false,"campfire_upgraded":3,"win_rate":0,"timestamp":1561276942,"path_taken":["M","?","M","$","?","E","R","M","T","?","R","?","M","E","R","BOSS"],"build_version":"2019-01-23","purchased_purges":0,"victory":false,"max_hp_per_floor":[66,66,66,66,66,66,66,66,66,66,66,66,66,66,66,66],"card_choices":[{"not_picked":["Sucker Punch","Backflip"],"picked":"Well Laid Plans","floor":1.0},{"not_picked":["Expertise","Dodge and Roll"],"picked":"PiercingWail","floor":3.0},{"not_picked":["Finisher","Underhanded Strike","Deflect"],"picked":"SKIP","floor":6.0},{"not_picked":["Outmaneuver","Blur","Eviscerate"],"picked":"SKIP","floor":8.0},{"not_picked":["Choke","Underhanded Strike"],"picked":"Predator","floor":13.0},{"not_picked":["Outmaneuver","Sucker Punch"],"picked":"Footwork","floor":14}],"player_experience":1004029,"relics_obtained":[{"floor":6.0,"key":"Gremlin Horn"},{"floor":12.0,"key":"Bag of Preparation"},{"floor":14,"key":"Orichalcum"}],"event_choices":[{"damage_healed":0.0,"max_hp_gain":0.0,"max_hp_loss":0.0,"gold_gain":0.0,"event_name":"Shining Light","player_choice":"Entered Light","floor":2.0,"gold_loss":0.0,"damage_taken":20.0,"cards_upgraded":["Neutralize","Defend_G"]},{"cards_removed":["Strike_G"],"damage_healed":0.0,"max_hp_gain":0.0,"max_hp_loss":0.0,"gold_gain":0.0,"event_name":"Living Wall","player_choice":"Forget","floor":5.0,"gold_loss":0.0,"damage_taken":0.0},{"cards_removed":["Strike_G"],"damage_healed":0.0,"max_hp_gain":0.0,"max_hp_loss":0.0,"gold_gain":0.0,"event_name":"Golden Wing","player_choice":"Card Removal","floor":10.0,"gold_loss":0.0,"damage_taken":7.0}],"is_beta":false,"boss_relics":[],"items_purged_floors":[],"is_endless":false,"potions_floor_spawned":[6,13],"killed_by":"Hexaghost","ascension_level":20}