{"gold_per_floor":[109,124,136,136,154,154,185,185,185,185,203,203,230,240,240,340,340,354,372,372],"floor_reached":20,"playtime":2073,"items_purged":[],"score":205,"play_id":"6dca5332-7252-4455-b947-133d3cdc7856","local_time":"20190321123007","is_ascension_mode":true,"campfire_choices":[{"floor":6.0,"key":"REST"},{"floor":8.0,"key":"REST"},{"floor":10.0,"key":"REST"},{"floor":12.0,"key":"REST"},{"floor":15.0,"key":"REST"}],"neow_cost":"NONE","seed_source_timestamp":0,"circlet_count":0,"master_deck":["Strike_B","Strike_B","Strike_B","Strike_B","Defend_B","Defend_B","Defend_B","Zap","Dualcast","Hello World","Genetic Algorithm","Self Repair","Darkness","Heatsinks","Defragment","Core Surge","Streamline","Barrage"],"special_seed":0,"relics":["Cracked Core","Ornamental Fan","Dodecahedron","Regal Pillow","Black Star"],"potions_floor_usage":[19],"damage_taken":[{"damage":1.0,"enemies":"Cultist","floor":1.0,"turns":4.0},{"damage":13.0,"enemies":"Jaw Worm","floor":2.0,"turns":4.0},{"damage":10.0,"enemies":"Small Slimes","floor":3.0,"turns":2.0},{"damage":26.0,"enemies":"Red Slaver","floor":5.0,"turns":5.0},{"damage":25.0,"enemies":"Lagavulin","floor":7.0,"turns":8.0},{"damage":35.0,"enemies":"Exordium Thugs","floor":11.0,"turns":6.0},{"damage":32.0,"enemies":"Gremlin Nob","floor":13.0,"turns":4.0},{"damage":7.0,"enemies":"Blue Slaver","floor":14.0,"turns":4.0},{"damage":51.0,"enemies":"Slime Boss","floor":16.0,"turns":14.0},{"damage":45,"enemies":"Shell Parasite","floor":18,"turns":6},{"damage":43,"enemies":"Spheric Guardian","floor":19,"turns":6},{"damage":14,"enemies":"Centurion and Healer","floor":20,"turns":1}],"seed_played":"-940685983817492268","potions_obtained":[{"floor":2.0,"key":"Block Potion"},{"floor":5.0,"key":"SteroidPotion"},{"floor":13.0,"key":"SteroidPotion"},{"floor":16.0,"key":"Dexterity Potion"}],"is_trial":false,"path_per_floor":["M","M","M","?","M","R","E","R","T","R","M","R","E","M","R","B",null,"M","M","M"],"character_chosen":"DEFECT","items_purchased":[],"campfire_rested":5,"item_purchase_floors":[],"current_hp_per_floor":[81,68,58,58,32,56,38,62,62,82,54,78,53,53,82,38,82,44,8,0],"gold":372,"neow_bonus":"TEN_PERCENT_HP_BONUS","is_prod":false,"is_daily":false,"chose_seed":false,"campfire_upgraded":0,"win_rate":0,"timestamp":1553196607,"path_taken":["M","M","?","?","M","R","E","R","T","R","?","R","E","M","R","BOSS","M","M","M"],"build_version":"2019-01-23","purchased_purges":0,"victory":false,"max_hp_per_floor":[82,82,82,82,82,82,82,82,82,82,82,82,82,82,82,82,82,82,82,82],"card_choices":[{"not_picked":["Coolheaded","Go for the Eyes"],"picked":"Hello World","floor":1.0},{"not_picked":["Compile Driver","Rebound","Beam Cell"],"picked":"SKIP","floor":2.0},{"not_picked":["Beam Cell","Double Energy"],"picked":"Genetic Algorithm","floor":3.0},{"not_picked":["Conserve Battery","Undo"],"picked":"Self Repair","floor":5.0},{"not_picked":["Capacitor","Barrage"],"picked":"Darkness","floor":7.0},{"not_picked":["Tempest","Ball Lightning"],"picked":"Heatsinks","floor":11.0},{"not_picked":["Conserve Battery","Stack"],"picked":"Defragment","floor":13.0},{"not_picked":["Coolheaded","Go for the Eyes"],"picked":"Core Surge","floor":14.0},{"not_picked":["Blizzard","Fusion"],"picked":"Streamline","floor":18},{"not_picked":["Stack+1","Gash"],"picked":"Barrage","floor":19}],"player_experience":355909,"relics_obtained":[{"floor":7.0,"key":"Ornamental Fan"},{"floor":9.0,"key":"Dodecahedron"},{"floor":13.0,"key":"Regal Pillow"}],"event_choices":[{"cards_removed":["Defend_B"],"damage_healed":0.0,"max_hp_gain":0.0,"max_hp_loss":0.0,"gold_gain":0.0,"event_name":"Purifier","player_choice":"Purged","floor":4.0,"gold_loss":0.0,"damage_taken":0.0}],"is_beta":false,"boss_relics":[{"not_picked":["Lizard Tail","Empty Cage"],"picked":"Black Star"}],"items_purged_floors":[],"is_endless":false,"potions_floor_spawned":[2,5,13,16],"killed_by":"Centurion and Healer","ascension_level":2}