{"gold_per_floor":[117,117,117,192,209,209,243,183,235,235],"floor_reached":10,"playtime":140,"items_purged":["Strike_G"],"score":178,"play_id":"50e0b94c-78bf-4d06-87ad-59fc9a2ec32c","local_time":"20190702100444","is_ascension_mode":true,"campfire_choices":[{"data":"Neutralize","floor":6,"key":"SMITH"}],"neow_cost":"NONE","seed_source_timestamp":63471207347543,"circlet_count":0,"master_deck":["AscendersBane","Strike_G","Strike_G","Strike_G","Strike_G","Defend_G","Defend_G","Defend_G","Defend_G","Defend_G","Survivor","Neutralize+1","Dash","Bouncing Flask"],"relics":["Ring of the Snake","NeowsBlessing","The Courier","Mummified Hand","Snake Skull"],"potions_floor_usage":[],"damage_taken":[{"damage":0,"enemies":"Jaw Worm","floor":1,"turns":1},{"damage":0,"enemies":"Small Slimes","floor":5,"turns":1},{"damage":0,"enemies":"Lagavulin","floor":7,"turns":1},{"damage":19,"enemies":"Gremlin Nob","floor":10,"turns":4}],"seed_played":"-2931639136872848336","potions_obtained":[],"is_trial":false,"path_per_floor":["M","?","?","?","M","R","E","$","T","E"],"character_chosen":"THE_SILENT","items_purchased":[],"campfire_rested":0,"item_purchase_floors":[],"current_hp_per_floor":[59,24,46,35,35,35,35,35,35,16],"gold":235,"neow_bonus":"THREE_ENEMY_KILL","is_prod":false,"is_daily":false,"chose_seed":false,"campfire_upgraded":1,"win_rate":0,"timestamp":1562033084,"path_taken":["M","?","?","?","M","R","E","$","T","E"],"build_version":"2019-07-01","purchased_purges":1,"victory":false,"max_hp_per_floor":[66,66,66,66,66,66,66,66,66,66],"card_choices":[{"not_picked":["Sucker Punch","Blade Dance","Distraction"],"picked":"SKIP","floor":1},{"not_picked":["Sucker Punch","Blade Dance","Distraction"],"picked":"SKIP","floor":1},{"not_picked":["Setup","Quick Slash"],"picked":"Dash","floor":5},{"not_picked":["Footwork","Cloak And Dagger"],"picked":"Bouncing Flask","floor":7}],"player_experience":1036420,"relics_obtained":[{"floor":7,"key":"Mummified Hand"},{"floor":9,"key":"Snake Skull"}],"event_choices":[{"damage_healed":0,"gold_gain":0,"player_choice":"Success","damage_taken":35,"relics_obtained":["The Courier"],"max_hp_gain":0,"max_hp_loss":0,"event_name":"Scrap Ooze","floor":2,"gold_loss":0},{"damage_healed":22,"gold_gain":0,"player_choice":"Banana","damage_taken":0,"max_hp_gain":0,"max_hp_loss":0,"event_name":"Big Fish","floor":3,"gold_loss":0},{"damage_healed":0,"gold_gain":75,"player_choice":"Gather Gold","damage_taken":11,"max_hp_gain":0,"max_hp_loss":0,"event_name":"World of Goop","floor":4,"gold_loss":0}],"is_beta":false,"boss_relics":[],"items_purged_floors":[8],"is_endless":false,"potions_floor_spawned":[],"killed_by":"Gremlin Nob","ascension_level":20}