{"gold_per_floor":[163,163,175,188,200,200,214,214,238,255,157,157,169,189,189,189],"floor_reached":16,"playtime":346,"items_purged":["Strike_R"],"score":96,"play_id":"192748c1-199f-4571-b7cd-b8226ca01984","local_time":"20190701002911","is_ascension_mode":false,"campfire_choices":[{"data":"Carnage","floor":6.0,"key":"SMITH"},{"data":"Sword Boomerang","floor":8.0,"key":"SMITH"},{"data":"Armaments","floor":15,"key":"SMITH"}],"neow_cost":"NONE","seed_source_timestamp":532479806468826,"circlet_count":0,"master_deck":["Strike_R","Strike_R+1","Defend_R","Defend_R","Defend_R","Defend_R","Bash","Double Tap","Carnage+1","Sword Boomerang+1","Armaments+1","Flex"],"special_seed":0,"relics":["Tiny House","Boot"],"potions_floor_usage":[],"damage_taken":[{"damage":6.0,"enemies":"2 Louse","floor":1.0,"turns":3.0},{"damage":1.0,"enemies":"Cultist","floor":3.0,"turns":3.0},{"damage":0.0,"enemies":"Small Slimes","floor":4.0,"turns":2.0},{"damage":9.0,"enemies":"Blue Slaver","floor":5.0,"turns":3.0},{"damage":2.0,"enemies":"Exordium Wildlife","floor":7.0,"turns":2.0},{"damage":0.0,"enemies":"2 Fungi Beasts","floor":10.0,"turns":2.0},{"damage":0.0,"enemies":"Large Slime","floor":13.0,"turns":3.0},{"damage":19,"enemies":"Gremlin Gang","floor":14,"turns":5},{"damage":24,"enemies":"Slime Boss","floor":16,"turns":6}],"seed_played":"-7240268120129767055","potions_obtained":[{"floor":0.0,"key":"Dexterity Potion"},{"floor":4.0,"key":"Regen Potion"},{"floor":5.0,"key":"FearPotion"},{"floor":7.0,"key":"GamblersBrew"}],"is_trial":false,"path_per_floor":["M","?","M","M","M","R","M","R","T","M","$","?","M","M","R","B"],"character_chosen":"IRONCLAD","items_purchased":["Flex"],"campfire_rested":0,"item_purchase_floors":[11],"current_hp_per_floor":[79,79,78,78,69,69,72,72,72,72,72,72,72,53,53,29],"gold":189,"neow_bonus":"BOSS_RELIC","is_prod":false,"is_daily":false,"chose_seed":false,"campfire_upgraded":3,"win_rate":0,"timestamp":1561912151,"path_taken":["M","?","M","M","M","R","M","R","T","?","$","?","M","?","R","BOSS"],"build_version":"2019-01-23","purchased_purges":1,"victory":false,"max_hp_per_floor":[85,85,85,85,85,85,85,85,85,85,85,85,85,85,85,85],"card_choices":[{"not_picked":["Wild Strike","Perfected Strike","Ghostly Armor"],"picked":"SKIP","floor":1.0},{"not_picked":["Wild Strike","Spot Weakness"],"picked":"Carnage","floor":3.0},{"not_picked":["Warcry","Havoc","Heavy Blade"],"picked":"SKIP","floor":4.0},{"not_picked":["Dropkick","Flex"],"picked":"Sword Boomerang","floor":5.0},{"not_picked":["Headbutt","Twin Strike","Impervious"],"picked":"SKIP","floor":7.0},{"not_picked":["Evolve","Shrug It Off"],"picked":"Armaments","floor":10.0},{"not_picked":["Perfected Strike","True Grit","Rupture"],"picked":"SKIP","floor":13.0},{"not_picked":["Rupture","Intimidate","Seeing Red"],"picked":"SKIP","floor":14}],"player_experience":1019478,"relics_obtained":[{"floor":9.0,"key":"Boot"}],"event_choices":[{"damage_healed":0.0,"max_hp_gain":0.0,"max_hp_loss":0.0,"gold_gain":0.0,"cards_transformed":["Strike_R"],"event_name":"Transmorgrifier","player_choice":"Transformed","floor":2.0,"gold_loss":0.0,"damage_taken":0.0,"cards_obtained":["Double Tap"]},{"cards_removed":["Strike_R"],"damage_healed":0.0,"max_hp_gain":0.0,"max_hp_loss":0.0,"gold_gain":0.0,"event_name":"Purifier","player_choice":"Purged","floor":12.0,"gold_loss":0.0,"damage_taken":0.0}],"is_beta":false,"boss_relics":[],"items_purged_floors":[11],"is_endless":false,"potions_floor_spawned":[4,5,7],"killed_by":"Slime Boss","ascension_level":0}