{"gold_per_floor":[118,134,134,58,72,72,89,119,119,119,119,119,119],"floor_reached":13,"playtime":239,"items_purged":[],"score":83,"play_id":"36dcee82-ec7d-41b1-bf27-76070addf356","local_time":"20190520202230","is_ascension_mode":false,"campfire_choices":[{"data":"Loop","floor":6,"key":"SMITH"},{"data":"Dualcast","floor":12,"key":"SMITH"}],"neow_cost":"NONE","seed_source_timestamp":335434015211524,"circlet_count":0,"master_deck":["Strike_B","Defend_B","Defend_B","Defend_B","Defend_B","Zap","Dualcast+1","Loop+1","Buffer","Self Repair","Cold Snap","White Noise","Compile Driver"],"relics":["Cracked Core","NeowsBlessing","Orichalcum","Blue Candle"],"potions_floor_usage":[],"damage_taken":[{"damage":0,"enemies":"2 Louse","floor":1,"turns":1},{"damage":0,"enemies":"Cultist","floor":2,"turns":1},{"damage":0,"enemies":"Jaw Worm","floor":5,"turns":1},{"damage":3,"enemies":"Looter","floor":7,"turns":3},{"damage":14,"enemies":"3 Sentries","floor":8,"turns":9},{"damage":0,"enemies":"Large Slime","floor":13,"turns":3}],"seed_played":"1378230735538484148","potions_obtained":[{"floor":7,"key":"SneckoOil"}],"is_trial":false,"path_per_floor":["M","M","?","$","M","R","M","E","T","?","?","R","M"],"character_chosen":"DEFECT","items_purchased":["Self Repair"],"campfire_rested":0,"item_purchase_floors":[4],"current_hp_per_floor":[75,75,75,75,75,75,72,58,58,58,51,51,51],"gold":119,"neow_bonus":"THREE_ENEMY_KILL","is_prod":false,"is_daily":false,"chose_seed":false,"campfire_upgraded":2,"win_rate":0,"timestamp":1558354950,"path_taken":["M","M","?","?","M","R","?","E","T","?","?","R","M"],"build_version":"2019-01-23","purchased_purges":0,"victory":false,"max_hp_per_floor":[75,75,75,75,75,75,75,75,75,75,75,75,75],"card_choices":[{"not_picked":["Gash","Go for the Eyes"],"picked":"Loop","floor":1},{"not_picked":["Rebound","Fusion","Gash"],"picked":"SKIP","floor":2},{"not_picked":["Compile Driver","Auto Shields"],"picked":"Cold Snap","floor":5},{"not_picked":["Aggregate","Gash"],"picked":"White Noise","floor":7},{"not_picked":["Gash","Melter","Steam"],"picked":"SKIP","floor":8}],"player_experience":909704,"relics_obtained":[{"floor":8,"key":"Orichalcum"},{"floor":9,"key":"Blue Candle"}],"event_choices":[{"damage_healed":0,"gold_gain":0,"cards_transformed":["Strike_B"],"player_choice":"Transformed","damage_taken":0,"max_hp_gain":0,"max_hp_loss":0,"event_name":"Transmorgrifier","floor":3,"gold_loss":0,"cards_obtained":["Buffer"]},{"damage_healed":0,"gold_gain":0,"cards_transformed":["Strike_B"],"player_choice":"Change","damage_taken":0,"max_hp_gain":0,"max_hp_loss":0,"event_name":"Living Wall","floor":10,"gold_loss":0,"cards_obtained":["Compile Driver"]},{"cards_removed":["Strike_B"],"damage_healed":0,"gold_gain":0,"player_choice":"Card Removal","damage_taken":7,"max_hp_gain":0,"max_hp_loss":0,"event_name":"Golden Wing","floor":11,"gold_loss":0}],"is_beta":false,"boss_relics":[],"items_purged_floors":[],"is_endless":false,"potions_floor_spawned":[7],"killed_by":"Large Slime","ascension_level":0}