{"gold_per_floor":[113,188,200,218,59,91,91,91,91,241,290,290],"floor_reached":12,"playtime":213,"items_purged":["Strike_R"],"score":152,"play_id":"e022b582-f94f-4e0b-9fb3-9f45042ea49b","local_time":"20190509173850","is_ascension_mode":true,"campfire_choices":[{"data":"Flex","floor":8,"key":"SMITH"}],"neow_cost":"NONE","seed_source_timestamp":1498342711888907,"circlet_count":0,"master_deck":["AscendersBane","Strike_R","Strike_R","Strike_R","Strike_R","Defend_R","Defend_R","Defend_R","Defend_R","Bash","True Grit","Shrug It Off","Flex+1","Whirlwind","Second Wind","Doubt"],"special_seed":0,"relics":["Burning Blood","PreservedInsect","Pear","Golden Idol","Champion Belt","Anchor"],"potions_floor_usage":[],"damage_taken":[{"damage":15.0,"enemies":"2 Louse","floor":1.0,"turns":3.0},{"damage":12.0,"enemies":"Jaw Worm","floor":3.0,"turns":4.0},{"damage":3.0,"enemies":"Cultist","floor":4.0,"turns":4.0},{"damage":35,"enemies":"3 Sentries","floor":6,"turns":6},{"damage":0,"enemies":"Large Slime","floor":12,"turns":1}],"seed_played":"-7565815228394501220","potions_obtained":[{"floor":3.0,"key":"PowerPotion"}],"is_trial":false,"path_per_floor":["M","?","M","M","$","E","?","R","T","?","T","M"],"character_chosen":"IRONCLAD","items_purchased":["Whirlwind"],"campfire_rested":0,"item_purchase_floors":[5],"current_hp_per_floor":[59,48,42,45,45,26,26,26,26,26,26,26],"gold":290,"neow_bonus":"RANDOM_COMMON_RELIC","is_prod":false,"is_daily":false,"chose_seed":false,"campfire_upgraded":1,"win_rate":0,"timestamp":1557394730,"path_taken":["M","?","M","M","$","E","?","R","T","?","?","?"],"build_version":"2019-01-23","purchased_purges":1,"victory":false,"max_hp_per_floor":[75,75,75,75,75,85,77,77,77,77,77,77],"card_choices":[{"not_picked":["Sever Soul","Wild Strike"],"picked":"True Grit","floor":1.0},{"not_picked":["Corruption","Seeing Red"],"picked":"Shrug It Off","floor":3.0},{"not_picked":["Twin Strike","Heavy Blade"],"picked":"Flex","floor":4.0},{"not_picked":["Headbutt","Flex"],"picked":"Second Wind","floor":6}],"player_experience":834555,"relics_obtained":[{"floor":6,"key":"Pear"},{"floor":9,"key":"Champion Belt"},{"floor":11,"key":"Anchor"}],"event_choices":[{"damage_healed":0.0,"max_hp_gain":0.0,"max_hp_loss":0.0,"gold_gain":75.0,"event_name":"World of Goop","player_choice":"Gather Gold","floor":2.0,"gold_loss":0.0,"damage_taken":11.0},{"damage_healed":0,"gold_gain":0,"player_choice":"Lose Max HP","damage_taken":0,"relics_obtained":["Golden Idol"],"max_hp_gain":0,"max_hp_loss":8,"event_name":"Golden Idol","floor":7,"gold_loss":0},{"damage_healed":0,"gold_gain":150,"player_choice":"AGREE","damage_taken":0,"max_hp_gain":0,"max_hp_loss":0,"event_name":"Liars Game","floor":10,"gold_loss":0,"cards_obtained":["Doubt"]}],"is_beta":false,"boss_relics":[],"items_purged_floors":[5],"is_endless":false,"potions_floor_spawned":[3],"killed_by":"Large Slime","ascension_level":20}