{"gold_per_floor":[113,188,188,202,202,236,236,264,264,280,205,217,235,235,235,235],"floor_reached":16,"playtime":440,"items_purged":["Strike_G"],"score":270,"play_id":"f96b91a6-c79e-47dd-acdb-0a91276fa6c3","local_time":"20190701233012","is_ascension_mode":true,"campfire_choices":[{"data":"Flechettes","floor":7.0,"key":"SMITH"},{"data":"Neutralize","floor":15.0,"key":"SMITH"}],"neow_cost":"NONE","seed_source_timestamp":25003381124375,"circlet_count":0,"master_deck":["AscendersBane","Defend_G+1","Defend_G","Defend_G","Defend_G","Defend_G","Strike_G","Strike_G","Strike_G","Strike_G","Survivor","Neutralize+1","Acrobatics+1","Flechettes+1","PiercingWail","Deadly Poison","Outmaneuver+1"],"special_seed":0,"relics":["Ring of the Snake","NeowsBlessing","CultistMask","Mummified Hand","Lantern","Frozen Egg 2"],"potions_floor_usage":[16,16],"damage_taken":[{"damage":0.0,"enemies":"2 Louse","floor":1.0,"turns":1.0},{"damage":0.0,"enemies":"Jaw Worm","floor":4.0,"turns":1.0},{"damage":0.0,"enemies":"3 Sentries","floor":6.0,"turns":1.0},{"damage":19.0,"enemies":"Gremlin Nob","floor":8.0,"turns":5.0},{"damage":0.0,"enemies":"Cultist","floor":10.0,"turns":2.0},{"damage":2.0,"enemies":"2 Fungi Beasts","floor":12.0,"turns":4.0},{"damage":0.0,"enemies":"Red Slaver","floor":13.0,"turns":3.0},{"damage":11,"enemies":"The Guardian","floor":16,"turns":14}],"seed_played":"-8486310311142576262","potions_obtained":[{"floor":4.0,"key":"GhostInAJar"},{"floor":8.0,"key":"Fruit Juice"},{"floor":10.0,"key":"Weak Potion"},{"floor":12.0,"key":"SteroidPotion"}],"is_trial":false,"path_per_floor":["M","?","?","M","?","E","R","E","T","M","$","M","M","?","R","B"],"character_chosen":"THE_SILENT","items_purchased":[],"campfire_rested":0,"item_purchase_floors":[],"current_hp_per_floor":[59,48,48,48,48,48,48,34,34,34,34,32,32,11,11,0],"gold":235,"neow_bonus":"THREE_ENEMY_KILL","is_prod":false,"is_daily":false,"chose_seed":false,"campfire_upgraded":2,"win_rate":0,"timestamp":1561995012,"path_taken":["M","?","?","?","?","E","R","E","T","M","$","?","M","?","R","BOSS"],"build_version":"2019-01-23","purchased_purges":1,"victory":false,"max_hp_per_floor":[66,66,66,66,66,66,66,71,71,71,71,71,71,71,71,71],"card_choices":[{"not_picked":["Poisoned Stab","Cloak And Dagger"],"picked":"Acrobatics","floor":1.0},{"not_picked":["Terror","Backstab","Dodge and Roll"],"picked":"SKIP","floor":4.0},{"not_picked":["After Image","Cloak And Dagger"],"picked":"Flechettes","floor":6.0},{"not_picked":["Expertise","Choke"],"picked":"PiercingWail","floor":8.0},{"not_picked":["Bane","Expertise"],"picked":"Deadly Poison","floor":10.0},{"not_picked":["All Out Attack","Acrobatics","Outmaneuver"],"picked":"SKIP","floor":12.0},{"not_picked":["Blade Dance","Leg Sweep"],"picked":"Outmaneuver","floor":13.0}],"player_experience":1029048,"relics_obtained":[{"floor":6.0,"key":"Mummified Hand"},{"floor":8.0,"key":"Lantern"},{"floor":9.0,"key":"Frozen Egg 2"}],"event_choices":[{"damage_healed":0.0,"max_hp_gain":0.0,"max_hp_loss":0.0,"gold_gain":75.0,"event_name":"World of Goop","player_choice":"Gather Gold","floor":2.0,"gold_loss":0.0,"damage_taken":11.0},{"damage_healed":0.0,"max_hp_gain":0.0,"max_hp_loss":0.0,"gold_gain":0.0,"event_name":"FaceTrader","player_choice":"Trade","floor":3.0,"gold_loss":0.0,"damage_taken":0.0,"relics_obtained":["CultistMask"]},{"damage_healed":0.0,"max_hp_gain":0.0,"max_hp_loss":0.0,"gold_gain":0.0,"event_name":"Upgrade Shrine","player_choice":"Upgraded","floor":5.0,"gold_loss":0.0,"damage_taken":0.0,"cards_upgraded":["Acrobatics"]},{"damage_healed":0.0,"max_hp_gain":0.0,"max_hp_loss":0.0,"gold_gain":0.0,"event_name":"Shining Light","player_choice":"Entered Light","floor":14.0,"gold_loss":0.0,"damage_taken":21.0,"cards_upgraded":["Outmaneuver","Defend_G"]}],"is_beta":false,"boss_relics":[],"items_purged_floors":[11],"is_endless":false,"potions_floor_spawned":[4,8,10,12],"killed_by":"The Guardian","ascension_level":20}