{"gold_per_floor":[215,234,72,72,22,22,36,70,96,107,32,32,65,82,82,181,181,197,213,238,238,249,249,7,7,7,22,50,62,86,101,101,199,199,209,85,85,101,28,54,64,64,64,64,28,28,56,73,73,73],"floor_reached":51,"playtime":6268,"items_purged":["Strike_B","Defend_B"],"score":810,"play_id":"0e2f436a-3753-4e69-be29-abd58b37a349","local_time":"20181202193310","is_ascension_mode":false,"campfire_choices":[{"data":"Gash","floor":6.0,"key":"SMITH"},{"floor":15.0,"key":"REST"},{"floor":25.0,"key":"REST"},{"floor":32.0,"key":"REST"},{"data":"All For One","floor":44.0,"key":"SMITH"},{"data":"Gash","floor":46.0,"key":"SMITH"},{"floor":49.0,"key":"REST"}],"neow_cost":"NONE","seed_source_timestamp":1126221943784470,"circlet_count":0,"master_deck":["Strike_B","Strike_B","Defend_B","Defend_B","Zap","Dualcast","Sweeping Beam","Gash+1","Gash+1","Reinforced Body","All For One","Go for the Eyes","Steam","Compile Driver","Creative AI","Genetic Algorithm+1","Gash","All For One+1","Gash","Steam+1","Redo+1","Gash+1","Fission+1","BootSequence+1","Rebound","FTL","FTL","BootSequence+1"],"special_seed":0,"relics":["Cracked Core","Tiny Chest","Gambling Chip","Ornamental Fan","Bronze Scales","Anchor","Runic Pyramid","Red Mask","Toxic Egg 2","Kunai","Happy Flower","Juzu Bracelet","Nuclear Battery","NlothsMask","Boot","Shuriken","Blood Vial"],"potions_floor_usage":[50],"damage_taken":[{"damage":0.0,"enemies":"Cultist","floor":1.0,"turns":4.0},{"damage":3.0,"enemies":"2 Louse","floor":2.0,"turns":2.0},{"damage":0.0,"enemies":"Small Slimes","floor":7.0,"turns":2.0},{"damage":24.0,"enemies":"3 Sentries","floor":8.0,"turns":6.0},{"damage":3.0,"enemies":"3 Louse","floor":10.0,"turns":4.0},{"damage":15.0,"enemies":"Lagavulin","floor":13.0,"turns":4.0},{"damage":0.0,"enemies":"Large Slime","floor":14.0,"turns":4.0},{"damage":21.0,"enemies":"The Guardian","floor":16.0,"turns":7.0},{"damage":9.0,"enemies":"Spheric Guardian","floor":18.0,"turns":4.0},{"damage":5.0,"enemies":"Shell Parasite","floor":19.0,"turns":5.0},{"damage":25.0,"enemies":"Masked Bandits","floor":20.0,"turns":4.0},{"damage":19.0,"enemies":"3 Cultists","floor":22.0,"turns":6.0},{"damage":0.0,"enemies":"Cultist and Chosen","floor":27.0,"turns":3.0},{"damage":0.0,"enemies":"Slavers","floor":28.0,"turns":4.0},{"damage":0.0,"enemies":"Shelled Parasite and Fungi","floor":29.0,"turns":3.0},{"damage":0.0,"enemies":"Centurion and Healer","floor":31.0,"turns":3.0},{"damage":0.0,"enemies":"Collector","floor":33.0,"turns":5.0},{"damage":0.0,"enemies":"3 Darklings","floor":35.0,"turns":3.0},{"damage":0.0,"enemies":"Orb Walker","floor":38.0,"turns":2.0},{"damage":0.0,"enemies":"Nemesis","floor":40.0,"turns":5.0},{"damage":14.0,"enemies":"Spire Growth","floor":41.0,"turns":5.0},{"damage":4.0,"enemies":"Reptomancer","floor":47.0,"turns":5.0},{"damage":0.0,"enemies":"Transient","floor":48.0,"turns":5.0},{"damage":1,"enemies":"Time Eater","floor":50,"turns":10}],"seed_played":"930259947679446029","potions_obtained":[{"floor":1.0,"key":"Weak Potion"},{"floor":10.0,"key":"Energy Potion"},{"floor":13.0,"key":"Strength Potion"},{"floor":16.0,"key":"Ancient Potion"},{"floor":22.0,"key":"AttackPotion"},{"floor":27.0,"key":"Fire Potion"},{"floor":33.0,"key":"Weak Potion"},{"floor":47.0,"key":"Energy Potion"},{"floor":48.0,"key":"AttackPotion"}],"is_trial":false,"path_per_floor":["M","M","$","T","?","R","M","E","T","M","$","?","E","M","R","B",null,"M","M","?","?","M","?","$","R","T","M","E","M","T","M","R","B",null,"M","$","?","M","$","E","M","?","T","R","$","R","E","M","R","B",null],"character_chosen":"DEFECT","items_purchased":["Tiny Chest","Gash","Toxic Egg 2","Rebound","FTL","FTL"],"campfire_rested":4,"item_purchase_floors":[3,3,24,36,39,45],"current_hp_per_floor":[75,72,72,72,72,72,72,48,48,45,45,38,23,23,45,24,75,66,61,36,20,1,1,1,23,23,23,23,23,23,23,45,45,75,75,75,75,75,75,75,61,61,61,61,61,61,57,59,75,74],"gold":73,"neow_bonus":"HUNDRED_GOLD","is_prod":false,"is_daily":false,"chose_seed":false,"campfire_upgraded":3,"win_rate":0,"timestamp":1543739590,"path_taken":["M","?","$","?","?","R","M","E","T","M","$","?","E","M","R","BOSS","M","?","?","?","M","?","$","R","T","M","E","M","?","M","R","BOSS","M","$","?","M","?","E","M","?","T","R","$","R","E","M","R","BOSS"],"build_version":"2018-11-15","purchased_purges":2,"victory":true,"max_hp_per_floor":[75,75,75,75,75,75,75,75,75,75,75,75,75,75,75,75,75,75,75,75,75,75,75,75,75,75,75,75,75,75,75,75,75,75,75,75,75,75,75,75,75,75,75,75,75,75,75,75,75,75],"card_choices":[{"not_picked":["Heatsinks","Compile Driver"],"picked":"Sweeping Beam","floor":1.0},{"not_picked":["Streamline","Self Repair"],"picked":"Gash","floor":2.0},{"not_picked":["Cold Snap","Glacier"],"picked":"Reinforced Body","floor":7.0},{"not_picked":["Coolheaded","Lockon"],"picked":"All For One","floor":8.0},{"not_picked":["Ball Lightning","Stack"],"picked":"Go for the Eyes","floor":10.0},{"not_picked":["Sweeping Beam","Conserve Battery"],"picked":"Steam","floor":13.0},{"not_picked":["Lockon","Leap"],"picked":"Compile Driver","floor":14.0},{"not_picked":["Reboot","Thunder Strike"],"picked":"Creative AI","floor":16.0},{"not_picked":["Aggregate","Barrage"],"picked":"Genetic Algorithm+1","floor":18.0},{"not_picked":["Beam Cell","Leap"],"picked":"Gash","floor":19.0},{"not_picked":["Compile Driver","Hologram"],"picked":"All For One","floor":20.0},{"not_picked":["Rebound","Streamline"],"picked":"Gash","floor":22.0},{"not_picked":["Blizzard","Electrodynamics","Heatsinks"],"picked":"SKIP","floor":27.0},{"not_picked":["Leap+1","Beam Cell"],"picked":"Steam+1","floor":28.0},{"not_picked":["Barrage","Sunder"],"picked":"Redo+1","floor":29.0},{"not_picked":["Ball Lightning+1","Redo+1"],"picked":"Gash+1","floor":31.0},{"not_picked":["Electrodynamics","Meteor Strike"],"picked":"Fission+1","floor":33.0},{"not_picked":["Cold Snap+1","Heatsinks+1"],"picked":"BootSequence+1","floor":35.0},{"not_picked":["Rebound","Stack+1","Streamline"],"picked":"SKIP","floor":38.0},{"not_picked":["Chill+1","Ball Lightning","Sunder+1"],"picked":"SKIP","floor":40.0},{"not_picked":["Hologram+1","Sweeping Beam","Reboot+1"],"picked":"SKIP","floor":41.0},{"not_picked":["Sunder+1","Conserve Battery+1"],"picked":"BootSequence+1","floor":47.0},{"not_picked":["Ball Lightning","Streamline","Sweeping Beam"],"picked":"SKIP","floor":48.0}],"player_experience":94195,"relics_obtained":[{"floor":4.0,"key":"Gambling Chip"},{"floor":8.0,"key":"Ornamental Fan"},{"floor":9.0,"key":"Bronze Scales"},{"floor":13.0,"key":"Anchor"},{"floor":20.0,"key":"Red Mask"},{"floor":26.0,"key":"Kunai"},{"floor":28.0,"key":"Happy Flower"},{"floor":30.0,"key":"Juzu Bracelet"},{"floor":40.0,"key":"Boot"},{"floor":47.0,"key":"Blood Vial"}],"event_choices":[{"cards_removed":["Strike_B"],"damage_healed":0.0,"max_hp_gain":0.0,"max_hp_loss":0.0,"gold_gain":0.0,"event_name":"The Cleric","player_choice":"Card Removal","floor":5.0,"gold_loss":50.0,"damage_taken":0.0},{"damage_healed":0.0,"max_hp_gain":0.0,"max_hp_loss":0.0,"gold_gain":0.0,"event_name":"Wheel of Change","player_choice":"Damaged","floor":12.0,"gold_loss":0.0,"damage_taken":7.0},{"damage_healed":0.0,"max_hp_gain":0.0,"max_hp_loss":0.0,"gold_gain":0.0,"event_name":"Masked Bandits","player_choice":"Fought Bandits","floor":20.0,"gold_loss":0.0,"damage_taken":0.0},{"damage_healed":0.0,"max_hp_gain":0.0,"max_hp_loss":0.0,"gold_gain":0.0,"event_name":"Cursed Tome","player_choice":"Obtained Book","floor":21.0,"gold_loss":0.0,"damage_taken":16.0},{"cards_removed":["Defend_B"],"damage_healed":0.0,"max_hp_gain":0.0,"max_hp_loss":0.0,"gold_gain":0.0,"event_name":"Back to Basics","player_choice":"Elegance","floor":23.0,"gold_loss":0.0,"damage_taken":0.0},{"damage_healed":0.0,"max_hp_gain":0.0,"max_hp_loss":0.0,"gold_gain":0.0,"event_name":"FaceTrader","player_choice":"Trade","floor":37.0,"gold_loss":0.0,"damage_taken":0.0,"relics_obtained":["NlothsMask"]},{"damage_healed":0.0,"max_hp_gain":0.0,"max_hp_loss":0.0,"gold_gain":0.0,"event_name":"WeMeetAgain","player_choice":"Gave Potion","floor":42.0,"gold_loss":0.0,"damage_taken":0.0,"relics_obtained":["Shuriken"]}],"is_beta":false,"boss_relics":[{"not_picked":["Fusion Hammer","White Beast Statue"],"picked":"Runic Pyramid"},{"not_picked":["Orrery","Tiny House"],"picked":"Nuclear Battery"}],"items_purged_floors":[11,36],"is_endless":false,"potions_floor_spawned":[1,10,13,16,22,27,33,47,48],"ascension_level":0}