{"gold_per_floor":[369,97,121,134,1,35,52,70,70,89,102,112,112,112,112,207,207,226,241,59,59,75,75,75],"floor_reached":24,"playtime":1472,"items_purged":[],"score":240,"play_id":"d30066af-e4cf-4bf4-81d3-015c1d4829a0","local_time":"20190705092608","is_ascension_mode":true,"campfire_choices":[{"floor":13,"key":"REST"},{"floor":15,"key":"REST"},{"data":"Armaments","floor":23,"key":"SMITH"}],"neow_cost":"PERCENT_DAMAGE","seed_source_timestamp":1688706074800200,"circlet_count":0,"master_deck":["Strike_R","Strike_R","Strike_R","Strike_R","Strike_R","Defend_R","Defend_R","Defend_R","Defend_R","Bash","Rage","Double Tap","Reckless Charge","Inflame","Flex","Clash","Shockwave","Bloodletting","Flex","Demon Form","Anger+1","Metallicize","Armaments+1","Parasite"],"relics":["Burning Blood","Membership Card","Blood Vial","Darkstone Periapt","Bottled Tornado","Centennial Puzzle","Cursed Key","Shuriken","PreservedInsect"],"potions_floor_usage":[6,11,16,16,18,22],"damage_taken":[{"damage":6,"enemies":"Cultist","floor":1,"turns":3},{"damage":3,"enemies":"2 Louse","floor":4,"turns":3},{"damage":35,"enemies":"Gremlin Nob","floor":6,"turns":5},{"damage":8,"enemies":"Small Slimes","floor":7,"turns":2},{"damage":15,"enemies":"Red Slaver","floor":8,"turns":4},{"damage":23,"enemies":"Blue Slaver","floor":10,"turns":3},{"damage":7,"enemies":"Exordium Thugs","floor":11,"turns":4},{"damage":2,"enemies":"Looter","floor":12,"turns":3},{"damage":50,"enemies":"The Guardian","floor":16,"turns":8},{"damage":18,"enemies":"Shell Parasite","floor":18,"turns":4},{"damage":6,"enemies":"Spheric Guardian","floor":19,"turns":3},{"damage":19,"enemies":"Shelled Parasite and Fungi","floor":22,"turns":4},{"damage":67,"enemies":"Book of Stabbing","floor":24,"turns":5}],"seed_played":"-7315012624836597187","potions_obtained":[{"floor":1,"key":"Fire Potion"},{"floor":7,"key":"Poison Potion"},{"floor":10,"key":"Strength Potion"},{"floor":11,"key":"Swift Potion"},{"floor":12,"key":"AttackPotion"},{"floor":16,"key":"Strength Potion"},{"floor":19,"key":"Block Potion"}],"is_trial":false,"path_per_floor":["M","$","T","M","$","E","M","M","T","M","M","M","R","?","R","B",null,"M","M","$","T","M","R","E"],"character_chosen":"IRONCLAD","items_purchased":["Membership Card","Double Tap","Inflame","Flex","Blood Vial","Metallicize","Shuriken","Armaments"],"campfire_rested":2,"item_purchase_floors":[2,2,5,5,5,20,20,20],"current_hp_per_floor":[56,56,56,59,59,32,32,25,25,10,11,17,41,41,65,23,80,68,70,70,76,65,65,0],"gold":75,"neow_bonus":"TWO_FIFTY_GOLD","is_prod":false,"is_daily":false,"chose_seed":false,"campfire_upgraded":1,"win_rate":0,"timestamp":1562343968,"path_taken":["M","$","?","M","$","E","M","M","T","M","M","M","R","?","R","BOSS","M","M","?","?","M","R","E"],"build_version":"2019-07-01","purchased_purges":0,"victory":false,"max_hp_per_floor":[80,80,80,80,80,80,80,80,80,80,80,80,80,80,80,80,80,80,80,80,86,86,86,86],"card_choices":[{"not_picked":["Whirlwind","Havoc"],"picked":"Rage","floor":1},{"not_picked":["Combust","Headbutt"],"picked":"Reckless Charge","floor":4},{"not_picked":["Combust","Twin Strike"],"picked":"Clash","floor":6},{"not_picked":["Burning Pact","Iron Wave"],"picked":"Shockwave","floor":7},{"not_picked":["Heavy Blade","Sword Boomerang","Twin Strike"],"picked":"SKIP","floor":8},{"not_picked":["Iron Wave","Havoc"],"picked":"Bloodletting","floor":10},{"not_picked":["Evolve","Heavy Blade"],"picked":"Flex","floor":11},{"not_picked":["Ghostly Armor","Flex","Berserk"],"picked":"SKIP","floor":12},{"not_picked":["Impervious","Offering"],"picked":"Demon Form","floor":16},{"not_picked":["Bloodletting","Disarm"],"picked":"Anger+1","floor":18},{"not_picked":["Headbutt","Body Slam+1","Twin Strike"],"picked":"SKIP","floor":19},{"not_picked":["Perfected Strike","Seeing Red","Infernal Blade"],"picked":"SKIP","floor":22}],"player_experience":602782,"relics_obtained":[{"floor":6,"key":"Darkstone Periapt"},{"floor":9,"key":"Bottled Tornado"},{"floor":21,"key":"PreservedInsect"}],"event_choices":[{"damage_healed":0,"gold_gain":0,"player_choice":"Gave Potion","damage_taken":0,"relics_obtained":["Centennial Puzzle"],"max_hp_gain":0,"max_hp_loss":0,"event_name":"WeMeetAgain","floor":14,"gold_loss":0}],"is_beta":false,"boss_relics":[{"not_picked":["Lizard Tail","Velvet Choker"],"picked":"Cursed Key"}],"items_purged_floors":[],"is_endless":false,"potions_floor_spawned":[1,7,10,11,12,16,19],"killed_by":"Book of Stabbing","ascension_level":4}