{"gold_per_floor":[115,290,17,17,17,43,63,63,114,124,124,136,181,212,212,314,314,331,91,104,104,54,85,85,111,158,168,198,198,198,213,213,318,318,336,355,59,59,59],"floor_reached":39,"playtime":3614,"items_purged":["Doubt","Shame","Writhe"],"score":515,"play_id":"e663f61b-eaba-4554-afe7-464b58ed81cc","local_time":"20190605181341","is_ascension_mode":true,"campfire_choices":[{"floor":8.0,"key":"REST"},{"data":"Glass Knife","floor":11.0,"key":"SMITH"},{"floor":15.0,"key":"REST"},{"floor":24.0,"key":"REST"},{"floor":32.0,"key":"REST"}],"neow_cost":"PERCENT_DAMAGE","seed_source_timestamp":0,"circlet_count":0,"master_deck":["Defend_G","Defend_G","Defend_G","Defend_G+1","Strike_G","Strike_G","Strike_G","Strike_G","Strike_G","Survivor","Neutralize","Good Instincts","Blind+1","Caltrops","Underhanded Strike","Glass Knife+1","Choke","Noxious Fumes","After Image","Noxious Fumes+1","Flying Knee","Flechettes","Bane","Unload","Dagger Throw","Endless Agony+1","Terror+1","Acrobatics"],"special_seed":0,"relics":["Ring of the Snake","Lee\u0027s Waffle","Smiling Mask","PreservedInsect","Pen Nib","Regal Pillow","Fusion Hammer","Kunai","Lantern","Pantograph","Anchor","Strawberry","War Paint","Orichalcum","Busted Crown","HandDrill"],"potions_floor_usage":[35],"damage_taken":[{"damage":0.0,"enemies":"Jaw Worm","floor":1.0,"turns":7.0},{"damage":56.0,"enemies":"3 Sentries","floor":6.0,"turns":18.0},{"damage":0.0,"enemies":"2 Louse","floor":7.0,"turns":3.0},{"damage":4.0,"enemies":"Small Slimes","floor":10.0,"turns":4.0},{"damage":0.0,"enemies":"Exordium Wildlife","floor":12.0,"turns":6.0},{"damage":3.0,"enemies":"Lagavulin","floor":14.0,"turns":5.0},{"damage":47.0,"enemies":"Hexaghost","floor":16.0,"turns":11.0},{"damage":9.0,"enemies":"Shell Parasite","floor":18.0,"turns":5.0},{"damage":6.0,"enemies":"3 Byrds","floor":20.0,"turns":4.0},{"damage":16.0,"enemies":"Gremlin Leader","floor":23.0,"turns":5.0},{"damage":9.0,"enemies":"Slavers","floor":25.0,"turns":6.0},{"damage":34.0,"enemies":"Sentry and Sphere","floor":27.0,"turns":6.0},{"damage":10.0,"enemies":"Gremlin Leader","floor":28.0,"turns":6.0},{"damage":6.0,"enemies":"Cultist and Chosen","floor":31.0,"turns":6.0},{"damage":74.0,"enemies":"Champ","floor":33.0,"turns":13.0},{"damage":34,"enemies":"3 Darklings","floor":35,"turns":5},{"damage":8,"enemies":"Orb Walker","floor":36,"turns":3},{"damage":48,"enemies":"Transient","floor":39,"turns":4}],"seed_played":"-6632574019981800342","potions_obtained":[{"floor":1.0,"key":"GhostInAJar"},{"floor":10.0,"key":"Fire Potion"},{"floor":12.0,"key":"Energy Potion"},{"floor":25.0,"key":"Energy Potion"},{"floor":27.0,"key":"GhostInAJar"},{"floor":28.0,"key":"Weak Potion"},{"floor":31.0,"key":"Regen Potion"},{"floor":35,"key":"Fruit Juice"}],"is_trial":false,"path_per_floor":["M","?","$","?","$","E","M","R","T","M","R","M","T","E","R","B",null,"M","$","M","?","$","E","R","E","T","M","E","?","?","M","R","B",null,"M","M","$","?","M"],"character_chosen":"THE_SILENT","items_purchased":["Lee\u0027s Waffle","Kunai","Acrobatics","HandDrill"],"campfire_rested":4,"item_purchase_floors":[3,19,37,37],"current_hp_per_floor":[49,49,77,77,77,21,21,44,44,40,40,40,40,37,75,28,77,68,68,62,62,62,46,77,68,75,41,31,31,15,9,49,15,84,55,47,47,47,0],"gold":59,"neow_bonus":"RANDOM_COLORLESS_2","is_prod":false,"is_daily":false,"chose_seed":false,"campfire_upgraded":1,"win_rate":0,"timestamp":1559783621,"path_taken":["M","?","$","?","$","E","M","R","T","?","R","M","?","E","R","BOSS","M","$","M","?","$","E","R","E","T","M","E","?","?","M","R","BOSS","M","M","$","?","M"],"build_version":"2019-01-23","purchased_purges":3,"victory":false,"max_hp_per_floor":[70,70,77,77,77,77,77,77,77,77,77,77,77,77,77,77,77,77,77,77,77,77,77,77,77,84,84,84,84,84,84,84,84,84,89,89,89,89,89],"card_choices":[{"not_picked":["Escape Plan","Finisher"],"picked":"Caltrops","floor":1.0},{"not_picked":["Deflect","Cloak And Dagger","Dodge and Roll"],"picked":"SKIP","floor":6.0},{"not_picked":["Deflect","Flying Knee"],"picked":"Underhanded Strike","floor":7.0},{"not_picked":["Poisoned Stab","Backflip"],"picked":"Glass Knife","floor":10.0},{"not_picked":["Outmaneuver","Tactician"],"picked":"Choke","floor":12.0},{"not_picked":["All Out Attack","Blur"],"picked":"Noxious Fumes","floor":14.0},{"not_picked":["Tools of the Trade","Phantasmal Killer"],"picked":"After Image","floor":16.0},{"not_picked":["Blade Dance","PiercingWail"],"picked":"Noxious Fumes+1","floor":18.0},{"not_picked":["Expertise","Skewer"],"picked":"Flying Knee","floor":20.0},{"not_picked":["Quick Slash","Bane"],"picked":"Flechettes","floor":23.0},{"not_picked":["Slice","Acrobatics"],"picked":"Bane","floor":25.0},{"not_picked":["Acrobatics","Dagger Throw"],"picked":"Unload","floor":27.0},{"not_picked":["Concentrate","Choke"],"picked":"Dagger Throw","floor":28.0},{"not_picked":["Underhanded Strike","Deflect","Flechettes"],"picked":"SKIP","floor":31.0},{"not_picked":[],"picked":"Endless Agony+1","floor":35},{"not_picked":[],"picked":"Terror+1","floor":36}],"player_experience":530150,"relics_obtained":[{"floor":6.0,"key":"Smiling Mask"},{"floor":9.0,"key":"PreservedInsect"},{"floor":13.0,"key":"Pen Nib"},{"floor":14.0,"key":"Regal Pillow"},{"floor":23.0,"key":"Pantograph"},{"floor":25.0,"key":"Anchor"},{"floor":26.0,"key":"Strawberry"},{"floor":28.0,"key":"War Paint"}],"event_choices":[{"damage_healed":0.0,"max_hp_gain":0.0,"max_hp_loss":0.0,"gold_gain":175.0,"event_name":"Liars Game","player_choice":"AGREE","floor":2.0,"gold_loss":0.0,"damage_taken":0.0,"cards_obtained":["Doubt"]},{"damage_healed":0.0,"max_hp_gain":0.0,"max_hp_loss":0.0,"gold_gain":0.0,"event_name":"The Cleric","player_choice":"Leave","floor":4.0,"gold_loss":0.0,"damage_taken":0.0},{"damage_healed":0.0,"max_hp_gain":0.0,"max_hp_loss":0.0,"gold_gain":0.0,"event_name":"Addict","player_choice":"Stole Relic","floor":21.0,"gold_loss":0.0,"damage_taken":0.0,"relics_obtained":["Lantern"],"cards_obtained":["Shame"]},{"damage_healed":0.0,"max_hp_gain":0.0,"max_hp_loss":0.0,"gold_gain":0.0,"event_name":"The Mausoleum","player_choice":"Opened","floor":29.0,"gold_loss":0.0,"damage_taken":0.0,"relics_obtained":["Orichalcum"],"cards_obtained":["Writhe"]},{"damage_healed":0.0,"max_hp_gain":0.0,"max_hp_loss":0.0,"gold_gain":0.0,"event_name":"Cursed Tome","player_choice":"Obtained Book","floor":30.0,"gold_loss":0.0,"damage_taken":16.0},{"cards_removed":["Defend_G"],"damage_healed":0,"gold_gain":0,"player_choice":"Removed Skill","damage_taken":0,"max_hp_gain":0,"max_hp_loss":0,"event_name":"Falling","floor":38,"gold_loss":0}],"is_beta":false,"boss_relics":[{"not_picked":["Astrolabe","Tiny House"],"picked":"Fusion Hammer"},{"not_picked":["Eternal Feather","Runic Dome"],"picked":"Busted Crown"}],"items_purged_floors":[3,22,37],"is_endless":false,"potions_floor_spawned":[1,10,12,25,27,28,31,35],"killed_by":"Transient","ascension_level":2}