{"gold_per_floor":[119,131,59,71,33,33,64,74,98,113,113,123,24,39,39,39],"floor_reached":16,"playtime":1057,"items_purged":["Defend_B"],"score":104,"play_id":"e8f9cd6d-87b5-4ba9-aa98-5115b9eda522","local_time":"20190809152219","is_ascension_mode":false,"campfire_choices":[{"data":"Loop","floor":6,"key":"SMITH"},{"data":"Multi-Cast","floor":11,"key":"SMITH"},{"floor":15,"key":"REST"}],"neow_cost":"NONE","seed_source_timestamp":656843279088332,"circlet_count":0,"master_deck":["Strike_B","Strike_B","Strike_B","Strike_B","Defend_B+1","Defend_B","Defend_B+1","Zap","Dualcast","Multi-Cast+1","Hologram","Conserve Battery","All For One","Heatsinks","Loop+1","Chill","Steam","BootSequence","Rebound","Capacitor"],"relics":["Cracked Core","Juzu Bracelet","War Paint"],"potions_floor_usage":[16,16,16],"damage_taken":[{"damage":3,"enemies":"Jaw Worm","floor":1,"turns":3},{"damage":2,"enemies":"2 Louse","floor":2,"turns":3},{"damage":10,"enemies":"Small Slimes","floor":4,"turns":4},{"damage":24,"enemies":"3 Sentries","floor":7,"turns":8},{"damage":5,"enemies":"Looter","floor":8,"turns":4},{"damage":0,"enemies":"Red Slaver","floor":10,"turns":4},{"damage":12,"enemies":"2 Fungi Beasts","floor":12,"turns":4},{"damage":1,"enemies":"Exordium Thugs","floor":14,"turns":6},{"damage":44,"enemies":"The Guardian","floor":16,"turns":5}],"seed_played":"-4002998175822662292","potions_obtained":[{"floor":1,"key":"LiquidBronze"},{"floor":4,"key":"Energy Potion"},{"floor":7,"key":"SteroidPotion"}],"is_trial":false,"path_per_floor":["M","M","$","M","$","R","E","M","T","M","R","M","$","M","R","B"],"character_chosen":"DEFECT","items_purchased":["All For One","Loop","Rebound"],"campfire_rested":1,"item_purchase_floors":[3,5,13],"current_hp_per_floor":[72,70,70,60,60,60,36,31,31,31,31,19,19,18,40,0],"gold":39,"neow_bonus":"ONE_RANDOM_RARE_CARD","is_prod":false,"is_daily":false,"chose_seed":false,"campfire_upgraded":2,"win_rate":0,"timestamp":1565356939,"path_taken":["M","M","$","M","$","R","E","M","T","M","R","M","$","M","R","BOSS"],"build_version":"2019-07-17","purchased_purges":1,"victory":false,"max_hp_per_floor":[75,75,75,75,75,75,75,75,75,75,75,75,75,75,75,75],"card_choices":[{"not_picked":["Ball Lightning","Aggregate"],"picked":"Hologram","floor":1},{"not_picked":["Stack","Darkness"],"picked":"Conserve Battery","floor":2},{"not_picked":["Conserve Battery","Force Field"],"picked":"Heatsinks","floor":4},{"not_picked":["Force Field","Scrape","Compile Driver"],"picked":"SKIP","floor":7},{"not_picked":["Leap","Compile Driver"],"picked":"Chill","floor":8},{"not_picked":["Sweeping Beam","Leap"],"picked":"Steam","floor":10},{"not_picked":["Rebound","Redo"],"picked":"BootSequence","floor":12},{"not_picked":["Stack","Lockon"],"picked":"Capacitor","floor":14}],"player_experience":204014,"relics_obtained":[{"floor":7,"key":"Juzu Bracelet"},{"floor":9,"key":"War Paint"}],"event_choices":[],"is_beta":false,"boss_relics":[],"items_purged_floors":[13],"is_endless":false,"potions_floor_spawned":[1,4,7,8],"killed_by":"The Guardian","ascension_level":0}