{"gold_per_floor":[117,131,131,144,144,172,172,185,185,214,43,43,43,57,57,128,128,138,116,116,166,182,182,182],"floor_reached":24,"playtime":1026,"items_purged":["Strike_R"],"score":412,"play_id":"b9621b5e-1ddc-4f2b-9478-bbdce01f31f2","local_time":"20190503124418","is_ascension_mode":true,"campfire_choices":[{"data":"Feel No Pain","floor":7.0,"key":"SMITH"},{"data":"True Grit","floor":13.0,"key":"SMITH"},{"floor":15.0,"key":"REST"},{"data":"Body Slam","floor":23,"key":"SMITH"}],"neow_cost":"NONE","seed_source_timestamp":0,"circlet_count":0,"master_deck":["AscendersBane","Strike_R","Strike_R","Strike_R","Defend_R","Defend_R","Defend_R","Defend_R","Bash","Shrug It Off","Feel No Pain+1","Carnage+1","Burning Pact","Fiend Fire","Feel No Pain+1","True Grit+1","Dark Embrace+1","Body Slam+1","Power Through"],"special_seed":0,"relics":["Burning Blood","NeowsBlessing","Ancient Tea Set","Frozen Egg 2","Champion Belt","Runic Pyramid"],"potions_floor_usage":[],"damage_taken":[{"damage":0.0,"enemies":"2 Louse","floor":1.0,"turns":1.0},{"damage":0.0,"enemies":"Cultist","floor":2.0,"turns":1.0},{"damage":0.0,"enemies":"Jaw Worm","floor":4.0,"turns":1.0},{"damage":32.0,"enemies":"Gremlin Nob","floor":6.0,"turns":4.0},{"damage":18.0,"enemies":"Lots of Slimes","floor":8.0,"turns":6.0},{"damage":33.0,"enemies":"Lagavulin","floor":10.0,"turns":6.0},{"damage":8.0,"enemies":"2 Fungi Beasts","floor":14.0,"turns":3.0},{"damage":14.0,"enemies":"Slime Boss","floor":16.0,"turns":16.0},{"damage":4.0,"enemies":"Chosen","floor":18.0,"turns":8.0},{"damage":23.0,"enemies":"2 Thieves","floor":19.0,"turns":4.0},{"damage":39,"enemies":"Cultist and Chosen","floor":22,"turns":8},{"damage":25,"enemies":"Slavers","floor":24,"turns":2}],"seed_played":"2469395924030564702","potions_obtained":[{"floor":1.0,"key":"Fire Potion"},{"floor":4.0,"key":"SmokeBomb"},{"floor":6.0,"key":"Fruit Juice"},{"floor":16.0,"key":"Block Potion"},{"floor":18.0,"key":"BloodPotion"},{"floor":19.0,"key":"Dexterity Potion"}],"is_trial":false,"path_per_floor":["M","M","?","M","?","E","R","M","T","E","$","?","R","M","R","B",null,"M","M","?","?","M","R","E"],"character_chosen":"IRONCLAD","items_purchased":["Feel No Pain+1","True Grit"],"campfire_rested":1,"item_purchase_floors":[11,11],"current_hp_per_floor":[74,75,75,75,75,54,54,42,42,15,15,15,15,13,37,29,67,69,60,60,60,27,27,2],"gold":182,"neow_bonus":"THREE_ENEMY_KILL","is_prod":false,"is_daily":false,"chose_seed":false,"campfire_upgraded":3,"win_rate":0,"timestamp":1556858658,"path_taken":["M","M","?","?","?","E","R","?","T","E","$","?","R","M","R","BOSS","BOSS","M","?","?","?","?","R","E"],"build_version":"2019-01-23","purchased_purges":1,"victory":false,"max_hp_per_floor":[75,75,75,75,75,80,80,80,80,80,80,80,80,80,80,80,80,80,80,80,80,80,80,80],"card_choices":[{"not_picked":["Metallicize","Twin Strike","Flex"],"picked":"SKIP","floor":1.0},{"not_picked":["Iron Wave","Clothesline"],"picked":"Shrug It Off","floor":2.0},{"not_picked":["Perfected Strike","Whirlwind"],"picked":"Carnage","floor":4.0},{"not_picked":["Inflame","Spot Weakness"],"picked":"Burning Pact","floor":6.0},{"not_picked":["Anger","Havoc"],"picked":"Fiend Fire","floor":8.0},{"not_picked":["Burning Pact","Intimidate","Dual Wield"],"picked":"SKIP","floor":10.0},{"not_picked":["Rage","Iron Wave","Carnage"],"picked":"SKIP","floor":14.0},{"not_picked":["Bludgeon","Brutality+1"],"picked":"Dark Embrace+1","floor":16.0},{"not_picked":["True Grit","Shockwave"],"picked":"Body Slam","floor":18.0},{"not_picked":["Heavy Blade","Hemokinesis","Rage"],"picked":"SKIP","floor":19.0},{"not_picked":["Perfected Strike","Rampage"],"picked":"Power Through","floor":22}],"player_experience":805670,"relics_obtained":[{"floor":6.0,"key":"Ancient Tea Set"},{"floor":9.0,"key":"Frozen Egg 2"},{"floor":10.0,"key":"Champion Belt"}],"event_choices":[{"damage_healed":0.0,"max_hp_gain":0.0,"max_hp_loss":0.0,"gold_gain":0.0,"cards_transformed":["Strike_R"],"event_name":"Transmorgrifier","player_choice":"Transformed","floor":3.0,"gold_loss":0.0,"damage_taken":0.0,"cards_obtained":["Feel No Pain"]},{"damage_healed":0.0,"max_hp_gain":0.0,"max_hp_loss":0.0,"gold_gain":0.0,"event_name":"Upgrade Shrine","player_choice":"Upgraded","floor":5.0,"gold_loss":0.0,"damage_taken":0.0,"cards_upgraded":["Carnage"]},{"damage_healed":0.0,"max_hp_gain":0.0,"max_hp_loss":0.0,"gold_gain":0.0,"event_name":"FaceTrader","player_choice":"Leave","floor":12.0,"gold_loss":0.0,"damage_taken":0.0},{"damage_healed":0.0,"max_hp_gain":0.0,"max_hp_loss":0.0,"gold_gain":0.0,"event_name":"The Mausoleum","player_choice":"Ignored","floor":20.0,"gold_loss":0.0,"damage_taken":0.0},{"damage_healed":0.0,"max_hp_gain":0.0,"max_hp_loss":0.0,"gold_gain":50.0,"event_name":"Golden Shrine","player_choice":"Pray","floor":21.0,"gold_loss":0.0,"damage_taken":0.0}],"is_beta":false,"boss_relics":[{"not_picked":["Tiny House","Runic Cube"],"picked":"Runic Pyramid"}],"items_purged_floors":[11],"is_endless":false,"potions_floor_spawned":[1,4,6,16,18,19],"killed_by":"Slavers","ascension_level":20}