{"gold_per_floor":[109,34,51,69,144,144,144,156,156,170,67,83,95,130,130,230,230,230,38,38,38,38,38,38,38,38,38,38,38,38,38,38,38,38,38,38,38,38,38,38,38,38,38,38,38,38,38,38,38,38,38,38,38,38,38],"floor_reached":55,"playtime":2773,"items_purged":["Strike_R"],"score":776,"play_id":"8d8a6862-8b26-4e41-97ab-a5896bf8fc26","local_time":"20190807211532","is_ascension_mode":false,"campfire_choices":[{"data":"Whirlwind","floor":6,"key":"SMITH"},{"floor":15,"key":"RECALL"},{"floor":24,"key":"REST"},{"data":"Whirlwind","floor":29,"key":"SMITH"},{"floor":32,"key":"REST"},{"floor":40,"key":"REST"},{"floor":44,"key":"REST"},{"floor":47,"key":"REST"},{"floor":49,"key":"REST"},{"data":"Offering","floor":52,"key":"SMITH"}],"neow_cost":"NONE","seed_source_timestamp":157560926388424,"circlet_count":0,"master_deck":["Strike_R","Strike_R","Strike_R","Strike_R","Defend_R","Defend_R+1","Defend_R","Defend_R","Bash","Whirlwind+1","Feed","Iron Wave","Inflame+1","Whirlwind+1","Power Through","Flex+1","Offering","Flex","Inflame+1","Berserk+1","Offering+1","Body Slam+1","Inflame+1","Seeing Red+1","Blood for Blood+1","Whirlwind+1","Flex+1","Flex","Shockwave+1"],"relics":["Burning Blood","NeowsBlessing","Frozen Egg 2","Mercury Hourglass","Ectoplasm","Strange Spoon","Nilry\u0027s Codex","Potion Belt","Mark of Pain","Thread and Needle","Pantograph","Question Card","War Paint","Centennial Puzzle"],"potions_floor_usage":[14,33,33,35,39,41,50,50,55,55],"damage_taken":[{"damage":0,"enemies":"Small Slimes","floor":1,"turns":1},{"damage":0,"enemies":"2 Louse","floor":3,"turns":1},{"damage":0,"enemies":"Jaw Worm","floor":4,"turns":1},{"damage":11,"enemies":"Blue Slaver","floor":8,"turns":4},{"damage":0,"enemies":"3 Louse","floor":10,"turns":1},{"damage":10,"enemies":"Gremlin Gang","floor":12,"turns":3},{"damage":10,"enemies":"Exordium Thugs","floor":13,"turns":3},{"damage":21,"enemies":"Lagavulin","floor":14,"turns":7},{"damage":0,"enemies":"Slime Boss","floor":16,"turns":5},{"damage":6,"enemies":"Spheric Guardian","floor":18,"turns":2},{"damage":0,"enemies":"3 Byrds","floor":21,"turns":3},{"damage":38,"enemies":"Slavers","floor":23,"turns":3},{"damage":22,"enemies":"Snake Plant","floor":27,"turns":3},{"damage":16,"enemies":"Cultist and Chosen","floor":28,"turns":3},{"damage":15,"enemies":"Centurion and Healer","floor":30,"turns":3},{"damage":38,"enemies":"Automaton","floor":33,"turns":7},{"damage":0,"enemies":"3 Shapes","floor":35,"turns":2},{"damage":38,"enemies":"2 Orb Walkers","floor":37,"turns":3},{"damage":0,"enemies":"Orb Walker","floor":38,"turns":2},{"damage":27,"enemies":"Maw","floor":39,"turns":5},{"damage":21,"enemies":"Giant Head","floor":41,"turns":5},{"damage":12,"enemies":"Transient","floor":42,"turns":5},{"damage":37,"enemies":"Reptomancer","floor":45,"turns":4},{"damage":12,"enemies":"Writhing Mass","floor":46,"turns":3},{"damage":15,"enemies":"Sphere and 2 Shapes","floor":48,"turns":1},{"damage":65,"enemies":"Time Eater","floor":50,"turns":4},{"damage":24,"enemies":"Shield and Spear","floor":54,"turns":2},{"damage":116,"enemies":"The Heart","floor":55,"turns":5}],"seed_played":"7379340982447054407","potions_obtained":[{"floor":3,"key":"Dexterity Potion"},{"floor":8,"key":"Swift Potion"},{"floor":12,"key":"EssenceOfSteel"},{"floor":16,"key":"FearPotion"},{"floor":27,"key":"SteroidPotion"},{"floor":28,"key":"Regen Potion"},{"floor":30,"key":"GamblersBrew"},{"floor":37,"key":"FearPotion"},{"floor":38,"key":"Dexterity Potion"},{"floor":41,"key":"LiquidBronze"},{"floor":46,"key":"SkillPotion"},{"floor":54,"key":"Swift Potion"}],"is_trial":false,"path_per_floor":["M","$","M","M","?","R","?","M","T","M","$","M","M","E","R","B",null,"M","$","?","M","?","E","R","?","T","M","M","R","M","$","R","B",null,"M","?","?","M","M","R","E","M","T","R","E","M","R","M","R","B",null,"R","$","E","B"],"character_chosen":"IRONCLAD","items_purchased":["Inflame+1","Whirlwind","Strange Spoon"],"campfire_rested":6,"item_purchase_floors":[11,11,19],"current_hp_per_floor":[80,80,80,80,69,69,69,64,64,70,70,69,65,50,50,56,83,83,83,83,83,67,35,59,83,83,67,57,57,48,48,72,54,83,86,86,54,60,39,64,49,43,43,68,37,31,56,47,72,27,86,86,86,68,0],"gold":38,"neow_bonus":"THREE_ENEMY_KILL","is_prod":false,"is_daily":false,"chose_seed":false,"campfire_upgraded":3,"win_rate":0,"timestamp":1565226932,"path_taken":["M","$","M","M","?","R","?","M","T","M","$","M","M","E","R","BOSS","M","$","?","M","?","E","R","?","T","M","?","R","M","?","R","BOSS","M","?","?","M","M","R","E","M","T","R","E","M","R","M","R","BOSS","R","$","E","BOSS"],"build_version":"2019-07-17","purchased_purges":1,"victory":false,"max_hp_per_floor":[80,80,80,80,80,80,80,80,80,80,80,83,83,83,83,83,83,83,83,83,83,83,83,83,83,83,83,83,83,83,83,83,83,83,86,86,86,86,86,86,86,86,86,86,86,86,86,86,86,86,86,86,86,86,86],"card_choices":[{"not_picked":["Perfected Strike","Rage","Warcry"],"picked":"SKIP","floor":1},{"not_picked":["Pommel Strike","Hemokinesis"],"picked":"Whirlwind","floor":3},{"not_picked":["Rage","Headbutt"],"picked":"Feed","floor":4},{"not_picked":["Second Wind","Heavy Blade"],"picked":"Iron Wave","floor":8},{"not_picked":["Pommel Strike","Warcry","Power Through"],"picked":"SKIP","floor":10},{"not_picked":["Clothesline","Warcry"],"picked":"Power Through","floor":12},{"not_picked":["Armaments","Cleave","Havoc"],"picked":"SKIP","floor":13},{"not_picked":["Bludgeon","Sword Boomerang"],"picked":"Flex","floor":14},{"not_picked":["Fiend Fire","Barricade+1"],"picked":"Offering","floor":16},{"not_picked":["Twin Strike+1","Headbutt"],"picked":"Flex","floor":18},{"not_picked":["Carnage+1","Twin Strike","Clothesline"],"picked":"SKIP","floor":21},{"not_picked":["Second Wind","Sword Boomerang"],"picked":"Berserk+1","floor":23},{"not_picked":["Warcry","Body Slam","Heavy Blade"],"picked":"SKIP","floor":27},{"not_picked":["Perfected Strike","Evolve+1","Infernal Blade"],"picked":"SKIP","floor":28},{"not_picked":["Heavy Blade+1","Combust+1","Thunderclap"],"picked":"SKIP","floor":30},{"not_picked":["Reaper","Fiend Fire"],"picked":"Offering","floor":33},{"not_picked":["Heavy Blade+1","Warcry+1"],"picked":"Body Slam+1","floor":35},{"not_picked":["Perfected Strike","Shrug It Off"],"picked":"Inflame+1","floor":37},{"not_picked":["Rupture+1","Carnage"],"picked":"Seeing Red+1","floor":38},{"not_picked":["Cleave+1","Armaments"],"picked":"Blood for Blood+1","floor":39},{"not_picked":["Combust+1","Rupture+1","Iron Wave+1"],"picked":"SKIP","floor":41},{"not_picked":["Headbutt+1","Corruption+1"],"picked":"Whirlwind+1","floor":42},{"not_picked":["Perfected Strike+1","Body Slam","Barricade+1","Combust+1"],"picked":"SKIP","floor":45},{"not_picked":["Headbutt","Evolve+1","Corruption+1"],"picked":"Flex+1","floor":46},{"not_picked":["Anger","Wild Strike+1","Clash+1"],"picked":"Flex","floor":48},{"not_picked":["Carnage+1","Dropkick+1","Perfected Strike"],"picked":"Shockwave+1","floor":54}],"player_experience":76839,"relics_obtained":[{"floor":9,"key":"Frozen Egg 2"},{"floor":14,"key":"Mercury Hourglass"},{"floor":22,"key":"Nilry\u0027s Codex"},{"floor":23,"key":"Potion Belt"},{"floor":37,"key":"Thread and Needle"},{"floor":41,"key":"Pantograph"},{"floor":43,"key":"Question Card"},{"floor":45,"key":"War Paint"},{"floor":54,"key":"Centennial Puzzle"}],"event_choices":[{"damage_healed":0,"gold_gain":75,"player_choice":"Gather Gold","damage_taken":11,"max_hp_gain":0,"max_hp_loss":0,"event_name":"World of Goop","floor":5,"gold_loss":0},{"damage_healed":0,"gold_gain":0,"player_choice":"Searched \u00270\u0027 times","damage_taken":0,"max_hp_gain":0,"max_hp_loss":0,"event_name":"Dead Adventurer","floor":7,"gold_loss":0},{"damage_healed":0,"gold_gain":0,"player_choice":"Read","damage_taken":0,"max_hp_gain":0,"max_hp_loss":0,"event_name":"The Library","floor":20,"gold_loss":0,"cards_obtained":["Inflame"]},{"damage_healed":0,"gold_gain":0,"player_choice":"Obtained Book","damage_taken":16,"max_hp_gain":0,"max_hp_loss":0,"event_name":"Cursed Tome","floor":22,"gold_loss":0},{"damage_healed":24,"gold_gain":0,"player_choice":"Full Heal","damage_taken":0,"max_hp_gain":0,"max_hp_loss":0,"event_name":"Wheel of Change","floor":25,"gold_loss":0},{"damage_healed":0,"gold_gain":0,"player_choice":"Memory 1","damage_taken":0,"max_hp_gain":0,"max_hp_loss":0,"event_name":"SensoryStone","floor":36,"gold_loss":0},{"damage_healed":0,"gold_gain":0,"player_choice":"Fight","damage_taken":0,"max_hp_gain":0,"max_hp_loss":0,"event_name":"Mysterious Sphere","floor":37,"gold_loss":0}],"is_beta":false,"boss_relics":[{"not_picked":["White Beast Statue","Busted Crown"],"picked":"Ectoplasm"},{"not_picked":["Eternal Feather","Snecko Eye"],"picked":"Mark of Pain"}],"items_purged_floors":[2],"is_endless":false,"potions_floor_spawned":[3,8,12,16,18,27,28,30,37,38,41,46,54],"killed_by":"The Heart","ascension_level":0}