{"gold_per_floor":[112,127,139,157,157,187,205,205,283,302,302,321,340,357,357,462,462,480,480,17,36,52,84,84],"floor_reached":24,"playtime":1324,"items_purged":["Strike_B"],"score":280,"play_id":"81975764-0b13-4bda-a9ab-782df8543c69","local_time":"20190705134934","is_ascension_mode":true,"campfire_choices":[{"data":"Sunder","floor":8.0,"key":"SMITH"},{"data":"Barrage","floor":11.0,"key":"SMITH"},{"data":"Rainbow","floor":15.0,"key":"SMITH"}],"neow_cost":"NONE","seed_source_timestamp":0,"circlet_count":0,"master_deck":["Strike_B","Strike_B","Strike_B+1","Defend_B","Defend_B","Defend_B","Defend_B","Zap","Dualcast","Lockon","Sunder+1","Leap+1","Ball Lightning","Leap","Barrage+1","Conserve Battery","Coolheaded","Aggregate","Rainbow+1","Cold Snap","Fission+1","Capacitor","Defragment","Chaos+1","Leap","Capacitor"],"special_seed":0,"relics":["Cracked Core","Art of War","Gremlin Horn","Cursed Key","Mango","StoneCalendar"],"potions_floor_usage":[16,23],"damage_taken":[{"damage":6.0,"enemies":"2 Louse","floor":1.0,"turns":2.0},{"damage":1.0,"enemies":"Cultist","floor":2.0,"turns":3.0},{"damage":4.0,"enemies":"Jaw Worm","floor":3.0,"turns":4.0},{"damage":5.0,"enemies":"3 Louse","floor":4.0,"turns":4.0},{"damage":16.0,"enemies":"Gremlin Nob","floor":6.0,"turns":3.0},{"damage":9.0,"enemies":"Exordium Thugs","floor":7.0,"turns":3.0},{"damage":0.0,"enemies":"Large Slime","floor":10.0,"turns":4.0},{"damage":0.0,"enemies":"2 Fungi Beasts","floor":12.0,"turns":2.0},{"damage":0.0,"enemies":"3 Louse","floor":13.0,"turns":1.0},{"damage":1.0,"enemies":"Exordium Thugs","floor":14.0,"turns":4.0},{"damage":9,"enemies":"The Guardian","floor":16,"turns":10},{"damage":13,"enemies":"3 Byrds","floor":18,"turns":4},{"damage":8,"enemies":"Spheric Guardian","floor":21,"turns":4},{"damage":28,"enemies":"3 Cultists","floor":22,"turns":4},{"damage":14,"enemies":"Gremlin Leader","floor":23,"turns":9},{"damage":13,"enemies":"Shelled Parasite and Fungi","floor":24,"turns":1}],"seed_played":"-6156955650624223642","potions_obtained":[{"floor":1.0,"key":"SkillPotion"},{"floor":3.0,"key":"Poison Potion"},{"floor":4.0,"key":"Explosive Potion"},{"floor":7.0,"key":"GamblersBrew"},{"floor":13.0,"key":"SteroidPotion"},{"floor":16,"key":"Ancient Potion"}],"is_trial":false,"path_per_floor":["M","M","M","M","?","E","M","R","T","M","R","M","M","M","R","B",null,"M","?","$","M","M","E","M"],"character_chosen":"DEFECT","items_purchased":["Defragment","Mango"],"campfire_rested":0,"item_purchase_floors":[20,20],"current_hp_per_floor":[69,68,64,59,44,28,19,19,19,19,19,19,19,18,18,9,59,46,46,60,52,24,10,0],"gold":84,"neow_bonus":"THREE_CARDS","is_prod":false,"is_daily":false,"chose_seed":false,"campfire_upgraded":3,"win_rate":0,"timestamp":1562348974,"path_taken":["M","M","M","M","?","E","M","R","T","M","R","M","M","M","R","BOSS","M","?","?","M","M","E","?"],"build_version":"2019-07-01","purchased_purges":1,"victory":false,"max_hp_per_floor":[75,75,75,75,75,75,75,75,75,75,75,75,75,75,75,75,75,75,75,89,89,89,89,89],"card_choices":[{"not_picked":["Redo","Streamline"],"picked":"Lockon","floor":0.0},{"not_picked":["Conserve Battery","Blizzard"],"picked":"Sunder","floor":1.0},{"not_picked":["Streamline","Redo"],"picked":"Leap","floor":2.0},{"not_picked":["All For One","Hologram"],"picked":"Ball Lightning","floor":3.0},{"not_picked":["Redo","Turbo"],"picked":"Leap","floor":4.0},{"not_picked":["Scrape","Beam Cell"],"picked":"Barrage","floor":6.0},{"not_picked":["Leap","Sunder"],"picked":"Conserve Battery","floor":7.0},{"not_picked":["Hologram","Heatsinks"],"picked":"Coolheaded","floor":10.0},{"not_picked":["Leap","Reprogram"],"picked":"Aggregate","floor":12.0},{"not_picked":["Leap","Melter"],"picked":"Rainbow","floor":13.0},{"not_picked":["Doom and Gloom","Beam Cell"],"picked":"Cold Snap","floor":14.0},{"not_picked":["Rainbow","Hyperbeam"],"picked":"Fission","floor":16},{"not_picked":["Streamline","Cold Snap+1"],"picked":"Capacitor","floor":18},{"not_picked":["Redo","Stack+1"],"picked":"Chaos+1","floor":21},{"not_picked":["Sweeping Beam","Reinforced Body"],"picked":"Leap","floor":22},{"not_picked":["Hologram","Cold Snap"],"picked":"Capacitor","floor":23}],"player_experience":354210,"relics_obtained":[{"floor":6.0,"key":"Art of War"},{"floor":9.0,"key":"Gremlin Horn"},{"floor":23,"key":"StoneCalendar"}],"event_choices":[{"damage_healed":0.0,"max_hp_gain":0.0,"max_hp_loss":0.0,"gold_gain":0.0,"event_name":"Shining Light","player_choice":"Entered Light","floor":5.0,"gold_loss":0.0,"damage_taken":15.0,"cards_upgraded":["Leap","Strike_B"]},{"damage_healed":0,"gold_gain":0,"player_choice":"Forge","damage_taken":0,"max_hp_gain":0,"max_hp_loss":0,"event_name":"Accursed Blacksmith","floor":19,"gold_loss":0,"cards_upgraded":["Fission"]}],"is_beta":false,"boss_relics":[{"not_picked":["Nuclear Battery","FrozenCore"],"picked":"Cursed Key"}],"items_purged_floors":[20],"is_endless":false,"potions_floor_spawned":[1,3,4,7,13,16],"killed_by":"Shelled Parasite and Fungi","ascension_level":5}