{"gold_per_floor":[16,29,29,47,67,108,124,124,124,145,145,145,164,179,179,304,304,319,319,342,342,292,313,353,353,353,353,369,8,28,28,28,151,151,167,167,167,188,521,521,521],"floor_reached":41,"playtime":3800,"items_purged":["Defend_G"],"score":631,"play_id":"1d4ba703-b57c-43db-b7b1-80d156dbf973","local_time":"20190804105852","is_ascension_mode":true,"campfire_choices":[{"data":"Dagger Spray","floor":8.0,"key":"SMITH"},{"floor":15.0,"key":"REST"},{"data":"Burst","floor":25.0,"key":"SMITH"},{"data":"Well Laid Plans","floor":32.0,"key":"SMITH"},{"floor":40,"key":"REST"}],"neow_cost":"NO_GOLD","seed_source_timestamp":2120424782402500,"circlet_count":0,"master_deck":["Survivor","Neutralize","Sucker Punch","Blur","Predator","Outmaneuver+1","Dagger Spray+1","Dash+1","Well Laid Plans+1","Backflip","Burst+1","Infinite Blades","Bite","Bite","Bite","Bite","Bite","Dodge and Roll+1","Prepared+1","Skewer","Backflip","Dagger Throw+1","Terror","Phantasmal Killer","Bouncing Flask","Slice","Footwork","Dodge and Roll+1","Flechettes+1"],"special_seed":0,"relics":["Ring of the Serpent","Tingsha","Orichalcum","Potion Belt","Oddly Smooth Stone","Question Card","Gremlin Horn","Mercury Hourglass","Pandora\u0027s Box"],"potions_floor_usage":[38,41],"damage_taken":[{"damage":0.0,"enemies":"Jaw Worm","floor":1.0,"turns":5.0},{"damage":0.0,"enemies":"2 Louse","floor":2.0,"turns":2.0},{"damage":0.0,"enemies":"Cultist","floor":4.0,"turns":4.0},{"damage":0.0,"enemies":"2 Fungi Beasts","floor":5.0,"turns":4.0},{"damage":21.0,"enemies":"Lagavulin","floor":6.0,"turns":9.0},{"damage":2.0,"enemies":"Large Slime","floor":7.0,"turns":6.0},{"damage":0.0,"enemies":"Lots of Slimes","floor":10.0,"turns":1.0},{"damage":0.0,"enemies":"2 Fungi Beasts","floor":13.0,"turns":3.0},{"damage":2.0,"enemies":"Exordium Wildlife","floor":14.0,"turns":3.0},{"damage":0.0,"enemies":"The Guardian","floor":16.0,"turns":13.0},{"damage":26.0,"enemies":"2 Thieves","floor":18.0,"turns":5.0},{"damage":0.0,"enemies":"Chosen","floor":20.0,"turns":6.0},{"damage":1.0,"enemies":"Centurion and Healer","floor":23.0,"turns":8.0},{"damage":17.0,"enemies":"Book of Stabbing","floor":24.0,"turns":10.0},{"damage":13.0,"enemies":"3 Cultists","floor":28.0,"turns":5.0},{"damage":18.0,"enemies":"Snake Plant","floor":30.0,"turns":5.0},{"damage":2.0,"enemies":"Automaton","floor":33.0,"turns":10.0},{"damage":7.0,"enemies":"Orb Walker","floor":35.0,"turns":3.0},{"damage":40,"enemies":"3 Darklings","floor":38,"turns":5},{"damage":27,"enemies":"Nemesis","floor":41,"turns":6}],"seed_played":"-3504342060237328978","potions_obtained":[{"floor":1.0,"key":"Swift Potion"},{"floor":4.0,"key":"Dexterity Potion"},{"floor":6.0,"key":"SneckoOil"},{"floor":10.0,"key":"Weak Potion"},{"floor":18.0,"key":"Block Potion"},{"floor":28.0,"key":"SkillPotion"},{"floor":30.0,"key":"FearPotion"},{"floor":38,"key":"Explosive Potion"}],"is_trial":false,"path_per_floor":["M","M","?","M","M","E","M","R","T","M","?","?","M","M","R","B",null,"M","?","M","?","?","M","E","R","T","?","M","$","M","$","R","B",null,"M","?","?","M","?","R","E"],"character_chosen":"THE_SILENT","items_purchased":["Terror","Mercury Hourglass"],"campfire_rested":2,"item_purchase_floors":[29,29],"current_hp_per_floor":[70,70,53,53,53,32,30,30,30,30,16,16,16,14,35,35,61,35,35,47,47,47,49,40,40,40,40,39,39,33,33,33,43,48,42,42,42,12,12,26,0],"gold":521,"neow_bonus":"ONE_RARE_RELIC","is_prod":false,"is_daily":false,"chose_seed":false,"campfire_upgraded":3,"win_rate":0,"timestamp":1564937932,"path_taken":["M","M","?","M","M","E","M","R","T","M","?","?","M","M","R","BOSS","M","?","M","?","?","?","E","R","T","?","M","$","M","?","R","BOSS","M","?","?","?","?","R","E"],"build_version":"2019-07-18","purchased_purges":1,"victory":false,"max_hp_per_floor":[70,70,70,70,70,70,70,70,70,70,70,70,70,70,70,70,70,70,49,49,49,49,49,49,49,49,49,49,49,49,49,49,49,49,49,49,49,49,49,49,49],"card_choices":[{"not_picked":["Concentrate","Accuracy"],"picked":"Sucker Punch","floor":1.0},{"not_picked":["Escape Plan","Distraction"],"picked":"Blur","floor":2.0},{"not_picked":["Finisher","Bane"],"picked":"Predator","floor":4.0},{"not_picked":["Quick Slash","Bouncing Flask"],"picked":"Outmaneuver","floor":5.0},{"not_picked":["Acrobatics","Bane"],"picked":"Dagger Spray","floor":6.0},{"not_picked":["Slice","Distraction"],"picked":"Dash","floor":7.0},{"not_picked":["Infinite Blades","Finisher"],"picked":"Well Laid Plans","floor":10.0},{"not_picked":["Outmaneuver","Flying Knee","Bane"],"picked":"SKIP","floor":13.0},{"not_picked":["Prepared","Setup"],"picked":"Backflip","floor":14.0},{"not_picked":["Venomology","Wraith Form v2"],"picked":"Burst","floor":16.0},{"not_picked":["Deadly Poison","Slice"],"picked":"Infinite Blades","floor":18.0},{"not_picked":["Noxious Fumes","Finisher"],"picked":"Dodge and Roll+1","floor":20.0},{"not_picked":["Bane","Cloak And Dagger"],"picked":"PiercingWail","floor":23.0},{"not_picked":["Flying Knee","Catalyst+1"],"picked":"Prepared+1","floor":24.0},{"not_picked":["Blade Dance+1","Flying Knee","Wraith Form v2"],"picked":"Dagger Throw+1","floor":28.0},{"not_picked":["Sucker Punch","All Out Attack","Masterful Stab","Dodge and Roll"],"picked":"SKIP","floor":30.0},{"not_picked":["Bullet Time","Venomology","Doppelganger"],"picked":"Phantasmal Killer","floor":33.0},{"not_picked":["Setup","Flying Knee+1","Cloak And Dagger"],"picked":"Footwork","floor":35.0},{"not_picked":["Flying Knee+1","Quick Slash","Crippling Poison"],"picked":"Flechettes+1","floor":38}],"player_experience":96900,"relics_obtained":[{"floor":6.0,"key":"Orichalcum"},{"floor":9.0,"key":"Potion Belt"},{"floor":24.0,"key":"Question Card"},{"floor":26.0,"key":"Gremlin Horn"}],"event_choices":[{"damage_healed":0.0,"max_hp_gain":0.0,"max_hp_loss":0.0,"gold_gain":0.0,"event_name":"Golden Idol","player_choice":"Take Damage","floor":3.0,"gold_loss":0.0,"damage_taken":17.0,"relics_obtained":["Golden Idol"]},{"damage_healed":0.0,"max_hp_gain":0.0,"max_hp_loss":0.0,"gold_gain":0.0,"event_name":"Shining Light","player_choice":"Entered Light","floor":11.0,"gold_loss":0.0,"damage_taken":14.0,"cards_upgraded":["Defend_G","Dash"]},{"damage_healed":0.0,"max_hp_gain":0.0,"max_hp_loss":0.0,"gold_gain":0.0,"event_name":"Upgrade Shrine","player_choice":"Upgraded","floor":12.0,"gold_loss":0.0,"damage_taken":0.0,"cards_upgraded":["Outmaneuver"]},{"damage_healed":0.0,"max_hp_gain":0.0,"max_hp_loss":21.0,"gold_gain":0.0,"event_name":"Vampires","player_choice":"Became a vampire","floor":19.0,"gold_loss":0.0,"damage_taken":0.0,"cards_obtained":["Bite","Bite","Bite","Bite","Bite"]},{"damage_healed":0.0,"max_hp_gain":0.0,"max_hp_loss":0.0,"gold_gain":0.0,"event_name":"The Mausoleum","player_choice":"Opened","floor":21.0,"gold_loss":0.0,"damage_taken":0.0,"relics_obtained":["Oddly Smooth Stone"]},{"damage_healed":0.0,"max_hp_gain":0.0,"max_hp_loss":0.0,"gold_gain":0.0,"event_name":"The Joust","player_choice":"Bet on Murderer","floor":22.0,"gold_loss":50.0,"damage_taken":0.0},{"damage_healed":0.0,"max_hp_gain":0.0,"max_hp_loss":0.0,"gold_gain":0.0,"cards_transformed":["Defend_G","Defend_G"],"event_name":"Drug Dealer","player_choice":"Became Test Subject","floor":27.0,"gold_loss":0.0,"damage_taken":0.0,"cards_obtained":["Skewer","Backflip"]},{"cards_removed":["PiercingWail"],"damage_healed":0.0,"max_hp_gain":0.0,"max_hp_loss":0.0,"gold_gain":0.0,"event_name":"Falling","player_choice":"Removed Skill","floor":36.0,"gold_loss":0.0,"damage_taken":0.0},{"damage_healed":0.0,"max_hp_gain":0.0,"max_hp_loss":0.0,"gold_gain":0.0,"event_name":"Duplicator","player_choice":"Copied","floor":37.0,"gold_loss":0.0,"damage_taken":0.0,"cards_obtained":["Dodge and Roll"]},{"damage_healed":0,"gold_gain":333,"player_choice":"Gave Idol","damage_taken":0,"max_hp_gain":0,"max_hp_loss":0,"event_name":"The Moai Head","floor":39,"relics_lost":["Golden Idol"],"gold_loss":0}],"is_beta":true,"boss_relics":[{"not_picked":["Black Star","Runic Dome"],"picked":"Ring of the Serpent"},{"not_picked":["Velvet Choker","Snecko Eye"],"picked":"Pandora\u0027s Box"}],"items_purged_floors":[29],"is_endless":false,"potions_floor_spawned":[1,4,6,10,18,28,30,38],"killed_by":"Nemesis","ascension_level":5}