{"gold_per_floor":[110,110,110,110,130,157,157,157],"floor_reached":8,"playtime":214,"items_purged":[],"score":158,"play_id":"b63cf7ff-8579-486c-97e9-f151f5184459","local_time":"20190523182908","is_ascension_mode":true,"campfire_choices":[{"data":"Biased Cognition","floor":7,"key":"SMITH"}],"neow_cost":"NONE","seed_source_timestamp":200431448638107,"circlet_count":0,"master_deck":["AscendersBane","Strike_B","Strike_B","Strike_B","Defend_B","Defend_B","Defend_B","Defend_B+1","Zap","Dualcast","Streamline+1","Chill","Heatsinks","Biased Cognition+1"],"relics":["Cracked Core","NeowsBlessing","Bag of Preparation"],"potions_floor_usage":[8],"damage_taken":[{"damage":0,"enemies":"Jaw Worm","floor":1,"turns":1},{"damage":0,"enemies":"2 Louse","floor":5,"turns":1},{"damage":0,"enemies":"Lagavulin","floor":6,"turns":1},{"damage":46,"enemies":"3 Sentries","floor":8,"turns":13}],"seed_played":"4141333341660073060","potions_obtained":[{"floor":5,"key":"GamblersBrew"}],"is_trial":false,"path_per_floor":["M","?","?","?","M","E","R","E"],"character_chosen":"DEFECT","items_purchased":[],"campfire_rested":0,"item_purchase_floors":[],"current_hp_per_floor":[64,69,46,46,46,46,46,0],"gold":157,"neow_bonus":"THREE_ENEMY_KILL","is_prod":false,"is_daily":false,"chose_seed":false,"campfire_upgraded":1,"win_rate":0,"timestamp":1558607348,"path_taken":["M","?","?","?","M","E","R","E"],"build_version":"2019-01-23","purchased_purges":0,"victory":false,"max_hp_per_floor":[71,76,76,76,76,76,76,76],"card_choices":[{"not_picked":["Redo","Conserve Battery"],"picked":"Streamline","floor":1},{"not_picked":["Coolheaded","Hologram"],"picked":"Heatsinks","floor":5},{"not_picked":["Coolheaded","Barrage"],"picked":"Biased Cognition","floor":6}],"player_experience":930797,"relics_obtained":[{"floor":6,"key":"Bag of Preparation"}],"event_choices":[{"damage_healed":0,"gold_gain":0,"player_choice":"Donut","damage_taken":0,"max_hp_gain":5,"max_hp_loss":0,"event_name":"Big Fish","floor":2,"gold_loss":0},{"damage_healed":0,"gold_gain":0,"player_choice":"Entered Light","damage_taken":23,"max_hp_gain":0,"max_hp_loss":0,"event_name":"Shining Light","floor":3,"gold_loss":0,"cards_upgraded":["Streamline","Defend_B"]},{"damage_healed":0,"gold_gain":0,"cards_transformed":["Strike_B"],"player_choice":"Change","damage_taken":0,"max_hp_gain":0,"max_hp_loss":0,"event_name":"Living Wall","floor":4,"gold_loss":0,"cards_obtained":["Chill"]}],"is_beta":false,"boss_relics":[],"items_purged_floors":[],"is_endless":false,"potions_floor_spawned":[5],"killed_by":"3 Sentries","ascension_level":20}