{"gold_per_floor":[112,112,112,136,16,48,48,82,82,97,116,116,116,71,71,168,168,186,186],"floor_reached":19,"playtime":758,"items_purged":[],"score":268,"play_id":"3d9386e9-6046-4ee7-b266-4c604455a020","local_time":"20190118000140","is_ascension_mode":true,"campfire_choices":[{"data":"Enlightenment","floor":7,"key":"SMITH"},{"floor":12,"key":"DIG"},{"floor":15,"key":"DIG"}],"neow_cost":"NONE","seed_source_timestamp":842917667275483,"circlet_count":0,"master_deck":["Strike_R","Strike_R","Strike_R","Strike_R","Defend_R","Defend_R","Defend_R","Defend_R","Bash","Shrug It Off","Enlightenment+1","Flame Barrier","Shrug It Off","Dual Wield","Evolve","Heavy Blade","Bash","Reaper","Clothesline","Barricade","Heavy Blade","Flex","Corruption","Anger","Clothesline"],"relics":["Burning Blood","NeowsBlessing","Art of War","Anchor","Omamori","Shovel","Meat on the Bone","Bottled Lightning","Bottled Flame","Orrery"],"potions_floor_usage":[16,16,18,19],"damage_taken":[{"damage":0,"enemies":"Jaw Worm","floor":1,"turns":1},{"damage":0,"enemies":"3 Sentries","floor":6,"turns":1},{"damage":0,"enemies":"Gremlin Nob","floor":8,"turns":1},{"damage":4,"enemies":"Small Slimes","floor":10,"turns":4},{"damage":11,"enemies":"Cultist","floor":11,"turns":7},{"damage":27,"enemies":"Slime Boss","floor":16,"turns":10},{"damage":62,"enemies":"3 Byrds","floor":18,"turns":8},{"damage":49,"enemies":"Masked Bandits","floor":19,"turns":4}],"seed_played":"-296634797680798064","potions_obtained":[{"floor":1,"key":"Strength Potion"},{"floor":8,"key":"Energy Potion"},{"floor":11,"key":"Swift Potion"},{"floor":18,"key":"EssenceOfSteel"}],"is_trial":false,"path_per_floor":["M","?","?","T","$","E","R","E","T","M","M","R","?","$","R","B",null,"M","?"],"character_chosen":"IRONCLAD","items_purchased":["Enlightenment","Flame Barrier","Clothesline"],"campfire_rested":0,"item_purchase_floors":[5,5,14],"current_hp_per_floor":[80,73,55,55,55,61,61,67,67,69,64,64,64,64,64,64,80,45,0],"gold":186,"neow_bonus":"THREE_ENEMY_KILL","is_prod":false,"is_daily":false,"chose_seed":false,"campfire_upgraded":1,"win_rate":0,"timestamp":1547730100,"path_taken":["M","?","?","?","$","E","R","E","T","M","?","R","?","$","R","BOSS","M","?"],"build_version":"2019-01-10","purchased_purges":0,"victory":false,"max_hp_per_floor":[80,80,80,80,80,80,80,80,80,80,80,80,80,80,80,80,80,80,80],"card_choices":[{"not_picked":["Reckless Charge","Power Through"],"picked":"Shrug It Off","floor":1},{"not_picked":["Pummel","Sever Soul"],"picked":"Shrug It Off","floor":6},{"not_picked":["Ghostly Armor","Reckless Charge"],"picked":"Dual Wield","floor":8},{"not_picked":["Havoc","Clash"],"picked":"Evolve","floor":10},{"not_picked":["Warcry","Cleave"],"picked":"Heavy Blade","floor":11},{"not_picked":["Limit Break","Dark Embrace"],"picked":"Barricade","floor":16},{"not_picked":["Iron Wave","Intimidate"],"picked":"Heavy Blade","floor":17},{"not_picked":["Sword Boomerang","Cleave"],"picked":"Flex","floor":17},{"not_picked":["Warcry","Combust"],"picked":"Corruption","floor":17},{"not_picked":["Evolve","Rampage"],"picked":"Anger","floor":17},{"not_picked":["Reckless Charge","Wild Strike"],"picked":"Clothesline","floor":17},{"not_picked":["Headbutt","Heavy Blade","Rampage"],"picked":"SKIP","floor":18}],"player_experience":470749,"relics_obtained":[{"floor":4,"key":"Anchor"},{"floor":6,"key":"Omamori"},{"floor":8,"key":"Shovel"},{"floor":9,"key":"Meat on the Bone"},{"floor":12,"key":"Bottled Lightning"},{"floor":15,"key":"Bottled Flame"}],"event_choices":[{"cards_removed":["Strike_R"],"damage_healed":0,"gold_gain":0,"player_choice":"Card Removal","damage_taken":7,"max_hp_gain":0,"max_hp_loss":0,"event_name":"Golden Wing","floor":2,"gold_loss":0},{"damage_healed":0,"gold_gain":0,"player_choice":"Success","damage_taken":18,"relics_obtained":["Art of War"],"max_hp_gain":0,"max_hp_loss":0,"event_name":"Scrap Ooze","floor":3,"gold_loss":0},{"damage_healed":0,"gold_gain":0,"player_choice":"2 cards matched","damage_taken":0,"max_hp_gain":0,"max_hp_loss":0,"event_name":"Match and Keep!","floor":13,"gold_loss":0,"cards_obtained":["Bash","Reaper"]},{"damage_healed":0,"gold_gain":0,"player_choice":"Fought Bandits","damage_taken":0,"max_hp_gain":0,"max_hp_loss":0,"event_name":"Masked Bandits","floor":19,"gold_loss":0}],"is_beta":false,"boss_relics":[{"not_picked":["Ectoplasm","Mark of Pain"],"picked":"Orrery"}],"items_purged_floors":[],"is_endless":false,"potions_floor_spawned":[1,8,11,18],"killed_by":"Masked Bandits","ascension_level":4}