{"gold_per_floor":[117,67,242,242,252,283,295,295,320,320,320,125,158,178,178,275,275,294,294,22,22,22,56,56,81,81,101,0,0],"floor_reached":29,"playtime":1155,"items_purged":["Doubt"],"score":340,"play_id":"839f3813-9fa6-4774-ba01-ecea5778fba5","local_time":"20190130185040","is_ascension_mode":true,"campfire_choices":[{"data":"Self Repair","floor":8.0,"key":"SMITH"},{"data":"Zap","floor":11.0,"key":"SMITH"},{"data":"Redo","floor":15.0,"key":"SMITH"},{"floor":24.0,"key":"REST"}],"neow_cost":"NONE","seed_source_timestamp":124048272037992,"circlet_count":0,"master_deck":["Strike_B","Strike_B","Strike_B","Defend_B","Defend_B","Defend_B","Defend_B","Zap+1","Dualcast","Gash","Redo+1","Self Repair+1","Coolheaded","Gash","Gash","Amplify","Conserve Battery+1","Writhe","Apotheosis","Sunder","Capacitor","Rebound+1"],"special_seed":0,"relics":["Cracked Core","NeowsBlessing","Oddly Smooth Stone","Ancient Tea Set","MealTicket","Happy Flower","Runic Pyramid","Ornamental Fan","Potion Belt","Dream Catcher","Turnip"],"potions_floor_usage":[],"damage_taken":[{"damage":0.0,"enemies":"2 Louse","floor":1.0,"turns":1.0},{"damage":0.0,"enemies":"Jaw Worm","floor":5.0,"turns":1.0},{"damage":0.0,"enemies":"Gremlin Nob","floor":6.0,"turns":1.0},{"damage":4.0,"enemies":"Cultist","floor":7.0,"turns":4.0},{"damage":18.0,"enemies":"Lagavulin","floor":13.0,"turns":7.0},{"damage":5.0,"enemies":"Looter","floor":14.0,"turns":2.0},{"damage":37.0,"enemies":"Slime Boss","floor":16.0,"turns":8.0},{"damage":13.0,"enemies":"Spheric Guardian","floor":18.0,"turns":5.0},{"damage":53.0,"enemies":"Slavers","floor":23.0,"turns":6.0},{"damage":25.0,"enemies":"Shell Parasite","floor":27.0,"turns":7.0},{"damage":70,"enemies":"Gremlin Leader","floor":29,"turns":7}],"seed_played":"5659029111009932714","potions_obtained":[{"floor":5.0,"key":"LiquidBronze"},{"floor":13.0,"key":"SkillPotion"},{"floor":14.0,"key":"Strength Potion"},{"floor":18.0,"key":"SpeedPotion"}],"is_trial":false,"path_per_floor":["M","?","?","?","M","E","M","R","T","?","R","$","E","M","R","B",null,"M","?","$","?","?","E","R","T","T","M","?","E"],"character_chosen":"DEFECT","items_purchased":["MealTicket","Apotheosis"],"campfire_rested":1,"item_purchase_floors":[12,20],"current_hp_per_floor":[75,75,75,75,75,75,75,75,75,75,75,75,67,62,62,35,65,62,62,75,75,75,42,64,64,64,59,59,0],"gold":0,"neow_bonus":"THREE_ENEMY_KILL","is_prod":false,"is_daily":false,"chose_seed":false,"campfire_upgraded":3,"win_rate":0,"timestamp":1548834640,"path_taken":["M","?","?","?","M","E","?","R","T","?","R","?","E","M","R","BOSS","M","?","$","?","?","E","R","?","T","?","?","E"],"build_version":"2019-01-23","purchased_purges":1,"victory":false,"max_hp_per_floor":[75,75,75,75,75,75,75,75,75,75,75,75,75,75,75,75,75,75,75,75,75,75,75,75,75,75,75,75,75],"card_choices":[{"not_picked":["Beam Cell","Melter"],"picked":"Gash","floor":1.0},{"not_picked":["Ball Lightning","Lockon"],"picked":"Redo","floor":5.0},{"not_picked":["Compile Driver","Steam"],"picked":"Self Repair","floor":6.0},{"not_picked":["Ball Lightning","Scrape"],"picked":"Coolheaded","floor":7.0},{"not_picked":["Recycle","Reinforced Body"],"picked":"Gash","floor":13.0},{"not_picked":["Reinforced Body","Turbo"],"picked":"Gash","floor":14.0},{"not_picked":["Fission","Rainbow"],"picked":"Amplify","floor":16.0},{"not_picked":["Streamline","Coolheaded"],"picked":"Conserve Battery+1","floor":18.0},{"not_picked":["Hello World","Reboot"],"picked":"Capacitor","floor":23.0},{"not_picked":["Hologram","Heatsinks"],"picked":"Rebound+1","floor":27.0}],"player_experience":582389,"relics_obtained":[{"floor":6.0,"key":"Oddly Smooth Stone"},{"floor":9.0,"key":"Ancient Tea Set"},{"floor":13.0,"key":"Happy Flower"},{"floor":23.0,"key":"Potion Belt"},{"floor":25.0,"key":"Dream Catcher"},{"floor":26.0,"key":"Turnip"}],"event_choices":[{"cards_removed":["Strike_B"],"damage_healed":0.0,"max_hp_gain":0.0,"max_hp_loss":0.0,"gold_gain":0.0,"event_name":"The Cleric","player_choice":"Card Removal","floor":2.0,"gold_loss":50.0,"damage_taken":0.0},{"damage_healed":0.0,"max_hp_gain":0.0,"max_hp_loss":0.0,"gold_gain":175.0,"event_name":"Liars Game","player_choice":"AGREE","floor":3.0,"gold_loss":0.0,"damage_taken":0.0,"cards_obtained":["Doubt"]},{"damage_healed":0.0,"max_hp_gain":0.0,"max_hp_loss":0.0,"gold_gain":0.0,"event_name":"Wheel of Change","player_choice":"Full Heal","floor":4.0,"gold_loss":0.0,"damage_taken":0.0},{"damage_healed":0.0,"max_hp_gain":0.0,"max_hp_loss":0.0,"gold_gain":0.0,"event_name":"Shining Light","player_choice":"Ignored","floor":10.0,"gold_loss":0.0,"damage_taken":0.0},{"damage_healed":0.0,"max_hp_gain":0.0,"max_hp_loss":0.0,"gold_gain":0.0,"event_name":"The Mausoleum","player_choice":"Opened","floor":19.0,"gold_loss":0.0,"damage_taken":0.0,"relics_obtained":["Ornamental Fan"],"cards_obtained":["Writhe"]},{"damage_healed":0.0,"max_hp_gain":0.0,"max_hp_loss":0.0,"gold_gain":0.0,"event_name":"Beggar","player_choice":"Ignored","floor":21.0,"gold_loss":0.0,"damage_taken":0.0},{"damage_healed":0.0,"max_hp_gain":0.0,"max_hp_loss":0.0,"gold_gain":0.0,"event_name":"The Library","player_choice":"Read","floor":22.0,"gold_loss":0.0,"damage_taken":0.0,"cards_obtained":["Sunder"]},{"damage_healed":0,"gold_gain":0,"player_choice":"Paid Fearfully","damage_taken":0,"max_hp_gain":0,"max_hp_loss":0,"event_name":"Masked Bandits","floor":28,"gold_loss":101}],"is_beta":false,"boss_relics":[{"not_picked":["Astrolabe","Sozu"],"picked":"Runic Pyramid"}],"items_purged_floors":[20],"is_endless":false,"potions_floor_spawned":[5,13,14,18],"killed_by":"Gremlin Leader","ascension_level":5}