{"gold_per_floor":[114,114,61,76,95,95,105,119,172,172,97,114,129,145,145,248,248,264,363,363,377,477,477,496,513,513,513,164,177,194,69,69,69],"floor_reached":33,"playtime":791,"items_purged":["Strike_R","Strike_R","Strike_R"],"score":243,"play_id":"dcb487b7-08c3-477f-bb74-433307a217ef","local_time":"20190521184224","is_ascension_mode":false,"campfire_choices":[{"data":"Flex","floor":6.0,"key":"SMITH"},{"data":"Shrug It Off","floor":15.0,"key":"SMITH"},{"data":"Double Tap","floor":23.0,"key":"SMITH"},{"floor":32,"key":"REST"}],"neow_cost":"NONE","seed_source_timestamp":27721494984386,"circlet_count":0,"master_deck":["Strike_R","Strike_R+1","Defend_R","Defend_R","Defend_R","Defend_R","Bash+1","Flex+1","Sword Boomerang+1","Shrug It Off+1","Double Tap+1"],"special_seed":0,"relics":["Burning Blood","NeowsBlessing","Whetstone","Pantograph","Busted Crown","Ancient Tea Set","Dodecahedron","Bottled Lightning"],"potions_floor_usage":[33],"damage_taken":[{"damage":0.0,"enemies":"Jaw Worm","floor":1.0,"turns":1.0},{"damage":0.0,"enemies":"Cultist","floor":4.0,"turns":1.0},{"damage":0.0,"enemies":"Small Slimes","floor":5.0,"turns":1.0},{"damage":6.0,"enemies":"2 Fungi Beasts","floor":7.0,"turns":2.0},{"damage":8.0,"enemies":"Red Slaver","floor":8.0,"turns":4.0},{"damage":22.0,"enemies":"3 Louse","floor":12.0,"turns":4.0},{"damage":20.0,"enemies":"Exordium Thugs","floor":13.0,"turns":3.0},{"damage":36.0,"enemies":"Exordium Wildlife","floor":14.0,"turns":10.0},{"damage":30.0,"enemies":"Hexaghost","floor":16.0,"turns":8.0},{"damage":24.0,"enemies":"2 Thieves","floor":18.0,"turns":5.0},{"damage":10.0,"enemies":"Chosen","floor":21.0,"turns":4.0},{"damage":41.0,"enemies":"Sentry and Sphere","floor":24.0,"turns":8.0},{"damage":0.0,"enemies":"Snake Plant","floor":25.0,"turns":2.0},{"damage":0,"enemies":"Cultist and Chosen","floor":29,"turns":3},{"damage":7,"enemies":"Snecko","floor":30,"turns":5},{"damage":24,"enemies":"Automaton","floor":33,"turns":3}],"seed_played":"-2871113471644433246","potions_obtained":[{"floor":1.0,"key":"Explosive Potion"},{"floor":4.0,"key":"PowerPotion"},{"floor":8.0,"key":"LiquidBronze"},{"floor":13.0,"key":"Poison Potion"},{"floor":18.0,"key":"Ancient Potion"},{"floor":25,"key":"Dexterity Potion"},{"floor":29,"key":"Block Potion"}],"is_trial":false,"path_per_floor":["M","?","$","M","M","R","M","M","T","?","$","M","M","M","R","B",null,"M","?","?","M","?","R","M","M","T","T","$","M","M","$","R","B"],"character_chosen":"IRONCLAD","items_purchased":["Flex","Bottled Lightning"],"campfire_rested":1,"item_purchase_floors":[3,28],"current_hp_per_floor":[80,80,80,80,80,80,80,78,78,71,71,55,41,11,11,12,80,62,62,62,58,58,58,23,29,29,29,29,35,34,34,58,56],"gold":69,"neow_bonus":"THREE_ENEMY_KILL","is_prod":false,"is_daily":false,"chose_seed":false,"campfire_upgraded":3,"win_rate":0,"timestamp":1558435344,"path_taken":["M","?","$","?","M","R","?","M","T","?","$","M","M","M","R","BOSS","M","?","?","?","?","R","M","M","T","?","$","M","M","?","R","BOSS"],"build_version":"2019-01-23","purchased_purges":3,"victory":false,"max_hp_per_floor":[80,80,80,80,80,80,80,80,80,80,80,80,80,80,80,80,80,80,80,80,80,80,80,80,80,80,80,80,80,80,80,80,80],"card_choices":[{"not_picked":["Spot Weakness","Anger","Hemokinesis"],"picked":"SKIP","floor":1.0},{"not_picked":["Shrug It Off","Thunderclap"],"picked":"Sword Boomerang","floor":4.0},{"not_picked":["Bloodletting","Searing Blow","Wild Strike"],"picked":"SKIP","floor":5.0},{"not_picked":["Clothesline","Carnage","Cleave"],"picked":"SKIP","floor":7.0},{"not_picked":["Warcry","Armaments","Uppercut"],"picked":"SKIP","floor":8.0},{"not_picked":["Flex","Metallicize"],"picked":"Shrug It Off","floor":12.0},{"not_picked":["Sword Boomerang","Dual Wield","Thunderclap"],"picked":"SKIP","floor":13.0},{"not_picked":["Uppercut","Warcry"],"picked":"Double Tap","floor":14.0},{"not_picked":["Flex"],"picked":"SKIP","floor":18.0},{"not_picked":["Wild Strike"],"picked":"SKIP","floor":21.0},{"not_picked":["Thunderclap"],"picked":"SKIP","floor":24.0},{"not_picked":["Anger+1"],"picked":"SKIP","floor":25},{"not_picked":["Cleave"],"picked":"SKIP","floor":29},{"not_picked":["Clothesline"],"picked":"SKIP","floor":30}],"player_experience":924507,"relics_obtained":[{"floor":9.0,"key":"Whetstone"},{"floor":20.0,"key":"Ancient Tea Set"},{"floor":27,"key":"Dodecahedron"}],"event_choices":[{"damage_healed":0.0,"max_hp_gain":0.0,"max_hp_loss":0.0,"gold_gain":0.0,"event_name":"Upgrade Shrine","player_choice":"Upgraded","floor":2.0,"gold_loss":0.0,"damage_taken":0.0,"cards_upgraded":["Bash"]},{"damage_healed":0.0,"max_hp_gain":0.0,"max_hp_loss":0.0,"gold_gain":0.0,"event_name":"Scrap Ooze","player_choice":"Success","floor":10.0,"gold_loss":0.0,"damage_taken":7.0,"relics_obtained":["Pantograph"]},{"damage_healed":0.0,"max_hp_gain":0.0,"max_hp_loss":0.0,"gold_gain":99.0,"event_name":"Nest","player_choice":"Stole From Cult","floor":19.0,"gold_loss":0.0,"damage_taken":0.0},{"damage_healed":0.0,"max_hp_gain":0.0,"max_hp_loss":0.0,"gold_gain":0.0,"event_name":"Wheel of Change","player_choice":"Relic","floor":20.0,"gold_loss":0.0,"damage_taken":0.0},{"damage_healed":0.0,"max_hp_gain":0.0,"max_hp_loss":0.0,"gold_gain":100.0,"event_name":"Golden Shrine","player_choice":"Pray","floor":22.0,"gold_loss":0.0,"damage_taken":0.0}],"is_beta":false,"boss_relics":[{"not_picked":["Mark of Pain","Sozu"],"picked":"Busted Crown"}],"items_purged_floors":[11,28,31],"is_endless":false,"potions_floor_spawned":[1,4,8,13,18,25,29],"killed_by":"Automaton","ascension_level":0}