{"gold_per_floor":[118,118,131,149,74,74,108,127,181,207,207,23,23,40,40,114,114,127,86,361,317,13,13,43,43,70,70,103,120,69,69,69,146,146,156,156,175,175,175,175,149,182,182,182,182],"floor_reached":45,"playtime":1828,"items_purged":["Strike_R","Regret"],"score":1019,"play_id":"ca2d699c-4e50-4aec-93bf-bf82a65370d4","local_time":"20190312154720","is_ascension_mode":true,"campfire_choices":[{"data":"Bash","floor":6.0,"key":"SMITH"},{"floor":15.0,"key":"REST"},{"floor":23.0,"key":"REST"},{"floor":25.0,"key":"REST"},{"data":"Apotheosis","floor":27.0,"key":"SMITH"},{"floor":32.0,"key":"REST"},{"data":"Exhume","floor":40.0,"key":"SMITH"},{"floor":44,"key":"REST"}],"neow_cost":"NONE","seed_source_timestamp":235332652258579,"circlet_count":0,"master_deck":["AscendersBane","Strike_R","Strike_R","Defend_R","Defend_R","Defend_R","Defend_R","Bash+1","Rampage+1","Iron Wave","Flame Barrier","Corruption+1","Feel No Pain+1","Spot Weakness","Barricade+1","Shrug It Off","Shrug It Off","Armaments","Juggernaut+1","Pommel Strike","Entrench","Ghostly Armor","Apotheosis+1","Double Tap","Blood for Blood","Iron Wave","Shrug It Off","Iron Wave","Body Slam","Seeing Red+1","Armaments+1","Shrug It Off","Exhume+1","Warcry","Havoc","Juggernaut+1"],"special_seed":0,"relics":["Burning Blood","NeowsBlessing","Frozen Egg 2","Dream Catcher","Blood Vial","Charon\u0027s Ashes","Empty Cage","Turnip","PreservedInsect","Ancient Tea Set","Eternal Feather","StoneCalendar","Singing Bowl"],"potions_floor_usage":[],"damage_taken":[{"damage":0.0,"enemies":"Cultist","floor":1.0,"turns":1.0},{"damage":0.0,"enemies":"Jaw Worm","floor":3.0,"turns":1.0},{"damage":0.0,"enemies":"2 Louse","floor":4.0,"turns":1.0},{"damage":28.0,"enemies":"3 Sentries","floor":7.0,"turns":9.0},{"damage":18.0,"enemies":"Red Slaver","floor":8.0,"turns":5.0},{"damage":45.0,"enemies":"Gremlin Nob","floor":10.0,"turns":6.0},{"damage":14.0,"enemies":"3 Louse","floor":14.0,"turns":3.0},{"damage":10.0,"enemies":"Hexaghost","floor":16.0,"turns":10.0},{"damage":29.0,"enemies":"Shell Parasite","floor":18.0,"turns":9.0},{"damage":20.0,"enemies":"2 Thieves","floor":21.0,"turns":5.0},{"damage":18.0,"enemies":"Book of Stabbing","floor":24.0,"turns":7.0},{"damage":11.0,"enemies":"Slavers","floor":28.0,"turns":4.0},{"damage":14.0,"enemies":"3 Cultists","floor":29.0,"turns":5.0},{"damage":17.0,"enemies":"Colosseum Slavers","floor":31.0,"turns":3.0},{"damage":24.0,"enemies":"Automaton","floor":33.0,"turns":6.0},{"damage":65.0,"enemies":"3 Darklings","floor":35.0,"turns":4.0},{"damage":2.0,"enemies":"3 Shapes","floor":37.0,"turns":6.0},{"damage":60,"enemies":"Giant Head","floor":42,"turns":8},{"damage":48,"enemies":"3 Darklings","floor":45,"turns":5}],"seed_played":"3319056054754508816","potions_obtained":[{"floor":3.0,"key":"Weak Potion"},{"floor":4.0,"key":"Regen Potion"},{"floor":16.0,"key":"AttackPotion"},{"floor":24.0,"key":"LiquidBronze"},{"floor":29.0,"key":"PowerPotion"},{"floor":33.0,"key":"AttackPotion"}],"is_trial":false,"path_per_floor":["M","?","M","M","$","R","E","M","T","E","T","$","?","M","R","B",null,"M","$","?","M","$","R","E","R","T","R","E","M","$","?","R","B",null,"M","?","M","?","?","R","$","E","T","R","M"],"character_chosen":"IRONCLAD","items_purchased":["Barricade+1","Shrug It Off","Entrench","Apotheosis","Body Slam","Warcry"],"campfire_rested":5,"item_purchase_floors":[12,12,19,22,30,41],"current_hp_per_floor":[74,74,75,75,75,75,65,53,53,14,14,14,14,8,30,28,63,42,42,42,30,30,52,42,64,64,64,61,55,55,46,68,52,69,12,12,18,61,61,61,61,7,7,46,0],"gold":182,"neow_bonus":"THREE_ENEMY_KILL","is_prod":false,"is_daily":false,"chose_seed":false,"campfire_upgraded":3,"win_rate":0,"timestamp":1552366040,"path_taken":["M","?","M","?","$","R","E","?","T","E","?","?","?","M","R","BOSS","M","?","?","M","$","R","E","R","T","R","E","?","$","?","R","BOSS","M","?","M","?","?","R","$","E","T","R","?"],"build_version":"2019-01-23","purchased_purges":2,"victory":false,"max_hp_per_floor":[75,75,75,75,75,75,75,75,75,75,75,75,75,75,75,75,75,75,75,75,75,75,75,75,75,75,75,75,75,75,75,75,75,75,75,75,75,61,61,61,61,61,61,61,61],"card_choices":[{"not_picked":["Iron Wave","Dual Wield"],"picked":"Rampage","floor":1.0},{"not_picked":["Warcry","Iron Wave","Hemokinesis"],"picked":"SKIP","floor":3.0},{"not_picked":["Warcry","Hemokinesis"],"picked":"Iron Wave","floor":3.0},{"not_picked":["Wild Strike","Disarm"],"picked":"Flame Barrier","floor":4.0},{"not_picked":["True Grit","Immolate"],"picked":"Corruption","floor":7.0},{"not_picked":["Clothesline","Twin Strike"],"picked":"Feel No Pain+1","floor":8.0},{"not_picked":["Headbutt","Pommel Strike"],"picked":"Spot Weakness","floor":10.0},{"not_picked":["Seeing Red","Rampage"],"picked":"Shrug It Off","floor":14.0},{"not_picked":["Perfected Strike","Inflame+1"],"picked":"Armaments","floor":15.0},{"not_picked":["Demon Form+1","Dark Embrace+1"],"picked":"Juggernaut+1","floor":16.0},{"not_picked":["Clothesline","Havoc"],"picked":"Pommel Strike","floor":18.0},{"not_picked":["Flame Barrier","Iron Wave"],"picked":"Ghostly Armor","floor":21.0},{"not_picked":["Shockwave","Inflame+1"],"picked":"Double Tap","floor":23.0},{"not_picked":["Perfected Strike","Barricade+1"],"picked":"Blood for Blood","floor":24.0},{"not_picked":["Battle Trance","Armaments"],"picked":"Iron Wave","floor":25.0},{"not_picked":["Perfected Strike","Twin Strike+1"],"picked":"Shrug It Off","floor":28.0},{"not_picked":["Headbutt","Clothesline"],"picked":"Iron Wave","floor":29.0},{"not_picked":["Inflame+1","Anger"],"picked":"Seeing Red+1","floor":32.0},{"not_picked":["Rage","Sword Boomerang"],"picked":"Armaments+1","floor":35.0},{"not_picked":["Twin Strike","Perfected Strike+1"],"picked":"Shrug It Off","floor":37.0},{"not_picked":["Corruption+1","Heavy Blade"],"picked":"Havoc","floor":42},{"not_picked":["Sword Boomerang","Perfected Strike+1"],"picked":"Juggernaut+1","floor":44}],"player_experience":833708,"relics_obtained":[{"floor":7.0,"key":"Frozen Egg 2"},{"floor":9.0,"key":"Dream Catcher"},{"floor":10.0,"key":"Blood Vial"},{"floor":11.0,"key":"Charon\u0027s Ashes"},{"floor":24.0,"key":"Turnip"},{"floor":26.0,"key":"PreservedInsect"},{"floor":28.0,"key":"Ancient Tea Set"},{"floor":42,"key":"StoneCalendar"},{"floor":43,"key":"Singing Bowl"}],"event_choices":[{"damage_healed":0.0,"max_hp_gain":0.0,"max_hp_loss":0.0,"gold_gain":0.0,"event_name":"Upgrade Shrine","player_choice":"Upgraded","floor":2.0,"gold_loss":0.0,"damage_taken":0.0,"cards_upgraded":["Rampage"]},{"damage_healed":0.0,"max_hp_gain":0.0,"max_hp_loss":0.0,"gold_gain":0.0,"event_name":"WeMeetAgain","player_choice":"Ignored","floor":13.0,"gold_loss":0.0,"damage_taken":0.0},{"damage_healed":0.0,"max_hp_gain":0.0,"max_hp_loss":0.0,"gold_gain":275.0,"event_name":"Golden Shrine","player_choice":"Desecrate","floor":20.0,"gold_loss":0.0,"damage_taken":0.0,"cards_obtained":["Regret"]},{"damage_healed":0.0,"max_hp_gain":0.0,"max_hp_loss":0.0,"gold_gain":0.0,"event_name":"Colosseum","player_choice":"Fight","floor":31.0,"gold_loss":0.0,"damage_taken":0.0},{"damage_healed":0.0,"max_hp_gain":0.0,"max_hp_loss":0.0,"gold_gain":0.0,"event_name":"Colosseum","player_choice":"Fled From Nobs","floor":31.0,"gold_loss":0.0,"damage_taken":0.0},{"damage_healed":0.0,"max_hp_gain":0.0,"max_hp_loss":0.0,"gold_gain":0.0,"event_name":"Mysterious Sphere","player_choice":"Ignored","floor":36.0,"gold_loss":0.0,"damage_taken":0.0},{"damage_healed":61.0,"max_hp_gain":0.0,"max_hp_loss":14.0,"gold_gain":0.0,"event_name":"The Moai Head","player_choice":"Heal","floor":38.0,"gold_loss":0.0,"damage_taken":0.0},{"damage_healed":0.0,"max_hp_gain":0.0,"max_hp_loss":0.0,"gold_gain":0.0,"event_name":"Match and Keep!","player_choice":"1 cards matched","floor":39.0,"gold_loss":0.0,"damage_taken":0.0,"cards_obtained":["Exhume"]}],"is_beta":false,"boss_relics":[{"not_picked":["Runic Cube","Ectoplasm"],"picked":"Empty Cage"},{"not_picked":["White Beast Statue","Cursed Key"],"picked":"Eternal Feather"}],"items_purged_floors":[5,22],"is_endless":false,"potions_floor_spawned":[3,4,16,24,29,33],"killed_by":"3 Darklings","ascension_level":18}