{"gold_per_floor":[116,391,28,43,63,63,89,89,157,172,347,169,198,175,175,278,278,296,296,256,256,268,268,286,286],"floor_reached":25,"playtime":928,"items_purged":["Regret","Doubt"],"score":286,"play_id":"54aa1061-09aa-40d5-bba7-7de90f383b71","local_time":"20190209100200","is_ascension_mode":true,"campfire_choices":[{"data":"Deadly Poison","floor":6,"key":"SMITH"},{"floor":8,"key":"REST"},{"floor":15,"key":"REST"},{"floor":23,"key":"REST"}],"neow_cost":"NONE","seed_source_timestamp":342615197378339,"circlet_count":0,"master_deck":["Survivor","Neutralize","Deadly Poison+1","Sadistic Nature","Footwork","Deadly Poison","Deadly Poison","Crippling Poison","Crippling Poison","Cloak And Dagger","Dodge and Roll","Well Laid Plans","Deflect","Corpse Explosion","Quick Slash","Poisoned Stab","Corpse Explosion","Distraction","Storm of Steel","All Out Attack","Predator","Phantasmal Killer","Deadly Poison","Grand Finale","Flechettes+1","Noxious Fumes","Neutralize","Footwork","Bane"],"special_seed":0,"relics":["Ring of the Snake","NeowsBlessing","Bag of Preparation","Gremlin Horn","Sundial","Pandora\u0027s Box"],"potions_floor_usage":[13],"damage_taken":[{"damage":0.0,"enemies":"2 Louse","floor":1.0,"turns":1.0},{"damage":0,"enemies":"Cultist","floor":4,"turns":1},{"damage":0,"enemies":"Jaw Worm","floor":5,"turns":1},{"damage":23,"enemies":"3 Sentries","floor":7,"turns":9},{"damage":15,"enemies":"Exordium Thugs","floor":10,"turns":4},{"damage":9,"enemies":"Gremlin Nob","floor":13,"turns":3},{"damage":12,"enemies":"Hexaghost","floor":16,"turns":8},{"damage":41,"enemies":"2 Thieves","floor":18,"turns":3},{"damage":20,"enemies":"Shell Parasite","floor":22,"turns":5},{"damage":22,"enemies":"Sentry and Sphere","floor":24,"turns":5},{"damage":5,"enemies":"Book of Stabbing","floor":25,"turns":2}],"seed_played":"2594648127942194071","potions_obtained":[{"floor":1.0,"key":"SkillPotion"},{"floor":7,"key":"Ancient Potion"},{"floor":22,"key":"Energy Potion"}],"is_trial":false,"path_per_floor":["M","?","$","M","M","R","E","R","T","M","?","$","E","$","R","B",null,"M","?","$","?","M","R","M","E"],"character_chosen":"THE_SILENT","items_purchased":["Sadistic Nature","Footwork","Deadly Poison","Cloak And Dagger","Dodge and Roll","Deflect","Noxious Fumes"],"campfire_rested":3,"item_purchase_floors":[3,3,3,12,12,14,20],"current_hp_per_floor":[70,70,70,70,70,70,47,68,68,53,53,53,44,44,65,53,66,25,25,25,25,5,26,4,0],"gold":286,"neow_bonus":"THREE_ENEMY_KILL","is_prod":false,"is_daily":false,"chose_seed":false,"campfire_upgraded":1,"win_rate":0,"timestamp":1549677720,"path_taken":["M","?","$","M","?","R","E","R","T","M","?","?","E","$","R","BOSS","M","?","$","?","?","R","M","E"],"build_version":"2019-01-23","purchased_purges":2,"victory":false,"max_hp_per_floor":[70,70,70,70,70,70,70,70,70,70,70,70,70,70,70,70,70,70,70,70,70,70,70,70,70],"card_choices":[{"not_picked":["Choke","Dagger Throw"],"picked":"Deadly Poison","floor":1.0},{"not_picked":["PiercingWail","Masterful Stab"],"picked":"Deadly Poison","floor":4},{"not_picked":["Venomology","Underhanded Strike"],"picked":"Crippling Poison","floor":5},{"not_picked":["Sucker Punch","Cloak And Dagger"],"picked":"Crippling Poison","floor":7},{"not_picked":["Dagger Throw","Flying Knee","Predator"],"picked":"SKIP","floor":10},{"not_picked":["Cloak And Dagger","Slice"],"picked":"Well Laid Plans","floor":13},{"not_picked":["Malaise","Burst"],"picked":"Corpse Explosion","floor":16},{"not_picked":["Predator+1","Masterful Stab+1"],"picked":"Flechettes+1","floor":18},{"not_picked":["Quick Slash","Poisoned Stab+1"],"picked":"Footwork","floor":22},{"not_picked":["Reflex+1","Outmaneuver"],"picked":"Bane","floor":24}],"player_experience":690334,"relics_obtained":[{"floor":7,"key":"Bag of Preparation"},{"floor":9,"key":"Gremlin Horn"},{"floor":13,"key":"Sundial"}],"event_choices":[{"damage_healed":0.0,"max_hp_gain":0.0,"max_hp_loss":0.0,"gold_gain":275.0,"event_name":"Golden Shrine","player_choice":"Desecrate","floor":2.0,"gold_loss":0.0,"damage_taken":0.0,"cards_obtained":["Regret"]},{"damage_healed":0,"gold_gain":175,"player_choice":"AGREE","damage_taken":0,"max_hp_gain":0,"max_hp_loss":0,"event_name":"Liars Game","floor":11,"gold_loss":0,"cards_obtained":["Doubt"]},{"damage_healed":0,"gold_gain":0,"player_choice":"Ignored","damage_taken":0,"max_hp_gain":0,"max_hp_loss":0,"event_name":"Vampires","floor":19,"gold_loss":0},{"damage_healed":0,"gold_gain":0,"player_choice":"1 cards matched","damage_taken":0,"max_hp_gain":0,"max_hp_loss":0,"event_name":"Match and Keep!","floor":21,"gold_loss":0,"cards_obtained":["Neutralize"]}],"is_beta":false,"boss_relics":[{"not_picked":["Astrolabe","Eternal Feather"],"picked":"Pandora\u0027s Box"}],"items_purged_floors":[3,12],"is_endless":false,"potions_floor_spawned":[1,7,22],"killed_by":"Book of Stabbing","ascension_level":5}