{"gold_per_floor":[19,36,36,36,11,11,30,65,90,106,170,16,33,62,62,161,161,174,52,52,52,52,52,84,84,84,115,131,131,131,148,148,253,253,271,199,211,15,33,33],"floor_reached":40,"playtime":2522,"items_purged":["Strike_B","Strike_B","Strike_B"],"score":457,"play_id":"99f6ebb0-0c4f-4c4b-a810-3c0283b87a36","local_time":"20181231161054","is_ascension_mode":false,"campfire_choices":[{"data":"Sunder","floor":6,"key":"SMITH"},{"floor":15,"key":"REST"},{"floor":23,"key":"RECALL"},{"floor":25,"key":"REST"},{"data":"Reinforced Body","floor":30,"key":"SMITH"},{"data":"Hologram","floor":32,"key":"SMITH"}],"neow_cost":"NO_GOLD","seed_source_timestamp":92083732667064,"circlet_count":0,"master_deck":["Defend_B","Defend_B","Defend_B","Defend_B","Zap","Dualcast","Storm","Sunder+1","Go for the Eyes","Compile Driver","Reinforced Body+1","Core Surge","FTL","Conserve Battery","FTL","Self Repair","Conserve Battery","Melter","Rebound","Blizzard+1","Beam Cell","Loop","Necronomicurse","Auto Shields","Chill","Gash","Hologram+1","All For One","Reprogram","Coolheaded","Genetic Algorithm+1","Meteor Strike"],"relics":["Cracked Core","Bag of Preparation","Symbiotic Virus","Juzu Bracelet","Eternal Feather","Necronomicon","Smiling Mask","Meat on the Bone","Pear","MutagenicStrength","Inserter","Bag of Marbles"],"potions_floor_usage":[8,16,24,33,37,39,40],"damage_taken":[{"damage":0,"enemies":"2 Louse","floor":1,"turns":2},{"damage":3,"enemies":"Small Slimes","floor":2,"turns":3},{"damage":3,"enemies":"Jaw Worm","floor":7,"turns":2},{"damage":14,"enemies":"Gremlin Nob","floor":8,"turns":4},{"damage":0,"enemies":"Exordium Wildlife","floor":10,"turns":1},{"damage":19,"enemies":"3 Sentries","floor":11,"turns":6},{"damage":4,"enemies":"Exordium Thugs","floor":13,"turns":4},{"damage":29,"enemies":"Lagavulin","floor":14,"turns":4},{"damage":16,"enemies":"The Guardian","floor":16,"turns":7},{"damage":3,"enemies":"Chosen","floor":18,"turns":4},{"damage":63,"enemies":"Book of Stabbing","floor":24,"turns":5},{"damage":11,"enemies":"Slavers","floor":27,"turns":5},{"damage":18,"enemies":"Spheric Guardian","floor":28,"turns":4},{"damage":0,"enemies":"Snake Plant","floor":31,"turns":2},{"damage":69,"enemies":"Automaton","floor":33,"turns":11},{"damage":3,"enemies":"Orb Walker","floor":35,"turns":5},{"damage":6,"enemies":"3 Darklings","floor":37,"turns":6},{"damage":49,"enemies":"Spire Growth","floor":39,"turns":6},{"damage":75,"enemies":"Giant Head","floor":40,"turns":8}],"seed_played":"179890339311213615","potions_obtained":[{"floor":1,"key":"SpeedPotion"},{"floor":7,"key":"PowerPotion"},{"floor":10,"key":"Strength Potion"},{"floor":14,"key":"Block Potion"},{"floor":18,"key":"Fire Potion"},{"floor":28,"key":"Weak Potion"},{"floor":37,"key":"FocusPotion"}],"is_trial":false,"path_per_floor":["M","M","?","?","$","R","M","E","T","M","?","$","M","E","R","B",null,"M","$","?","?","?","R","E","R","T","E","M","?","R","M","R","B",null,"M","$","M","$","M","E"],"character_chosen":"DEFECT","items_purchased":["Compile Driver","FTL","Self Repair","Conserve Battery","Beam Cell","Coolheaded","Bag of Marbles"],"campfire_rested":2,"item_purchase_floors":[5,12,12,12,19,36,38],"current_hp_per_floor":[89,86,86,86,86,86,83,69,69,69,50,50,53,31,57,48,89,89,89,72,72,56,71,15,58,58,69,70,70,85,85,100,50,104,104,104,104,104,62,0],"gold":33,"neow_bonus":"TWENTY_PERCENT_HP_BONUS","is_prod":false,"is_daily":false,"chose_seed":false,"campfire_upgraded":3,"win_rate":0,"timestamp":1546233054,"path_taken":["M","M","?","?","?","R","M","E","T","?","?","$","M","E","R","BOSS","M","$","?","?","?","R","E","R","T","E","M","?","R","M","R","BOSS","M","$","M","$","M","E"],"build_version":"2018-12-20","purchased_purges":3,"victory":false,"max_hp_per_floor":[89,89,89,89,89,89,89,89,89,89,89,89,89,89,89,89,89,89,89,94,94,94,94,94,94,94,104,104,104,104,104,104,104,104,104,104,104,104,104,104],"card_choices":[{"not_picked":["Force Field","Scrape"],"picked":"Storm","floor":1},{"not_picked":["Turbo","Compile Driver"],"picked":"Sunder","floor":2},{"not_picked":["Hologram","Compile Driver"],"picked":"Reinforced Body","floor":7},{"not_picked":["FTL","Rip and Tear"],"picked":"Core Surge","floor":8},{"not_picked":["Rebound","Hologram"],"picked":"FTL","floor":10},{"not_picked":["Double Energy","Hologram"],"picked":"Conserve Battery","floor":11},{"not_picked":["Stack","Go for the Eyes"],"picked":"Melter","floor":13},{"not_picked":["Rip and Tear","Tempest"],"picked":"Rebound","floor":14},{"not_picked":["Barrage","Hello World"],"picked":"Blizzard+1","floor":18},{"not_picked":["Scrape","Force Field"],"picked":"Auto Shields","floor":24},{"not_picked":["Rebound","Melter"],"picked":"Chill","floor":27},{"not_picked":["Conserve Battery","Steam+1"],"picked":"Gash","floor":28},{"not_picked":["Force Field","Go for the Eyes"],"picked":"Hologram","floor":31},{"not_picked":["Fission","Core Surge"],"picked":"All For One","floor":33},{"not_picked":["Barrage","Leap"],"picked":"Reprogram","floor":35},{"not_picked":["Leap","Capacitor"],"picked":"Genetic Algorithm+1","floor":37},{"not_picked":["Hello World","Hologram"],"picked":"Meteor Strike","floor":39}],"player_experience":364629,"relics_obtained":[{"floor":8,"key":"Bag of Preparation"},{"floor":11,"key":"Symbiotic Virus"},{"floor":14,"key":"Juzu Bracelet"},{"floor":22,"key":"Necronomicon"},{"floor":24,"key":"Smiling Mask"},{"floor":26,"key":"Meat on the Bone"},{"floor":27,"key":"Pear"}],"event_choices":[{"damage_healed":0,"gold_gain":0,"player_choice":"Leave","damage_taken":0,"max_hp_gain":0,"max_hp_loss":0,"event_name":"The Cleric","floor":3,"gold_loss":0},{"damage_healed":0,"gold_gain":0,"cards_transformed":["Strike_B"],"player_choice":"Change","damage_taken":0,"max_hp_gain":0,"max_hp_loss":0,"event_name":"Living Wall","floor":4,"gold_loss":0,"cards_obtained":["Go for the Eyes"]},{"damage_healed":0,"gold_gain":0,"player_choice":"Searched \u00271\u0027 times","damage_taken":0,"max_hp_gain":0,"max_hp_loss":0,"event_name":"Dead Adventurer","floor":11,"gold_loss":0},{"damage_healed":0,"gold_gain":0,"player_choice":"Shed Blood","damage_taken":22,"max_hp_gain":5,"max_hp_loss":0,"event_name":"Forgotten Altar","floor":20,"gold_loss":0},{"damage_healed":0,"gold_gain":0,"player_choice":"Read","damage_taken":0,"max_hp_gain":0,"max_hp_loss":0,"event_name":"The Library","floor":21,"gold_loss":0,"cards_obtained":["Loop"]},{"damage_healed":0,"gold_gain":0,"player_choice":"Obtained Book","damage_taken":16,"max_hp_gain":0,"max_hp_loss":0,"event_name":"Cursed Tome","floor":22,"gold_loss":0},{"damage_healed":0,"gold_gain":0,"player_choice":"Inject Mutagens","damage_taken":0,"relics_obtained":["MutagenicStrength"],"max_hp_gain":0,"max_hp_loss":0,"event_name":"Drug Dealer","floor":29,"gold_loss":0}],"is_beta":false,"boss_relics":[{"not_picked":["Coffee Dripper","Velvet Choker"],"picked":"Eternal Feather"},{"not_picked":["Astrolabe","Philosopher\u0027s Stone"],"picked":"Inserter"}],"items_purged_floors":[19,36,38],"is_endless":false,"potions_floor_spawned":[1,7,10,14,18,28,37],"killed_by":"Giant Head","ascension_level":0}