{"gold_per_floor":[112,112,112,187,187,187,213,213,239,293,334,334,61,76,76,205,205,223,223,263,203,77,77,93,114,114,127,217,119,132,168,168,297,297,315,315,340,340,354,354,373,123,123,123,148,166,201,1,1,1],"floor_reached":51,"playtime":4879,"items_purged":["Strike_B"],"score":826,"play_id":"aad150c4-4dcb-4f07-8afd-95637506df3d","local_time":"20190131010305","is_ascension_mode":true,"campfire_choices":[{"floor":6.0,"key":"REST"},{"floor":8.0,"key":"REST"},{"floor":15.0,"key":"REST"},{"floor":23.0,"key":"REST"},{"floor":32.0,"key":"REST"},{"data":"Capacitor","floor":40.0,"key":"SMITH"},{"data":"Reboot","floor":44.0,"key":"SMITH"},{"floor":49.0,"key":"REST"}],"neow_cost":"NONE","seed_source_timestamp":129909288268422,"circlet_count":0,"master_deck":["Defend_B","Defend_B","Defend_B","Defend_B","Zap","Dualcast","Self Repair","Gash","Gash","Defragment","Coolheaded","Redo","All For One","Steam","Self Repair","Core Surge","Coolheaded","Capacitor+1","Go for the Eyes+1","Cold Snap","Coolheaded","Cold Snap","Good Instincts","Redo","Rebound+1","Loop","Electrodynamics","Electrodynamics","Mind Blast","Deep Breath","Reboot+1"],"special_seed":0,"relics":["FrozenCore","Bag of Preparation","Golden Idol","Omamori","Odd Mushroom","Dream Catcher","Art of War","Oddly Smooth Stone","Letter Opener","Lee\u0027s Waffle","Nilry\u0027s Codex","Red Mask","PreservedInsect","Blood Vial","Busted Crown","DataDisk","Bottled Lightning","Frozen Egg 2","Whetstone"],"potions_floor_usage":[50,50,50],"damage_taken":[{"damage":4.0,"enemies":"Jaw Worm","floor":1.0,"turns":3.0},{"damage":30.0,"enemies":"The Mushroom Lair","floor":7.0,"turns":5.0},{"damage":45.0,"enemies":"3 Sentries","floor":11.0,"turns":10.0},{"damage":8.0,"enemies":"Small Slimes","floor":14.0,"turns":3.0},{"damage":21.0,"enemies":"The Guardian","floor":16.0,"turns":9.0},{"damage":7.0,"enemies":"Chosen","floor":18.0,"turns":6.0},{"damage":30.0,"enemies":"Masked Bandits","floor":20.0,"turns":7.0},{"damage":7.0,"enemies":"Spheric Guardian","floor":24.0,"turns":7.0},{"damage":2.0,"enemies":"Centurion and Healer","floor":25.0,"turns":9.0},{"damage":6.0,"enemies":"Shelled Parasite and Fungi","floor":27.0,"turns":9.0},{"damage":0.0,"enemies":"Snecko","floor":30.0,"turns":5.0},{"damage":16.0,"enemies":"Book of Stabbing","floor":31.0,"turns":8.0},{"damage":20.0,"enemies":"Collector","floor":33.0,"turns":18.0},{"damage":17.0,"enemies":"3 Shapes","floor":35.0,"turns":5.0},{"damage":15.0,"enemies":"3 Darklings","floor":37.0,"turns":4.0},{"damage":0.0,"enemies":"Writhing Mass","floor":39.0,"turns":12.0},{"damage":2.0,"enemies":"4 Shapes","floor":41.0,"turns":7.0},{"damage":2.0,"enemies":"Sphere and 2 Shapes","floor":45.0,"turns":5.0},{"damage":12.0,"enemies":"Writhing Mass","floor":46.0,"turns":12.0},{"damage":22.0,"enemies":"Reptomancer","floor":47.0,"turns":8.0},{"damage":65,"enemies":"Awakened One","floor":50,"turns":14}],"seed_played":"-6583374644013961144","potions_obtained":[{"floor":1.0,"key":"SkillPotion"},{"floor":14.0,"key":"PowerPotion"},{"floor":16.0,"key":"Strength Potion"},{"floor":24.0,"key":"Swift Potion"},{"floor":25.0,"key":"FearPotion"},{"floor":33.0,"key":"Energy Potion"},{"floor":35.0,"key":"Swift Potion"},{"floor":47.0,"key":"SteroidPotion"}],"is_trial":false,"path_per_floor":["M","?","?","?","?","R","?","R","T","T","E","T","$","M","R","B",null,"M","?","?","?","$","R","M","M","T","M","?","$","M","E","R","B",null,"M","?","M","?","M","R","M","$","T","R","M","M","E","$","R","B",null],"character_chosen":"DEFECT","items_purchased":["Defragment","Lee\u0027s Waffle","Capacitor","Go for the Eyes","Redo","DataDisk","AttackPotion","Strength Potion","Swift Potion","Whetstone"],"campfire_rested":6,"item_purchase_floors":[13,13,22,22,29,42,42,42,48,48],"current_hp_per_floor":[71,53,46,35,32,54,31,53,53,53,15,15,82,74,82,68,79,79,63,40,40,40,64,71,82,82,82,58,58,72,63,82,76,81,72,72,66,66,82,82,82,82,82,82,82,82,74,74,82,31],"gold":1,"neow_bonus":"RANDOM_COMMON_RELIC","is_prod":false,"is_daily":false,"chose_seed":false,"campfire_upgraded":2,"win_rate":0,"timestamp":1548856985,"path_taken":["M","?","?","?","?","R","?","R","T","?","E","?","?","?","R","BOSS","M","?","?","?","$","R","M","M","T","?","?","$","M","E","R","BOSS","M","?","M","?","M","R","M","$","T","R","M","?","E","$","R","BOSS"],"build_version":"2019-01-23","purchased_purges":1,"victory":true,"max_hp_per_floor":[75,75,75,75,75,75,75,75,75,75,75,75,82,82,82,82,82,82,82,82,82,82,82,82,82,82,82,82,82,82,82,82,82,82,82,82,82,82,82,82,82,82,82,82,82,82,82,82,82,82],"card_choices":[{"not_picked":["Cold Snap","Turbo"],"picked":"Self Repair","floor":1.0},{"not_picked":["Hologram","Ball Lightning"],"picked":"Gash","floor":7.0},{"not_picked":["Storm","Force Field"],"picked":"Gash","floor":11.0},{"not_picked":["Steam","Storm"],"picked":"Coolheaded","floor":14.0},{"not_picked":["Multi-Cast","Darkness"],"picked":"Redo","floor":15.0},{"not_picked":["Biased Cognition","Meteor Strike"],"picked":"All For One","floor":16.0},{"not_picked":["Compile Driver","Storm+1"],"picked":"Steam","floor":18.0},{"not_picked":["Barrage","Ball Lightning+1"],"picked":"Self Repair","floor":20.0},{"not_picked":["Steam+1","Coolheaded"],"picked":"Cold Snap","floor":23.0},{"not_picked":["Scrape","Steam Power","Biased Cognition"],"picked":"SKIP","floor":24.0},{"not_picked":["Stack","Barrage"],"picked":"Coolheaded","floor":25.0},{"not_picked":["Rip and Tear","Turbo"],"picked":"Cold Snap","floor":27.0},{"not_picked":["Leap","Cold Snap+1"],"picked":"Rebound","floor":30.0},{"not_picked":["Stack+1","Tempest"],"picked":"Loop","floor":31.0},{"not_picked":["Ball Lightning","Force Field"],"picked":"Electrodynamics","floor":32.0},{"not_picked":["Meteor Strike","Rainbow"],"picked":"Electrodynamics","floor":33.0},{"not_picked":["Streamline+1"],"picked":"SKIP","floor":35.0},{"not_picked":[],"picked":"Mind Blast","floor":36.0},{"not_picked":["Steam Power"],"picked":"SKIP","floor":37.0},{"not_picked":["Auto Shields"],"picked":"SKIP","floor":39.0},{"not_picked":["Barrage+1"],"picked":"SKIP","floor":41.0},{"not_picked":["Streamline+1"],"picked":"SKIP","floor":45.0},{"not_picked":["Beam Cell"],"picked":"SKIP","floor":46.0},{"not_picked":["Hyperbeam"],"picked":"SKIP","floor":47.0}],"player_experience":584663,"relics_obtained":[{"floor":7.0,"key":"Odd Mushroom"},{"floor":9.0,"key":"Dream Catcher"},{"floor":10.0,"key":"Art of War"},{"floor":11.0,"key":"Oddly Smooth Stone"},{"floor":12.0,"key":"Letter Opener"},{"floor":19.0,"key":"Nilry\u0027s Codex"},{"floor":20.0,"key":"Red Mask"},{"floor":26.0,"key":"PreservedInsect"},{"floor":31.0,"key":"Blood Vial"},{"floor":43.0,"key":"Bottled Lightning"},{"floor":47.0,"key":"Frozen Egg 2"}],"event_choices":[{"damage_healed":0.0,"max_hp_gain":0.0,"max_hp_loss":0.0,"gold_gain":0.0,"event_name":"Golden Idol","player_choice":"Take Damage","floor":2.0,"gold_loss":0.0,"damage_taken":18.0,"relics_obtained":["Golden Idol"]},{"cards_removed":["Strike_B"],"damage_healed":0.0,"max_hp_gain":0.0,"max_hp_loss":0.0,"gold_gain":0.0,"event_name":"Golden Wing","player_choice":"Card Removal","floor":3.0,"gold_loss":0.0,"damage_taken":7.0},{"damage_healed":0.0,"max_hp_gain":0.0,"max_hp_loss":0.0,"gold_gain":75.0,"event_name":"World of Goop","player_choice":"Gather Gold","floor":4.0,"gold_loss":0.0,"damage_taken":11.0},{"damage_healed":0.0,"max_hp_gain":0.0,"max_hp_loss":0.0,"gold_gain":0.0,"event_name":"Scrap Ooze","player_choice":"Success","floor":5.0,"gold_loss":0.0,"damage_taken":3.0,"relics_obtained":["Omamori"]},{"damage_healed":0.0,"max_hp_gain":0.0,"max_hp_loss":0.0,"gold_gain":0.0,"event_name":"Mushrooms","player_choice":"Fought Mushrooms","floor":7.0,"gold_loss":0.0,"damage_taken":0.0},{"damage_healed":0.0,"max_hp_gain":0.0,"max_hp_loss":0.0,"gold_gain":0.0,"event_name":"Cursed Tome","player_choice":"Obtained Book","floor":19.0,"gold_loss":0.0,"damage_taken":16.0},{"damage_healed":0.0,"max_hp_gain":0.0,"max_hp_loss":0.0,"gold_gain":0.0,"event_name":"Masked Bandits","player_choice":"Fought Bandits","floor":20.0,"gold_loss":0.0,"damage_taken":0.0},{"damage_healed":0.0,"max_hp_gain":0.0,"max_hp_loss":0.0,"gold_gain":0.0,"cards_transformed":["Strike_B","Strike_B"],"event_name":"Designer","player_choice":"Transformed Cards","floor":21.0,"gold_loss":60.0,"damage_taken":0.0,"cards_obtained":["Core Surge","Coolheaded"]},{"damage_healed":0.0,"max_hp_gain":0.0,"max_hp_loss":0.0,"gold_gain":90.0,"event_name":"Knowing Skull","player_choice":"GOLD CARD ","floor":28.0,"potions_obtained":[],"gold_loss":0.0,"damage_taken":24.0,"cards_obtained":["Good Instincts"]},{"damage_healed":0.0,"max_hp_gain":0.0,"max_hp_loss":0.0,"gold_gain":0.0,"event_name":"SensoryStone","player_choice":"Memory 1","floor":36.0,"gold_loss":0.0,"damage_taken":0.0},{"damage_healed":0.0,"max_hp_gain":0.0,"max_hp_loss":0.0,"gold_gain":0.0,"event_name":"Match and Keep!","player_choice":"2 cards matched","floor":38.0,"gold_loss":0.0,"damage_taken":0.0,"cards_obtained":["Deep Breath","Reboot"]}],"is_beta":false,"boss_relics":[{"not_picked":["Nuclear Battery","Lizard Tail"],"picked":"FrozenCore"},{"not_picked":["White Beast Statue","Cursed Key"],"picked":"Busted Crown"}],"items_purged_floors":[29],"is_endless":false,"potions_floor_spawned":[1,14,16,24,25,33,35,45,47],"ascension_level":5}