{"gold_per_floor":[112,130,130,28,46,46,81,81,126,160,160,175,30,71,71,71],"floor_reached":16,"playtime":883,"items_purged":["Strike_R"],"score":148,"play_id":"670a5791-2836-4930-b3b1-dbc6d2fdd58b","local_time":"20190804073154","is_ascension_mode":true,"campfire_choices":[{"data":"Body Slam","floor":6,"key":"SMITH"},{"floor":8,"key":"REST"},{"data":"Immolate","floor":15,"key":"SMITH"}],"neow_cost":"NONE","seed_source_timestamp":2111008419462400,"circlet_count":0,"master_deck":["Strike_R","Strike_R","Strike_R","Defend_R","Defend_R","Defend_R","Defend_R","Bash","Body Slam+1","Intimidate","Pommel Strike","Ghostly Armor","Metallicize","Cleave","Evolve","Immolate+1"],"relics":["Eternal Feather","Golden Idol","Red Skull","Regal Pillow","Blue Candle","Art of War","Magic Flower"],"potions_floor_usage":[7],"damage_taken":[{"damage":7,"enemies":"Small Slimes","floor":1,"turns":3},{"damage":1,"enemies":"Jaw Worm","floor":2,"turns":5},{"damage":1,"enemies":"Cultist","floor":5,"turns":3},{"damage":60,"enemies":"Gremlin Nob","floor":7,"turns":6},{"damage":13,"enemies":"Lagavulin","floor":10,"turns":8},{"damage":0,"enemies":"Blue Slaver","floor":12,"turns":3},{"damage":7,"enemies":"3 Sentries","floor":14,"turns":6},{"damage":37,"enemies":"Hexaghost","floor":16,"turns":9}],"seed_played":"-4694346315183778924","potions_obtained":[{"floor":2,"key":"BloodPotion"},{"floor":10,"key":"LiquidBronze"}],"is_trial":false,"path_per_floor":["M","M","?","$","M","R","E","R","T","E","?","M","$","E","R","B"],"character_chosen":"IRONCLAD","items_purchased":["Pommel Strike","Art of War"],"campfire_rested":1,"item_purchase_floors":[4,13],"current_hp_per_floor":[73,72,52,52,51,57,17,47,47,34,34,34,34,27,36,0],"gold":71,"neow_bonus":"BOSS_RELIC","is_prod":false,"is_daily":false,"chose_seed":false,"campfire_upgraded":2,"win_rate":0,"timestamp":1564925514,"path_taken":["M","M","?","$","M","R","E","R","T","E","?","M","$","E","R","BOSS"],"build_version":"2019-07-18","purchased_purges":1,"victory":false,"max_hp_per_floor":[80,80,80,80,80,80,80,80,80,80,80,80,80,80,80,80],"card_choices":[{"not_picked":["True Grit","Pommel Strike"],"picked":"Body Slam","floor":1},{"not_picked":["Armaments","Anger"],"picked":"Intimidate","floor":2},{"not_picked":["Perfected Strike","Shockwave"],"picked":"Ghostly Armor","floor":5},{"not_picked":["Flex","Body Slam"],"picked":"Metallicize","floor":7},{"not_picked":["Combust","Havoc"],"picked":"Cleave","floor":10},{"not_picked":["Sword Boomerang","Perfected Strike"],"picked":"Evolve","floor":12},{"not_picked":["Demon Form","Perfected Strike"],"picked":"Immolate","floor":14}],"player_experience":91614,"relics_obtained":[{"floor":7,"key":"Red Skull"},{"floor":9,"key":"Regal Pillow"},{"floor":10,"key":"Blue Candle"},{"floor":14,"key":"Magic Flower"}],"event_choices":[{"damage_healed":0,"gold_gain":0,"player_choice":"Take Damage","damage_taken":20,"relics_obtained":["Golden Idol"],"max_hp_gain":0,"max_hp_loss":0,"event_name":"Golden Idol","floor":3,"gold_loss":0},{"cards_removed":["Strike_R"],"damage_healed":0,"gold_gain":0,"player_choice":"Forget","damage_taken":0,"max_hp_gain":0,"max_hp_loss":0,"event_name":"Living Wall","floor":11,"gold_loss":0}],"is_beta":true,"boss_relics":[],"items_purged_floors":[4],"is_endless":false,"potions_floor_spawned":[2,10],"killed_by":"Hexaghost","ascension_level":5}