{"gold_per_floor":[118,131,131,19,19,51,73,373,400,400],"floor_reached":10,"playtime":186,"items_purged":[],"score":178,"play_id":"5acf23e2-edb0-4e27-84b3-2576a89a2261","local_time":"20190516120637","is_ascension_mode":true,"campfire_choices":[],"neow_cost":"NONE","seed_source_timestamp":2083248589489792,"circlet_count":0,"master_deck":["AscendersBane","Strike_R","Strike_R","Strike_R","Strike_R","Defend_R+1","Defend_R","Defend_R","Defend_R","Bash","Evolve","Disarm","Armaments+1","Sword Boomerang","Cleave"],"special_seed":0,"relics":["Burning Blood","NeowsBlessing","Ancient Tea Set","Odd Mushroom","Old Coin","Dream Catcher"],"potions_floor_usage":[10],"damage_taken":[{"damage":0.0,"enemies":"Jaw Worm","floor":1.0,"turns":1.0},{"damage":0.0,"enemies":"Small Slimes","floor":2.0,"turns":1.0},{"damage":0.0,"enemies":"3 Sentries","floor":6.0,"turns":1.0},{"damage":48.0,"enemies":"The Mushroom Lair","floor":7.0,"turns":9.0},{"damage":6,"enemies":"Cultist","floor":10,"turns":2}],"seed_played":"-2948245815400112587","potions_obtained":[{"floor":2.0,"key":"Swift Potion"}],"is_trial":false,"path_per_floor":["M","M","?","$","?","E","?","?","T","M"],"character_chosen":"IRONCLAD","items_purchased":["Armaments","Sword Boomerang"],"campfire_rested":0,"item_purchase_floors":[4,4],"current_hp_per_floor":[74,75,75,75,52,58,16,5,5,0],"gold":400,"neow_bonus":"THREE_ENEMY_KILL","is_prod":false,"is_daily":false,"chose_seed":false,"campfire_upgraded":0,"win_rate":0,"timestamp":1557979597,"path_taken":["M","M","?","$","?","E","?","?","T","M"],"build_version":"2019-01-23","purchased_purges":0,"victory":false,"max_hp_per_floor":[75,75,75,75,75,75,75,75,75,75],"card_choices":[{"not_picked":["Shrug It Off","Entrench"],"picked":"Evolve","floor":1.0},{"not_picked":["Twin Strike","Wild Strike"],"picked":"Disarm","floor":2.0},{"not_picked":["Bloodletting","Body Slam","Metallicize"],"picked":"SKIP","floor":6.0},{"not_picked":["Thunderclap","Perfected Strike"],"picked":"Cleave","floor":7.0}],"player_experience":842100,"relics_obtained":[{"floor":6.0,"key":"Ancient Tea Set"},{"floor":7.0,"key":"Odd Mushroom"},{"floor":9.0,"key":"Dream Catcher"}],"event_choices":[{"cards_removed":["Strike_R"],"damage_healed":0.0,"max_hp_gain":0.0,"max_hp_loss":0.0,"gold_gain":0.0,"event_name":"Living Wall","player_choice":"Forget","floor":3.0,"gold_loss":0.0,"damage_taken":0.0},{"damage_healed":0.0,"max_hp_gain":0.0,"max_hp_loss":0.0,"gold_gain":0.0,"event_name":"Shining Light","player_choice":"Entered Light","floor":5.0,"gold_loss":0.0,"damage_taken":23.0,"cards_upgraded":["Armaments","Defend_R"]},{"damage_healed":0.0,"max_hp_gain":0.0,"max_hp_loss":0.0,"gold_gain":0.0,"event_name":"Mushrooms","player_choice":"Fought Mushrooms","floor":7.0,"gold_loss":0.0,"damage_taken":0.0},{"damage_healed":0.0,"max_hp_gain":0.0,"max_hp_loss":0.0,"gold_gain":0.0,"event_name":"Scrap Ooze","player_choice":"Success","floor":8.0,"gold_loss":0.0,"damage_taken":11.0,"relics_obtained":["Old Coin"]}],"is_beta":false,"boss_relics":[],"items_purged_floors":[],"is_endless":false,"potions_floor_spawned":[2],"killed_by":"Cultist","ascension_level":20}