{"gold_per_floor":[366,366,379,392,405,405,421,128,180,197,46,96],"floor_reached":12,"playtime":348,"items_purged":["Strike_R","Strike_R"],"score":144,"play_id":"82d9d566-3dec-4dfa-a60b-a7c6eaeaff3a","local_time":"20190519180226","is_ascension_mode":true,"campfire_choices":[{"data":"Shockwave","floor":6,"key":"SMITH"}],"neow_cost":"TEN_PERCENT_HP_LOSS","seed_source_timestamp":240519309077421,"circlet_count":0,"master_deck":["AscendersBane","Strike_R","Strike_R","Strike_R","Defend_R","Defend_R","Defend_R","Defend_R","Bash","Pommel Strike","Shockwave+1","Limit Break","Disarm","Shrug It Off"],"relics":["Burning Blood","SsserpentHead","Medical Kit"],"potions_floor_usage":[],"damage_taken":[{"damage":16,"enemies":"Jaw Worm","floor":1,"turns":5},{"damage":6,"enemies":"Cultist","floor":3,"turns":3},{"damage":3,"enemies":"2 Louse","floor":4,"turns":3},{"damage":16,"enemies":"Blue Slaver","floor":5,"turns":6},{"damage":13,"enemies":"Large Slime","floor":7,"turns":5},{"damage":26,"enemies":"Gremlin Gang","floor":10,"turns":6},{"damage":0,"enemies":"Exordium Thugs","floor":12,"turns":3}],"seed_played":"9078994539922906929","potions_obtained":[{"floor":4,"key":"SteroidPotion"},{"floor":5,"key":"Weak Potion"}],"is_trial":false,"path_per_floor":["M","?","M","M","M","R","M","$","T","M","$","M"],"character_chosen":"IRONCLAD","items_purchased":["Medical Kit","Shrug It Off"],"campfire_rested":0,"item_purchase_floors":[8,11],"current_hp_per_floor":[58,58,58,61,51,51,44,44,44,24,24,24],"gold":96,"neow_bonus":"TWO_FIFTY_GOLD","is_prod":false,"is_daily":false,"chose_seed":false,"campfire_upgraded":1,"win_rate":0,"timestamp":1558260146,"path_taken":["M","?","M","M","M","R","M","$","T","M","$","?"],"build_version":"2019-01-23","purchased_purges":2,"victory":false,"max_hp_per_floor":[68,68,68,68,68,68,68,68,68,68,68,68],"card_choices":[{"not_picked":["Warcry","Wild Strike"],"picked":"Pommel Strike","floor":1},{"not_picked":["Clash","Havoc","Hemokinesis"],"picked":"SKIP","floor":3},{"not_picked":["Twin Strike","Sword Boomerang"],"picked":"Shockwave","floor":4},{"not_picked":["Metallicize","Clothesline","Warcry"],"picked":"SKIP","floor":5},{"not_picked":["Sentinel","Burning Pact"],"picked":"Limit Break","floor":7},{"not_picked":["Cleave","Pummel"],"picked":"Disarm","floor":10}],"player_experience":883665,"relics_obtained":[],"event_choices":[{"damage_healed":0,"gold_gain":0,"player_choice":"Trade","damage_taken":0,"relics_obtained":["SsserpentHead"],"max_hp_gain":0,"max_hp_loss":0,"event_name":"FaceTrader","floor":2,"gold_loss":0}],"is_beta":false,"boss_relics":[],"items_purged_floors":[8,11],"is_endless":false,"potions_floor_spawned":[4,5,10],"killed_by":"Exordium Thugs","ascension_level":20}