{"gold_per_floor":[213,288,288,302,146,146,163,163,163,163,163,163,173,198,198,274,274,174,21,21,39,39,39,53,53],"floor_reached":25,"playtime":846,"items_purged":["Strike_G","Strike_G"],"score":444,"play_id":"ce3def01-41cb-4c4a-8dba-b09488dab19e","local_time":"20190709095211","is_ascension_mode":true,"campfire_choices":[{"data":"Flechettes","floor":10,"key":"SMITH"},{"data":"Noxious Fumes","floor":12,"key":"SMITH"},{"data":"Neutralize","floor":15,"key":"SMITH"},{"floor":23,"key":"REST"}],"neow_cost":"NONE","seed_source_timestamp":63892293139494,"circlet_count":0,"master_deck":["AscendersBane","Strike_G","Strike_G","Strike_G","Defend_G","Defend_G","Defend_G","Defend_G","Defend_G","Survivor","Neutralize+1","Flechettes+1","Noxious Fumes+1","Outmaneuver","Escape Plan","Corpse Explosion","PiercingWail","Escape Plan","Backflip","Acrobatics"],"special_seed":0,"relics":["Ring of the Snake","WarpedTongs","Shuriken","Snake Skull","Orrery"],"potions_floor_usage":[11,14,16,25,25],"damage_taken":[{"damage":11.0,"enemies":"Cultist","floor":1.0,"turns":5.0},{"damage":1.0,"enemies":"Small Slimes","floor":4.0,"turns":3.0},{"damage":3.0,"enemies":"Jaw Worm","floor":7.0,"turns":5.0},{"damage":4,"enemies":"3 Louse","floor":13,"turns":4},{"damage":35,"enemies":"Gremlin Nob","floor":14,"turns":5},{"damage":7,"enemies":"The Guardian","floor":16,"turns":9},{"damage":17,"enemies":"2 Thieves","floor":18,"turns":5},{"damage":18,"enemies":"Shell Parasite","floor":21,"turns":6},{"damage":4,"enemies":"Centurion and Healer","floor":24,"turns":6},{"damage":31,"enemies":"Masked Bandits","floor":25,"turns":3}],"seed_played":"6956640299532037948","potions_obtained":[{"floor":1.0,"key":"Strength Potion"},{"floor":4.0,"key":"GamblersBrew"},{"floor":11,"key":"Fruit Juice"},{"floor":11,"key":"Block Potion"},{"floor":21,"key":"FearPotion"},{"floor":24,"key":"Regen Potion"}],"is_trial":false,"path_per_floor":["M","?","?","M","$","?","M","?","T","R","?","R","M","E","R","B",null,"M","$","?","M","?","R","M","?"],"character_chosen":"THE_SILENT","items_purchased":["Noxious Fumes","Acrobatics"],"campfire_rested":1,"item_purchase_floors":[5,19],"current_hp_per_floor":[48,37,59,58,58,58,55,48,48,48,53,53,49,14,14,7,55,38,38,38,20,20,41,37,15],"gold":53,"neow_bonus":"HUNDRED_GOLD","is_prod":false,"is_daily":false,"chose_seed":false,"campfire_upgraded":3,"win_rate":0,"timestamp":1562637131,"path_taken":["M","?","?","M","$","?","?","?","T","R","?","R","M","E","R","BOSS","M","?","?","M","?","R","M","?"],"build_version":"2019-07-05","purchased_purges":2,"victory":false,"max_hp_per_floor":[66,66,66,66,66,66,66,66,66,66,71,71,71,71,71,71,71,71,71,71,71,71,71,71,71],"card_choices":[{"not_picked":["Escape Plan","Sucker Punch"],"picked":"Flechettes","floor":1.0},{"not_picked":["Prepared","Reflex","Predator"],"picked":"SKIP","floor":4.0},{"not_picked":["Slice","Bane"],"picked":"Outmaneuver","floor":7.0},{"not_picked":["Backflip","Dash"],"picked":"Escape Plan","floor":13},{"not_picked":["Cloak And Dagger","Sucker Punch","Leg Sweep"],"picked":"SKIP","floor":14},{"not_picked":["Doppelganger","Tools of the Trade"],"picked":"Corpse Explosion","floor":16},{"not_picked":["Crippling Poison","Cloak And Dagger"],"picked":"PiercingWail","floor":17},{"not_picked":["Backstab","Bane"],"picked":"Escape Plan","floor":17},{"not_picked":["Deadly Poison","Quick Slash"],"picked":"Backflip","floor":17},{"not_picked":["PiercingWail","Poisoned Stab","Deflect"],"picked":"SKIP","floor":18},{"not_picked":["Heel Hook","Dagger Throw","PiercingWail"],"picked":"SKIP","floor":21},{"not_picked":["Flechettes+1","Choke","Riddle With Holes"],"picked":"SKIP","floor":24}],"player_experience":1071498,"relics_obtained":[{"floor":9.0,"key":"Shuriken"},{"floor":14,"key":"Snake Skull"}],"event_choices":[{"damage_healed":0.0,"max_hp_gain":0.0,"max_hp_loss":0.0,"gold_gain":75.0,"event_name":"World of Goop","player_choice":"Gather Gold","floor":2.0,"gold_loss":0.0,"damage_taken":11.0},{"damage_healed":22.0,"max_hp_gain":0.0,"max_hp_loss":0.0,"gold_gain":0.0,"event_name":"Big Fish","player_choice":"Banana","floor":3.0,"gold_loss":0.0,"damage_taken":0.0},{"damage_healed":0.0,"max_hp_gain":0.0,"max_hp_loss":0.0,"gold_gain":0.0,"event_name":"Accursed Blacksmith","player_choice":"Rummage","floor":6.0,"gold_loss":0.0,"damage_taken":0.0,"relics_obtained":["WarpedTongs"],"cards_obtained":["Pain"]},{"cards_removed":["Pain"],"damage_healed":0.0,"max_hp_gain":0.0,"max_hp_loss":0.0,"gold_gain":0.0,"event_name":"Golden Wing","player_choice":"Card Removal","floor":8.0,"gold_loss":0.0,"damage_taken":7.0},{"damage_healed":0,"gold_gain":0,"player_choice":"Got Potions","damage_taken":0,"max_hp_gain":0,"max_hp_loss":0,"event_name":"Lab","floor":11,"gold_loss":0},{"damage_healed":0,"gold_gain":0,"player_choice":"Ignored","damage_taken":0,"max_hp_gain":0,"max_hp_loss":0,"event_name":"The Mausoleum","floor":20,"gold_loss":0},{"damage_healed":0,"gold_gain":0,"player_choice":"Fought Bandits","damage_taken":0,"max_hp_gain":0,"max_hp_loss":0,"event_name":"Masked Bandits","floor":25,"gold_loss":0}],"is_beta":false,"boss_relics":[{"not_picked":["Snecko Eye","Sozu"],"picked":"Orrery"}],"items_purged_floors":[5,19],"is_endless":false,"potions_floor_spawned":[1,4,21,24],"killed_by":"Masked Bandits","ascension_level":20}