{"gold_per_floor":[18,93,93,109,127,127,147,147,147,170,170,194,39,62,62,161,161,184,202,65,65,104,138,138,43,343,343,368,368,368,383,383,477,477,490,615,636,114,133,167,167,167],"floor_reached":42,"playtime":1966,"items_purged":["Strike_R","Strike_R","Bash"],"score":901,"play_id":"00c9be89-4cbf-4232-ba88-bdd472c8b802","local_time":"20190515191858","is_ascension_mode":true,"campfire_choices":[{"data":"Armaments","floor":6.0,"key":"SMITH"},{"data":"Sword Boomerang","floor":8.0,"key":"SMITH"},{"data":"Flex","floor":15.0,"key":"SMITH"},{"data":"Barricade","floor":24.0,"key":"SMITH"},{"data":"Deep Breath","floor":27.0,"key":"SMITH"},{"data":"Feel No Pain","floor":32.0,"key":"SMITH"},{"data":"Limit Break","floor":41.0,"key":"SMITH"}],"neow_cost":"NO_GOLD","seed_source_timestamp":2020540787406524,"circlet_count":0,"master_deck":["AscendersBane","Defend_R","Defend_R","Defend_R","Limit Break+1","Power Through","Armaments+1","Sword Boomerang+1","Flex+1","Feel No Pain+1","Barricade+1","Whirlwind","Warcry","Limit Break","Evolve","Second Wind","Deep Breath+1","Shrug It Off","Sentinel","Reaper","True Grit+1","Dark Embrace"],"special_seed":0,"relics":["Burning Blood","Golden Idol","Pantograph","Coffee Dripper","Red Mask","Sundial","Old Coin","Runic Dome","StoneCalendar","TheAbacus","Blood Vial"],"potions_floor_usage":[42,42],"damage_taken":[{"damage":4.0,"enemies":"Small Slimes","floor":1.0,"turns":4.0},{"damage":7.0,"enemies":"Jaw Worm","floor":4.0,"turns":4.0},{"damage":10.0,"enemies":"2 Louse","floor":5.0,"turns":4.0},{"damage":18.0,"enemies":"Exordium Wildlife","floor":7.0,"turns":6.0},{"damage":6.0,"enemies":"2 Fungi Beasts","floor":10.0,"turns":5.0},{"damage":35.0,"enemies":"Gremlin Gang","floor":12.0,"turns":8.0},{"damage":6.0,"enemies":"Looter","floor":14.0,"turns":4.0},{"damage":32.0,"enemies":"The Guardian","floor":16.0,"turns":10.0},{"damage":15.0,"enemies":"Spheric Guardian","floor":18.0,"turns":5.0},{"damage":0.0,"enemies":"Chosen","floor":19.0,"turns":9.0},{"damage":5.0,"enemies":"Masked Bandits","floor":22.0,"turns":3.0},{"damage":34.0,"enemies":"Book of Stabbing","floor":23.0,"turns":5.0},{"damage":11.0,"enemies":"Centurion and Healer","floor":28.0,"turns":3.0},{"damage":13.0,"enemies":"3 Cultists","floor":31.0,"turns":4.0},{"damage":4.0,"enemies":"Automaton","floor":33.0,"turns":8.0},{"damage":27.0,"enemies":"Orb Walker","floor":35.0,"turns":5.0},{"damage":15.0,"enemies":"Mind Bloom Boss Battle","floor":36.0,"turns":4.0},{"damage":40.0,"enemies":"3 Darklings","floor":37.0,"turns":7.0},{"damage":0.0,"enemies":"Spire Growth","floor":39.0,"turns":5.0},{"damage":6.0,"enemies":"Nemesis","floor":40.0,"turns":9.0},{"damage":74,"enemies":"4 Shapes","floor":42,"turns":3}],"seed_played":"-7418399581751237745","potions_obtained":[{"floor":4.0,"key":"FearPotion"},{"floor":10.0,"key":"GamblersBrew"},{"floor":16.0,"key":"Energy Potion"},{"floor":19.0,"key":"Ancient Potion"},{"floor":33.0,"key":"FearPotion"},{"floor":37.0,"key":"SpeedPotion"}],"is_trial":false,"path_per_floor":["M","?","?","M","M","R","M","R","T","M","?","M","$","M","R","B",null,"M","M","$","?","?","E","R","$","T","R","M","?","?","M","R","B",null,"M","?","M","$","M","E","R","M"],"character_chosen":"IRONCLAD","items_purchased":["Feel No Pain","Whirlwind","Deep Breath","Dark Embrace","TheAbacus"],"campfire_rested":0,"item_purchase_floors":[13,20,25,38,38],"current_hp_per_floor":[70,59,59,58,54,54,42,42,42,42,42,13,13,13,13,12,54,45,51,51,51,52,24,24,24,24,24,19,19,19,12,12,39,61,46,59,68,68,68,68,68,0],"gold":167,"neow_bonus":"THREE_RARE_CARDS","is_prod":false,"is_daily":false,"chose_seed":false,"campfire_upgraded":7,"win_rate":0,"timestamp":1557919138,"path_taken":["M","?","?","M","M","R","M","R","T","?","?","M","$","M","R","BOSS","M","M","$","?","?","E","R","?","T","R","?","?","?","M","R","BOSS","M","?","M","$","M","E","R","M"],"build_version":"2019-01-23","purchased_purges":3,"victory":false,"max_hp_per_floor":[75,75,68,68,68,68,68,68,68,68,68,68,68,68,68,68,68,68,68,68,68,68,68,68,68,68,68,68,68,68,68,68,68,68,68,68,68,68,68,68,68,68],"card_choices":[{"not_picked":["Dark Embrace","Offering"],"picked":"Limit Break","floor":0.0},{"not_picked":["Wild Strike","Armaments"],"picked":"Power Through","floor":1.0},{"not_picked":["Reckless Charge","True Grit"],"picked":"Armaments","floor":4.0},{"not_picked":["Perfected Strike","Havoc","Fire Breathing"],"picked":"SKIP","floor":5.0},{"not_picked":["Body Slam","Ghostly Armor"],"picked":"Sword Boomerang","floor":7.0},{"not_picked":["Berserk","Power Through","Cleave"],"picked":"SKIP","floor":10.0},{"not_picked":["True Grit","Carnage"],"picked":"Flex","floor":12.0},{"not_picked":["Sword Boomerang","Twin Strike","Metallicize"],"picked":"SKIP","floor":14.0},{"not_picked":["Berserk","Dark Embrace"],"picked":"Barricade","floor":16.0},{"not_picked":["Clash","Sever Soul","Perfected Strike"],"picked":"SKIP","floor":18.0},{"not_picked":["Cleave+1","Clothesline","Body Slam"],"picked":"SKIP","floor":19.0},{"not_picked":["Body Slam","Wild Strike"],"picked":"Evolve","floor":22.0},{"not_picked":["Bloodletting+1","Fire Breathing"],"picked":"Second Wind","floor":23.0},{"not_picked":["Iron Wave+1","Combust+1"],"picked":"Shrug It Off","floor":28.0},{"not_picked":["Sword Boomerang","Thunderclap+1"],"picked":"Sentinel","floor":31.0},{"not_picked":["Limit Break","Demon Form"],"picked":"Reaper","floor":33.0},{"not_picked":["Armaments","Carnage","Dropkick"],"picked":"SKIP","floor":35.0},{"not_picked":["Headbutt","Thunderclap"],"picked":"True Grit+1","floor":37.0},{"not_picked":["Searing Blow","Wild Strike","Heavy Blade"],"picked":"SKIP","floor":39.0},{"not_picked":["Uppercut","Carnage+1","Power Through"],"picked":"SKIP","floor":40.0}],"player_experience":837142,"relics_obtained":[{"floor":9.0,"key":"Pantograph"},{"floor":22.0,"key":"Red Mask"},{"floor":23.0,"key":"Sundial"},{"floor":26.0,"key":"Old Coin"},{"floor":36.0,"key":"StoneCalendar"},{"floor":40.0,"key":"Blood Vial"}],"event_choices":[{"damage_healed":0.0,"max_hp_gain":0.0,"max_hp_loss":0.0,"gold_gain":75.0,"event_name":"World of Goop","player_choice":"Gather Gold","floor":2.0,"gold_loss":0.0,"damage_taken":11.0},{"damage_healed":0.0,"max_hp_gain":0.0,"max_hp_loss":7.0,"gold_gain":0.0,"event_name":"Golden Idol","player_choice":"Lose Max HP","floor":3.0,"gold_loss":0.0,"damage_taken":0.0,"relics_obtained":["Golden Idol"]},{"cards_removed":["Strike_R"],"damage_healed":0.0,"max_hp_gain":0.0,"max_hp_loss":0.0,"gold_gain":0.0,"event_name":"Living Wall","player_choice":"Forget","floor":11.0,"gold_loss":0.0,"damage_taken":0.0},{"damage_healed":0.0,"max_hp_gain":0.0,"max_hp_loss":0.0,"gold_gain":0.0,"cards_transformed":["Strike_R","Strike_R"],"event_name":"Drug Dealer","player_choice":"Became Test Subject","floor":21.0,"gold_loss":0.0,"damage_taken":0.0,"cards_obtained":["Warcry","Limit Break"]},{"damage_healed":0.0,"max_hp_gain":0.0,"max_hp_loss":0.0,"gold_gain":0.0,"event_name":"Masked Bandits","player_choice":"Fought Bandits","floor":22.0,"gold_loss":0.0,"damage_taken":0.0},{"damage_healed":0.0,"max_hp_gain":0.0,"max_hp_loss":0.0,"gold_gain":0.0,"event_name":"Cursed Tome","player_choice":"Ignored","floor":29.0,"gold_loss":0.0,"damage_taken":0.0},{"cards_removed":["Defend_R"],"damage_healed":0.0,"max_hp_gain":0.0,"max_hp_loss":0.0,"gold_gain":0.0,"event_name":"Back to Basics","player_choice":"Elegance","floor":30.0,"gold_loss":0.0,"damage_taken":0.0},{"damage_healed":0.0,"max_hp_gain":0.0,"max_hp_loss":0.0,"gold_gain":0.0,"event_name":"MindBloom","player_choice":"Fight","floor":36.0,"gold_loss":0.0,"damage_taken":0.0}],"is_beta":false,"boss_relics":[{"not_picked":["Philosopher\u0027s Stone","Eternal Feather"],"picked":"Coffee Dripper"},{"not_picked":["Cursed Key","Lizard Tail"],"picked":"Runic Dome"}],"items_purged_floors":[13,20,38],"is_endless":false,"potions_floor_spawned":[4,10,16,19,22,33,35,36,37],"killed_by":"4 Shapes","ascension_level":20}