{"gold_per_floor":[116,116,116,126,146,146,180,180,204,238,252,263,263,263,263,363,363,382,81,99,112,127,127,162,162,188,216,226,101,115,127,127,228,228,242,255,54,74,74,104,117,136,136,165,181,208,10,21,21,21],"floor_reached":51,"playtime":3340,"items_purged":["Defend_R","Strike_R","Strike_R","Intimidate"],"score":1294,"play_id":"ddf0b56a-31ce-46d7-b2d5-10af441c3d6f","local_time":"20190807113524","is_ascension_mode":true,"campfire_choices":[{"data":"Disarm","floor":6.0,"key":"SMITH"},{"data":"Flame Barrier","floor":8.0,"key":"SMITH"},{"data":"1","floor":13.0,"key":"LIFT"},{"data":"2","floor":15.0,"key":"LIFT"},{"data":"3","floor":23.0,"key":"LIFT"},{"data":"Immolate","floor":25.0,"key":"SMITH"},{"data":"Spot Weakness","floor":32.0,"key":"SMITH"},{"floor":49,"key":"REST"}],"neow_cost":"PERCENT_DAMAGE","seed_source_timestamp":2382070761822300,"circlet_count":0,"master_deck":["AscendersBane","Strike_R+1","Strike_R+1","Bash","Seeing Red","Disarm+1","Hemokinesis+1","Ghostly Armor","Flame Barrier+1","Heavy Blade+1","Disarm","Pummel","Immolate+1","Heavy Blade+1","Spot Weakness+1","Battle Trance","Rage+1","Juggernaut","Iron Wave","Flash of Steel","Shockwave+1","Flame Barrier+1","Thunderclap+1","Dropkick"],"special_seed":0,"relics":["Burning Blood","Strawberry","Pen Nib","Girya","Velvet Choker","Membership Card","Champion Belt","Meat on the Bone","Bronze Scales","Lizard Tail","Bag of Marbles","Whetstone","Ornamental Fan","Happy Flower","Juzu Bracelet","Bottled Lightning"],"potions_floor_usage":[38,44,46,50],"damage_taken":[{"damage":6.0,"enemies":"2 Louse","floor":1.0,"turns":3.0},{"damage":0.0,"enemies":"Small Slimes","floor":4.0,"turns":3.0},{"damage":4.0,"enemies":"Cultist","floor":5.0,"turns":3.0},{"damage":14.0,"enemies":"3 Sentries","floor":7.0,"turns":7.0},{"damage":18.0,"enemies":"Gremlin Nob","floor":10.0,"turns":3.0},{"damage":0.0,"enemies":"2 Fungi Beasts","floor":11.0,"turns":3.0},{"damage":11.0,"enemies":"Lots of Slimes","floor":12.0,"turns":6.0},{"damage":12.0,"enemies":"Hexaghost","floor":16.0,"turns":7.0},{"damage":8.0,"enemies":"2 Thieves","floor":18.0,"turns":4.0},{"damage":8.0,"enemies":"Chosen","floor":20.0,"turns":4.0},{"damage":11.0,"enemies":"Centurion and Healer","floor":21.0,"turns":3.0},{"damage":2.0,"enemies":"Snake Plant","floor":22.0,"turns":2.0},{"damage":14.0,"enemies":"Book of Stabbing","floor":24.0,"turns":3.0},{"damage":0.0,"enemies":"Gremlin Leader","floor":27.0,"turns":4.0},{"damage":0.0,"enemies":"3 Cultists","floor":28.0,"turns":3.0},{"damage":0.0,"enemies":"Snecko","floor":30.0,"turns":3.0},{"damage":0.0,"enemies":"Centurion and Healer","floor":31.0,"turns":4.0},{"damage":53,"enemies":"Automaton","floor":33,"turns":7},{"damage":0,"enemies":"3 Shapes","floor":35,"turns":6},{"damage":0,"enemies":"Orb Walker","floor":36,"turns":2},{"damage":8,"enemies":"Jaw Worm Horde","floor":38,"turns":2},{"damage":49,"enemies":"Giant Head","floor":40,"turns":7},{"damage":4,"enemies":"3 Darklings","floor":41,"turns":3},{"damage":3,"enemies":"Spire Growth","floor":42,"turns":3},{"damage":31,"enemies":"Nemesis","floor":44,"turns":7},{"damage":13,"enemies":"Maw","floor":45,"turns":5},{"damage":39,"enemies":"Giant Head","floor":46,"turns":6},{"damage":0,"enemies":"Writhing Mass","floor":48,"turns":1},{"damage":77,"enemies":"Donu and Deca","floor":50,"turns":6}],"seed_played":"2701628535098700970","potions_obtained":[{"floor":1.0,"key":"PowerPotion"},{"floor":5.0,"key":"Strength Potion"},{"floor":11.0,"key":"SpeedPotion"},{"floor":16.0,"key":"Explosive Potion"},{"floor":18.0,"key":"GamblersBrew"},{"floor":22.0,"key":"Ancient Potion"},{"floor":28.0,"key":"SteroidPotion"},{"floor":35,"key":"Fire Potion"},{"floor":38,"key":"GamblersBrew"},{"floor":46,"key":"BloodPotion"}],"is_trial":false,"path_per_floor":["M","?","?","M","M","R","E","R","T","E","M","M","R","?","R","B",null,"M","$","M","M","M","R","E","R","T","E","M","$","M","M","R","B",null,"M","M","$","M","?","E","M","M","T","E","M","E","$","M","R","B",null],"character_chosen":"IRONCLAD","items_purchased":["Membership Card","Spot Weakness","Battle Trance","Bronze Scales","Bag of Marbles","Iron Wave","Flash of Steel","Bottled Lightning"],"campfire_rested":1,"item_purchase_floors":[19,19,19,29,37,37,37,47],"current_hp_per_floor":[51,35,35,41,43,43,42,42,42,30,36,31,31,31,31,25,72,70,70,68,63,67,67,59,59,59,65,71,71,77,83,83,48,77,83,87,87,85,85,54,56,59,59,46,51,30,30,48,74,36],"gold":21,"neow_bonus":"TRANSFORM_TWO_CARDS","is_prod":false,"is_daily":false,"chose_seed":false,"campfire_upgraded":4,"win_rate":0,"timestamp":1565199324,"path_taken":["M","?","?","M","?","R","E","R","T","E","M","M","R","?","R","BOSS","M","?","M","M","M","R","E","R","T","E","M","$","M","?","R","BOSS","M","M","$","M","?","E","M","M","T","E","M","E","$","M","R","BOSS"],"build_version":"2019-07-18","purchased_purges":4,"victory":true,"max_hp_per_floor":[80,80,80,80,80,80,87,87,87,87,87,87,87,87,87,87,87,87,87,87,87,87,87,87,87,87,87,87,87,87,87,87,87,87,87,87,87,87,87,87,87,87,87,87,87,87,87,87,87,87],"card_choices":[{"not_picked":["Anger","Inflame"],"picked":"Hemokinesis","floor":1.0},{"not_picked":["Entrench","Reckless Charge"],"picked":"Ghostly Armor","floor":4.0},{"not_picked":["True Grit","Armaments"],"picked":"Intimidate","floor":5.0},{"not_picked":["Corruption","Fiend Fire"],"picked":"Flame Barrier","floor":7.0},{"not_picked":["Armaments","Rage"],"picked":"Heavy Blade","floor":10.0},{"not_picked":["Warcry","Sentinel"],"picked":"Disarm","floor":11.0},{"not_picked":["Pommel Strike","Heavy Blade","Body Slam"],"picked":"SKIP","floor":12.0},{"not_picked":["Juggernaut","Double Tap"],"picked":"Immolate","floor":16.0},{"not_picked":["Inflame","Uppercut"],"picked":"Heavy Blade+1","floor":18.0},{"not_picked":["Pommel Strike","Sentinel","Reckless Charge"],"picked":"SKIP","floor":20.0},{"not_picked":["Havoc","Pommel Strike"],"picked":"Rage+1","floor":21.0},{"not_picked":["True Grit+1","Twin Strike","Body Slam"],"picked":"SKIP","floor":22.0},{"not_picked":["Anger+1","Rage","Twin Strike"],"picked":"SKIP","floor":24.0},{"not_picked":["Bludgeon","Pommel Strike","Corruption"],"picked":"SKIP","floor":27.0},{"not_picked":["Wild Strike","Perfected Strike","Carnage"],"picked":"SKIP","floor":28.0},{"not_picked":["Burning Pact","Heavy Blade","Rupture"],"picked":"SKIP","floor":30.0},{"not_picked":["Armaments","Havoc","Sword Boomerang"],"picked":"SKIP","floor":31.0},{"not_picked":["Immolate","Berserk"],"picked":"Juggernaut","floor":33},{"not_picked":["Twin Strike","Anger","Pommel Strike"],"picked":"SKIP","floor":35},{"not_picked":["True Grit","Pommel Strike","Rupture"],"picked":"SKIP","floor":36},{"not_picked":["Perfected Strike","Shrug It Off"],"picked":"Shockwave+1","floor":38},{"not_picked":["Headbutt","Combust"],"picked":"Flame Barrier+1","floor":40},{"not_picked":["Burning Pact","Immolate","Sever Soul"],"picked":"SKIP","floor":41},{"not_picked":["Twin Strike","Havoc+1","Clash"],"picked":"SKIP","floor":42},{"not_picked":["Pommel Strike","Seeing Red","Burning Pact"],"picked":"SKIP","floor":44},{"not_picked":["Sever Soul","Fire Breathing"],"picked":"Thunderclap+1","floor":45},{"not_picked":["Perfected Strike","Wild Strike","True Grit+1"],"picked":"SKIP","floor":46},{"not_picked":["Anger+1","Burning Pact"],"picked":"Dropkick","floor":48}],"player_experience":236875,"relics_obtained":[{"floor":7.0,"key":"Strawberry"},{"floor":9.0,"key":"Pen Nib"},{"floor":10.0,"key":"Girya"},{"floor":24.0,"key":"Champion Belt"},{"floor":27.0,"key":"Meat on the Bone"},{"floor":40,"key":"Whetstone"},{"floor":43,"key":"Ornamental Fan"},{"floor":44,"key":"Happy Flower"},{"floor":46,"key":"Juzu Bracelet"}],"event_choices":[{"damage_healed":0.0,"max_hp_gain":0.0,"max_hp_loss":0.0,"gold_gain":0.0,"event_name":"Shining Light","player_choice":"Entered Light","floor":2.0,"gold_loss":0.0,"damage_taken":16.0,"cards_upgraded":["Strike_R","Strike_R"]},{"damage_healed":0.0,"max_hp_gain":0.0,"max_hp_loss":0.0,"gold_gain":0.0,"event_name":"Accursed Blacksmith","player_choice":"Forge","floor":3.0,"gold_loss":0.0,"damage_taken":0.0,"cards_upgraded":["Hemokinesis"]},{"damage_healed":0.0,"max_hp_gain":0.0,"max_hp_loss":0.0,"gold_gain":0.0,"cards_transformed":["Defend_R"],"event_name":"Transmorgrifier","player_choice":"Transformed","floor":14.0,"gold_loss":0.0,"damage_taken":0.0,"cards_obtained":["Pummel"]},{"cards_removed":["Strike_R"],"damage_healed":0,"gold_gain":0,"player_choice":"Removed Attack","damage_taken":0,"max_hp_gain":0,"max_hp_loss":0,"event_name":"Falling","floor":39,"gold_loss":0}],"is_beta":true,"boss_relics":[{"not_picked":["White Beast Statue","Fusion Hammer"],"picked":"Velvet Choker"},{"not_picked":["Black Star","Busted Crown"],"picked":"Lizard Tail"}],"items_purged_floors":[19,29,37,47],"is_endless":false,"potions_floor_spawned":[1,5,11,16,18,22,28,35,38,40,46],"ascension_level":12}