{"gold_per_floor":[119,119,194,194,217,253,104,120,120,160,184,72,72,108,108,108],"floor_reached":16,"playtime":637,"items_purged":["Strike_G"],"score":166,"play_id":"6cbfb305-c551-4898-b6e7-3f291978f616","local_time":"20190208225426","is_ascension_mode":true,"campfire_choices":[{"data":"Noxious Fumes","floor":13.0,"key":"SMITH"},{"floor":15,"key":"REST"}],"neow_cost":"NONE","seed_source_timestamp":302861249453702,"circlet_count":0,"master_deck":["Defend_G","Defend_G","Defend_G","Defend_G","Defend_G","Strike_G","Strike_G","Strike_G","Strike_G","Survivor","Neutralize","Infinite Blades","Noxious Fumes+1","Acrobatics","Deflect","Blur","Deadly Poison","Accuracy","PiercingWail"],"special_seed":0,"relics":["Ring of the Snake","NeowsBlessing","Golden Idol","Blood Vial","Lantern","Ninja Scroll","Happy Flower","Odd Mushroom"],"potions_floor_usage":[],"damage_taken":[{"damage":0.0,"enemies":"Small Slimes","floor":1.0,"turns":1.0},{"damage":0.0,"enemies":"2 Louse","floor":5.0,"turns":1.0},{"damage":0.0,"enemies":"3 Sentries","floor":6.0,"turns":1.0},{"damage":0.0,"enemies":"Cultist","floor":8.0,"turns":4.0},{"damage":11.0,"enemies":"Lagavulin","floor":10.0,"turns":7.0},{"damage":3.0,"enemies":"Looter","floor":11.0,"turns":5.0},{"damage":11,"enemies":"The Mushroom Lair","floor":14,"turns":4},{"damage":53,"enemies":"Slime Boss","floor":16,"turns":8}],"seed_played":"-2538940748219503324","potions_obtained":[{"floor":1.0,"key":"Swift Potion"},{"floor":5.0,"key":"AttackPotion"},{"floor":10.0,"key":"Dexterity Potion"}],"is_trial":false,"path_per_floor":["M","?","?","?","M","E","$","M","T","E","M","$","R","?","R","B"],"character_chosen":"THE_SILENT","items_purchased":["Lantern","Accuracy"],"campfire_rested":1,"item_purchase_floors":[7,12],"current_hp_per_floor":[70,53,42,42,42,42,42,44,44,35,34,34,34,25,46,0],"gold":108,"neow_bonus":"THREE_ENEMY_KILL","is_prod":false,"is_daily":false,"chose_seed":false,"campfire_upgraded":1,"win_rate":0,"timestamp":1549637666,"path_taken":["M","?","?","?","M","E","$","?","T","E","M","$","R","?","R","BOSS"],"build_version":"2019-01-23","purchased_purges":1,"victory":false,"max_hp_per_floor":[70,70,70,70,70,70,70,70,70,70,70,70,70,70,70,70],"card_choices":[{"not_picked":["Concentrate","Acrobatics"],"picked":"Infinite Blades","floor":1.0},{"not_picked":["Dagger Throw","Underhanded Strike"],"picked":"Acrobatics","floor":5.0},{"not_picked":["Flying Knee","Dodge and Roll","Acrobatics"],"picked":"SKIP","floor":6.0},{"not_picked":["Eviscerate","Slice"],"picked":"Deflect","floor":8.0},{"not_picked":["Adrenaline","Backflip"],"picked":"Blur","floor":10.0},{"not_picked":["Concentrate","Infinite Blades"],"picked":"Deadly Poison","floor":11.0},{"not_picked":["Phantasmal Killer","Flying Knee"],"picked":"PiercingWail","floor":14}],"player_experience":684103,"relics_obtained":[{"floor":6.0,"key":"Blood Vial"},{"floor":9.0,"key":"Ninja Scroll"},{"floor":10.0,"key":"Happy Flower"},{"floor":14,"key":"Odd Mushroom"}],"event_choices":[{"damage_healed":0.0,"max_hp_gain":0.0,"max_hp_loss":0.0,"gold_gain":0.0,"event_name":"Golden Idol","player_choice":"Take Damage","floor":2.0,"gold_loss":0.0,"damage_taken":17.0,"relics_obtained":["Golden Idol"]},{"damage_healed":0.0,"max_hp_gain":0.0,"max_hp_loss":0.0,"gold_gain":75.0,"event_name":"World of Goop","player_choice":"Gather Gold","floor":3.0,"gold_loss":0.0,"damage_taken":11.0},{"damage_healed":0.0,"max_hp_gain":0.0,"max_hp_loss":0.0,"gold_gain":0.0,"event_name":"Match and Keep!","player_choice":"1 cards matched","floor":4.0,"gold_loss":0.0,"damage_taken":0.0,"cards_obtained":["Noxious Fumes"]},{"damage_healed":0,"gold_gain":0,"player_choice":"Fought Mushrooms","damage_taken":0,"max_hp_gain":0,"max_hp_loss":0,"event_name":"Mushrooms","floor":14,"gold_loss":0}],"is_beta":false,"boss_relics":[],"items_purged_floors":[12],"is_endless":false,"potions_floor_spawned":[1,5,10],"killed_by":"Slime Boss","ascension_level":5}