{"gold_per_floor":[118,128,128,128,141,141,168,168,168,187,26,26,26,46,46,124,124,134,184,184],"floor_reached":20,"playtime":575,"items_purged":["Strike_B"],"score":344,"play_id":"2322c92d-53bc-424d-8567-1d3cf339f596","local_time":"20190619132514","is_ascension_mode":true,"campfire_choices":[{"data":"Skim","floor":6.0,"key":"SMITH"},{"data":"Coolheaded","floor":8.0,"key":"SMITH"},{"data":"Loop","floor":15.0,"key":"SMITH"}],"neow_cost":"NONE","seed_source_timestamp":93821032202515,"circlet_count":0,"master_deck":["AscendersBane","Strike_B","Strike_B","Defend_B","Defend_B","Defend_B","Defend_B","Zap","Dualcast","White Noise","Skim+1","Genetic Algorithm","Gash","Coolheaded+1","Streamline","Loop+1","Electrodynamics","Undo","Recycle","Self Repair"],"special_seed":0,"relics":["Cracked Core","NeowsBlessing","Question Card","Potion Belt","Cables","Juzu Bracelet","Orrery"],"potions_floor_usage":[20,20],"damage_taken":[{"damage":0.0,"enemies":"Small Slimes","floor":1.0,"turns":1.0},{"damage":0.0,"enemies":"Jaw Worm","floor":2.0,"turns":1.0},{"damage":0.0,"enemies":"Cultist","floor":5.0,"turns":1.0},{"damage":39.0,"enemies":"Lagavulin","floor":7.0,"turns":8.0},{"damage":0.0,"enemies":"3 Louse","floor":10.0,"turns":1.0},{"damage":4.0,"enemies":"Large Slime","floor":14.0,"turns":5.0},{"damage":37.0,"enemies":"Hexaghost","floor":16.0,"turns":11.0},{"damage":21.0,"enemies":"Chosen","floor":18.0,"turns":5.0},{"damage":52,"enemies":"Colosseum Slavers","floor":20,"turns":3}],"seed_played":"6230759018139169995","potions_obtained":[{"floor":5.0,"key":"GamblersBrew"},{"floor":7.0,"key":"Explosive Potion"},{"floor":14.0,"key":"Regen Potion"},{"floor":18.0,"key":"SkillPotion"}],"is_trial":false,"path_per_floor":["M","M","?","T","M","R","E","R","T","M","$","?","?","M","R","B",null,"M","?","?"],"character_chosen":"DEFECT","items_purchased":["Loop"],"campfire_rested":0,"item_purchase_floors":[11],"current_hp_per_floor":[64,64,64,64,64,64,25,25,25,25,25,48,43,39,39,17,58,37,37,0],"gold":184,"neow_bonus":"THREE_ENEMY_KILL","is_prod":false,"is_daily":false,"chose_seed":false,"campfire_upgraded":3,"win_rate":0,"timestamp":1560921914,"path_taken":["M","M","?","?","?","R","E","R","T","M","$","?","?","M","R","BOSS","M","?","?"],"build_version":"2019-01-23","purchased_purges":1,"victory":false,"max_hp_per_floor":[71,71,71,71,71,71,71,71,71,71,71,71,71,71,71,71,71,71,71,71],"card_choices":[{"not_picked":["Beam Cell","Reprogram"],"picked":"White Noise","floor":1.0},{"not_picked":["Gash","Steam"],"picked":"Skim","floor":2.0},{"not_picked":["Hello World","Redo","BootSequence"],"picked":"Gash","floor":5.0},{"not_picked":["Blizzard","Darkness","Beam Cell"],"picked":"Coolheaded","floor":7.0},{"not_picked":["Conserve Battery","Hologram","Redo"],"picked":"Streamline","floor":10.0},{"not_picked":["Scrape","Go for the Eyes","Thunder Strike","Leap"],"picked":"SKIP","floor":14.0},{"not_picked":["Biased Cognition","Fission","Machine Learning"],"picked":"Electrodynamics","floor":16.0},{"not_picked":["Hello World","Leap","Go for the Eyes"],"picked":"Undo","floor":17.0},{"not_picked":["Beam Cell","Go for the Eyes","Tempest"],"picked":"Recycle","floor":17.0},{"not_picked":["Go for the Eyes","Redo","Stack"],"picked":"Self Repair","floor":18.0}],"player_experience":985023,"relics_obtained":[{"floor":4.0,"key":"Question Card"},{"floor":7.0,"key":"Potion Belt"},{"floor":9.0,"key":"Cables"}],"event_choices":[{"damage_healed":0.0,"max_hp_gain":0.0,"max_hp_loss":0.0,"gold_gain":0.0,"cards_transformed":["Strike_B"],"event_name":"Living Wall","player_choice":"Change","floor":3.0,"gold_loss":0.0,"damage_taken":0.0,"cards_obtained":["Genetic Algorithm"]},{"damage_healed":23.0,"max_hp_gain":0.0,"max_hp_loss":0.0,"gold_gain":0.0,"event_name":"Big Fish","player_choice":"Banana","floor":12.0,"gold_loss":0.0,"damage_taken":0.0},{"damage_healed":0.0,"max_hp_gain":0.0,"max_hp_loss":0.0,"gold_gain":0.0,"event_name":"Scrap Ooze","player_choice":"Success","floor":13.0,"gold_loss":0.0,"damage_taken":5.0,"relics_obtained":["Juzu Bracelet"]},{"damage_healed":0.0,"max_hp_gain":0.0,"max_hp_loss":0.0,"gold_gain":50.0,"event_name":"Nest","player_choice":"Stole From Cult","floor":19.0,"gold_loss":0.0,"damage_taken":0.0},{"damage_healed":0,"gold_gain":0,"player_choice":"Fight","damage_taken":0,"max_hp_gain":0,"max_hp_loss":0,"event_name":"Colosseum","floor":20,"gold_loss":0}],"is_beta":false,"boss_relics":[{"not_picked":["Ectoplasm","Runic Pyramid"],"picked":"Orrery"}],"items_purged_floors":[11],"is_endless":false,"potions_floor_spawned":[5,7,14,18],"killed_by":"Colosseum Slavers","ascension_level":20}