{"gold_per_floor":[112,124,199,219,219,219,238,266,266,280,335,363,375,397,409,495,507,539,582,594,606],"floor_reached":21,"playtime":859,"items_purged":[],"score":362,"play_id":"7f188348-5b6c-439b-b62f-a5339cbaf59e","local_time":"20190711150526","is_ascension_mode":true,"campfire_choices":[{"data":"Dualcast","floor":6.0,"key":"SMITH"},{"data":"Recycle","floor":13.0,"key":"SMITH"},{"data":"Zap","floor":15.0,"key":"SMITH"}],"neow_cost":"TEN_PERCENT_HP_LOSS","seed_source_timestamp":7778949688049,"circlet_count":0,"master_deck":["AscendersBane","Strike_B","Strike_B","Strike_B","Defend_B","Defend_B","Defend_B","Defend_B+1","Zap+1","Dualcast+1","Electrodynamics","Coolheaded+1","Glacier","Recycle+1","Echo Form","Meteor Strike","Sunder","Creative AI"],"special_seed":0,"relics":["Cracked Core","War Paint","MawBank","Cursed Key","Red Mask"],"potions_floor_usage":[21],"damage_taken":[{"damage":0.0,"enemies":"2 Louse","floor":1.0,"turns":3.0},{"damage":1.0,"enemies":"Small Slimes","floor":2.0,"turns":3.0},{"damage":7.0,"enemies":"Jaw Worm","floor":4.0,"turns":4.0},{"damage":14.0,"enemies":"Exordium Wildlife","floor":7.0,"turns":4.0},{"damage":17.0,"enemies":"Lagavulin","floor":8.0,"turns":10.0},{"damage":1.0,"enemies":"Large Slime","floor":10.0,"turns":4.0},{"damage":0.0,"enemies":"Blue Slaver","floor":12.0,"turns":5.0},{"damage":8.0,"enemies":"Exordium Thugs","floor":14.0,"turns":3.0},{"damage":17.0,"enemies":"Slime Boss","floor":16.0,"turns":6.0},{"damage":22.0,"enemies":"2 Thieves","floor":18.0,"turns":4.0},{"damage":17.0,"enemies":"Masked Bandits","floor":19.0,"turns":3.0},{"damage":11,"enemies":"Spheric Guardian","floor":21,"turns":3}],"seed_played":"-7989704932392124287","potions_obtained":[{"floor":1.0,"key":"AttackPotion"},{"floor":2.0,"key":"EssenceOfSteel"},{"floor":7.0,"key":"Explosive Potion"},{"floor":16.0,"key":"GamblersBrew"},{"floor":18.0,"key":"Regen Potion"}],"is_trial":false,"path_per_floor":["M","M","?","M","?","R","M","E","T","M","T","M","R","M","R","B",null,"M","?","?","M"],"character_chosen":"DEFECT","items_purchased":[],"campfire_rested":0,"item_purchase_floors":[],"current_hp_per_floor":[64,63,52,45,64,64,50,33,33,32,32,32,32,24,24,7,50,28,11,11,9],"gold":606,"neow_bonus":"THREE_RARE_CARDS","is_prod":false,"is_daily":false,"chose_seed":false,"campfire_upgraded":3,"win_rate":0,"timestamp":1562828726,"path_taken":["M","M","?","M","?","R","M","E","T","M","?","?","R","M","R","BOSS","M","?","?","M"],"build_version":"2019-07-05","purchased_purges":0,"victory":false,"max_hp_per_floor":[64,64,64,64,64,64,64,64,64,64,64,64,64,64,64,64,64,64,64,64,64],"card_choices":[{"not_picked":["Rainbow","Echo Form"],"picked":"Electrodynamics","floor":0.0},{"not_picked":["Genetic Algorithm","Beam Cell"],"picked":"Coolheaded","floor":1.0},{"not_picked":["Lockon","Gash"],"picked":"Streamline","floor":2.0},{"not_picked":["Hologram","Sweeping Beam","Aggregate"],"picked":"SKIP","floor":4.0},{"not_picked":["Leap","Sunder"],"picked":"Glacier","floor":7.0},{"not_picked":["Consume","Loop"],"picked":"Recycle","floor":8.0},{"not_picked":["Coolheaded","Sweeping Beam"],"picked":"Echo Form","floor":10.0},{"not_picked":["Steam","Ball Lightning","Stack"],"picked":"SKIP","floor":12.0},{"not_picked":["Leap","White Noise","Double Energy"],"picked":"SKIP","floor":14.0},{"not_picked":["Amplify","Rainbow"],"picked":"Meteor Strike","floor":16.0},{"not_picked":["Steam+1","Go for the Eyes+1","Lockon"],"picked":"SKIP","floor":18.0}],"player_experience":1101318,"relics_obtained":[{"floor":8.0,"key":"War Paint"},{"floor":11.0,"key":"MawBank"},{"floor":19.0,"key":"Red Mask"}],"event_choices":[{"damage_healed":0.0,"max_hp_gain":0.0,"max_hp_loss":0.0,"gold_gain":75.0,"event_name":"World of Goop","player_choice":"Gather Gold","floor":3.0,"gold_loss":0.0,"damage_taken":11.0},{"damage_healed":21.0,"max_hp_gain":0.0,"max_hp_loss":0.0,"gold_gain":0.0,"event_name":"Big Fish","player_choice":"Banana","floor":5.0,"gold_loss":0.0,"damage_taken":0.0},{"damage_healed":0.0,"max_hp_gain":0.0,"max_hp_loss":0.0,"gold_gain":0.0,"event_name":"Masked Bandits","player_choice":"Fought Bandits","floor":19.0,"gold_loss":0.0,"damage_taken":0.0},{"damage_healed":0.0,"max_hp_gain":0.0,"max_hp_loss":0.0,"gold_gain":0.0,"cards_transformed":["Strike_B","Streamline"],"event_name":"Drug Dealer","player_choice":"Became Test Subject","floor":20.0,"gold_loss":0.0,"damage_taken":0.0,"cards_obtained":["Sunder","Creative AI"]}],"is_beta":false,"boss_relics":[{"not_picked":["Fusion Hammer","Velvet Choker"],"picked":"Cursed Key"}],"items_purged_floors":[],"is_endless":false,"potions_floor_spawned":[1,2,7,16,18],"killed_by":"Spheric Guardian","ascension_level":20}