{"gold_per_floor":[111,157,177,157,167,167,185,185,185,210,245,245,23,1,1,126,126,116,132,47,47,60,60,36,36,62,38,38,54,54,79,79,79],"floor_reached":33,"playtime":3126,"items_purged":["Injury"],"score":243,"play_id":"c4fc64d5-1b61-4953-91c2-a99545a29094","local_time":"20190728022557","is_ascension_mode":false,"campfire_choices":[{"data":"Tactician","floor":6,"key":"SMITH"},{"data":"Acrobatics","floor":8,"key":"SMITH"},{"floor":15,"key":"REST"},{"data":"Crippling Poison","floor":23,"key":"SMITH"},{"data":"Prepared","floor":28,"key":"SMITH"},{"floor":32,"key":"REST"}],"neow_cost":"NONE","seed_source_timestamp":107198286541470,"circlet_count":0,"master_deck":["Strike_G+1","Strike_G","Strike_G+1","Strike_G","Strike_G","Defend_G","Defend_G","Defend_G","Defend_G","Defend_G","Survivor","Neutralize","Underhanded Strike","Blur","Tactician+1","Acrobatics+1","Crippling Poison+1","Reflex+1","Writhe","Underhanded Strike+1","Dagger Throw+1","Prepared+1","Reflex","Necronomicurse"],"relics":["Ring of the Snake","Bronze Scales","Mercury Hourglass","Odd Mushroom","Whetstone","Golden Idol","Ancient Tea Set","Sozu","PreservedInsect","Molten Egg 2","Happy Flower","Necronomicon"],"potions_floor_usage":[1,1,1,1,3,5,7,10,11,16,16],"damage_taken":[{"damage":0,"enemies":"Cultist","floor":1,"turns":2},{"damage":0,"enemies":"Small Slimes","floor":3,"turns":2},{"damage":0,"enemies":"2 Louse","floor":5,"turns":2},{"damage":7,"enemies":"Large Slime","floor":7,"turns":7},{"damage":0,"enemies":"The Mushroom Lair","floor":10,"turns":3},{"damage":15,"enemies":"Gremlin Nob","floor":11,"turns":4},{"damage":17,"enemies":"Slime Boss","floor":16,"turns":11},{"damage":5,"enemies":"2 Thieves","floor":18,"turns":4},{"damage":0,"enemies":"3 Byrds","floor":19,"turns":3},{"damage":10,"enemies":"Snake Plant","floor":22,"turns":4},{"damage":3,"enemies":"Centurion and Healer","floor":29,"turns":3},{"damage":7,"enemies":"3 Cultists","floor":31,"turns":4},{"damage":75,"enemies":"Champ","floor":33,"turns":11}],"seed_played":"-2820411779368412075","potions_obtained":[{"floor":0,"key":"EntropicBrew"},{"floor":0,"key":"SteroidPotion"},{"floor":0,"key":"Poison Potion"},{"floor":3,"key":"AttackPotion"},{"floor":4,"key":"PowerPotion"},{"floor":5,"key":"Fruit Juice"},{"floor":7,"key":"Energy Potion"},{"floor":10,"key":"AttackPotion"},{"floor":11,"key":"Block Potion"}],"is_trial":false,"path_per_floor":["M","T","M","?","M","R","M","R","T","?","E","?","$","?","R","B",null,"M","M","?","?","M","R","$","$","T","$","R","M","?","M","R","B"],"character_chosen":"THE_SILENT","items_purchased":["Ancient Tea Set","Dagger Throw+1","Prepared"],"campfire_rested":2,"item_purchase_floors":[13,24,27],"current_hp_per_floor":[70,70,70,70,75,75,68,68,68,68,53,53,53,53,75,58,75,70,70,70,70,60,60,60,60,60,60,60,57,41,34,56,0],"gold":79,"neow_bonus":"THREE_SMALL_POTIONS","is_prod":false,"is_daily":false,"chose_seed":false,"campfire_upgraded":4,"win_rate":0.0,"timestamp":1564273557,"path_taken":["M","?","?","?","?","R","M","R","T","?","E","?","$","?","R","BOSS","M","M","?","?","M","R","?","$","T","$","R","M","?","M","R","BOSS"],"build_version":"2019-07-17","purchased_purges":1,"victory":false,"max_hp_per_floor":[70,70,70,70,75,75,75,75,75,75,75,75,75,75,75,75,75,75,75,75,75,75,75,75,75,75,75,75,75,75,75,75,75],"card_choices":[{"not_picked":["PiercingWail","Terror"],"picked":"Underhanded Strike","floor":1},{"not_picked":["Venomology","PiercingWail"],"picked":"Blur","floor":3},{"not_picked":["Quick Slash","Dash"],"picked":"Tactician","floor":5},{"not_picked":["Riddle With Holes","Prepared"],"picked":"Acrobatics","floor":7},{"not_picked":["Blur","Poisoned Stab"],"picked":"Crippling Poison","floor":10},{"not_picked":["Quick Slash","Blade Dance","Deadly Poison"],"picked":"SKIP","floor":11},{"not_picked":["Skewer","Flying Knee+1"],"picked":"Reflex+1","floor":18},{"not_picked":["Terror+1","Poisoned Stab+1","Outmaneuver"],"picked":"SKIP","floor":19},{"not_picked":["Crippling Poison","Choke+1"],"picked":"Underhanded Strike+1","floor":22},{"not_picked":["Deadly Poison","Dodge and Roll"],"picked":"Reflex","floor":29},{"not_picked":["Bane+1","Outmaneuver","Deadly Poison"],"picked":"SKIP","floor":31}],"player_experience":48522,"relics_obtained":[{"floor":2,"key":"Bronze Scales"},{"floor":9,"key":"Mercury Hourglass"},{"floor":10,"key":"Odd Mushroom"},{"floor":11,"key":"Whetstone"},{"floor":26,"key":"Happy Flower"},{"floor":30,"key":"Necronomicon"}],"event_choices":[{"damage_healed":0,"gold_gain":0,"player_choice":"Bought 1 Potion","damage_taken":0,"max_hp_gain":0,"max_hp_loss":0,"event_name":"The Woman in Blue","floor":4,"gold_loss":0},{"damage_healed":0,"gold_gain":0,"player_choice":"Fought Mushrooms","damage_taken":0,"max_hp_gain":0,"max_hp_loss":0,"event_name":"Mushrooms","floor":10,"gold_loss":0},{"damage_healed":0,"gold_gain":0,"player_choice":"Take Wound","damage_taken":0,"relics_obtained":["Golden Idol"],"max_hp_gain":0,"max_hp_loss":0,"event_name":"Golden Idol","floor":12,"gold_loss":0,"cards_obtained":["Injury"]},{"damage_healed":0,"gold_gain":0,"player_choice":"Left Gold","damage_taken":0,"max_hp_gain":0,"max_hp_loss":0,"event_name":"World of Goop","floor":14,"gold_loss":22},{"damage_healed":0,"gold_gain":0,"player_choice":"Obtained Relic","damage_taken":0,"relics_obtained":["PreservedInsect"],"max_hp_gain":0,"max_hp_loss":0,"event_name":"Addict","floor":20,"gold_loss":85},{"damage_healed":0,"gold_gain":0,"player_choice":"Opened","damage_taken":0,"relics_obtained":["Molten Egg 2"],"max_hp_gain":0,"max_hp_loss":0,"event_name":"The Mausoleum","floor":21,"gold_loss":0,"cards_obtained":["Writhe"]},{"damage_healed":0,"gold_gain":0,"player_choice":"Obtained Book","damage_taken":16,"max_hp_gain":0,"max_hp_loss":0,"event_name":"Cursed Tome","floor":30,"gold_loss":0}],"is_beta":false,"boss_relics":[{"not_picked":["WristBlade","Black Star"],"picked":"Sozu"}],"items_purged_floors":[13],"is_endless":false,"potions_floor_spawned":[3,5,7,10,11,19,29],"killed_by":"Champ","ascension_level":0}