{"gold_per_floor":[115,115,115,129,145,145,145,170,243,182,198,229,54,54,54,54],"floor_reached":16,"playtime":333,"items_purged":["Strike_G"],"score":216,"play_id":"a1c4548d-68c6-490b-92ab-2ca4846a20fb","local_time":"20190623212801","is_ascension_mode":true,"campfire_choices":[{"data":"Terror","floor":6,"key":"SMITH"},{"data":"Noxious Fumes","floor":15,"key":"SMITH"}],"neow_cost":"NONE","seed_source_timestamp":468735837114641,"circlet_count":0,"master_deck":["AscendersBane","Defend_G","Defend_G","Defend_G","Defend_G","Strike_G","Strike_G","Strike_G","Strike_G","Survivor","Neutralize","Terror+1","Flechettes+1","Escape Plan","Acrobatics","Noxious Fumes+1"],"special_seed":0,"relics":["Ring of the Snake","NeowsBlessing","Molten Egg 2","Question Card","Shuriken"],"potions_floor_usage":[16,16],"damage_taken":[{"damage":0.0,"enemies":"Small Slimes","floor":1.0,"turns":1.0},{"damage":0,"enemies":"2 Louse","floor":4,"turns":1},{"damage":0,"enemies":"Jaw Worm","floor":5,"turns":1},{"damage":39,"enemies":"Lagavulin","floor":8,"turns":10},{"damage":0,"enemies":"3 Louse","floor":11,"turns":4},{"damage":2,"enemies":"Gremlin Nob","floor":12,"turns":3},{"damage":1,"enemies":"Slime Boss","floor":16,"turns":6}],"seed_played":"-3136189492684629542","potions_obtained":[{"floor":1.0,"key":"Fire Potion"},{"floor":5,"key":"GamblersBrew"},{"floor":12,"key":"GhostInAJar"}],"is_trial":false,"path_per_floor":["M","?","?","M","M","R","T","E","T","?","M","E","$","?","R","B"],"character_chosen":"THE_SILENT","items_purchased":["Acrobatics","Noxious Fumes"],"campfire_rested":0,"item_purchase_floors":[13,13],"current_hp_per_floor":[59,59,59,59,59,59,59,20,20,20,20,18,18,18,18,17],"gold":54,"neow_bonus":"THREE_ENEMY_KILL","is_prod":false,"is_daily":false,"chose_seed":false,"campfire_upgraded":2,"win_rate":0,"timestamp":1561296481,"path_taken":["M","?","?","M","M","R","?","E","T","?","M","E","$","?","R","BOSS"],"build_version":"2019-01-23","purchased_purges":1,"victory":false,"max_hp_per_floor":[66,66,66,66,66,66,66,66,66,66,66,66,66,66,66,66],"card_choices":[{"not_picked":["Expertise","Finisher","Quick Slash"],"picked":"SKIP","floor":1.0},{"not_picked":["Flying Knee","Sucker Punch","Dodge and Roll"],"picked":"SKIP","floor":4},{"not_picked":["Quick Slash","Sucker Punch"],"picked":"Terror","floor":5},{"not_picked":["Calculated Gamble","Poisoned Stab+1"],"picked":"Flechettes+1","floor":8},{"not_picked":["Endless Agony+1","Poisoned Stab+1","PiercingWail"],"picked":"Escape Plan","floor":11},{"not_picked":["Concentrate","Accuracy","Slice+1","Flying Knee+1"],"picked":"SKIP","floor":12}],"player_experience":1014168,"relics_obtained":[{"floor":7,"key":"Molten Egg 2"},{"floor":8,"key":"Question Card"},{"floor":9,"key":"Shuriken"}],"event_choices":[{"cards_removed":["Defend_G"],"damage_healed":0,"gold_gain":0,"player_choice":"Forget","damage_taken":0,"max_hp_gain":0,"max_hp_loss":0,"event_name":"Living Wall","floor":2,"gold_loss":0},{"damage_healed":0,"gold_gain":0,"player_choice":"Ignored","damage_taken":0,"max_hp_gain":0,"max_hp_loss":0,"event_name":"Liars Game","floor":3,"gold_loss":0},{"damage_healed":0,"gold_gain":0,"player_choice":"Left Gold","damage_taken":0,"max_hp_gain":0,"max_hp_loss":0,"event_name":"World of Goop","floor":10,"gold_loss":61},{"damage_healed":0,"gold_gain":0,"player_choice":"Fled","damage_taken":0,"max_hp_gain":0,"max_hp_loss":0,"event_name":"Scrap Ooze","floor":14,"gold_loss":0}],"is_beta":false,"boss_relics":[],"items_purged_floors":[13],"is_endless":false,"potions_floor_spawned":[1,5,12],"killed_by":"Slime Boss","ascension_level":20}