{"gold_per_floor":[109,120,120,15,34,34,67,67,91,91,146,161,236,246,246,246],"floor_reached":16,"playtime":527,"items_purged":["Strike_B"],"score":220,"play_id":"ef0ffb96-f259-413e-8121-bde2d635ecdc","local_time":"20190618225012","is_ascension_mode":true,"campfire_choices":[{"floor":6.0,"key":"RECALL"},{"data":"Dualcast","floor":8.0,"key":"SMITH"},{"data":"Zap","floor":10.0,"key":"SMITH"},{"data":"Coolheaded","floor":15.0,"key":"SMITH"}],"neow_cost":"NONE","seed_source_timestamp":41269711423228,"circlet_count":0,"master_deck":["AscendersBane","Strike_B","Strike_B","Defend_B","Defend_B","Defend_B","Defend_B","Zap+1","Dualcast+1","Ball Lightning","Glacier","Seek","Coolheaded+1"],"special_seed":0,"relics":["Cursed Key","Omamori","Tiny Chest"],"potions_floor_usage":[16,16],"damage_taken":[{"damage":7.0,"enemies":"Small Slimes","floor":1.0,"turns":3.0},{"damage":0.0,"enemies":"Cultist","floor":2.0,"turns":3.0},{"damage":2.0,"enemies":"Jaw Worm","floor":5.0,"turns":3.0},{"damage":8.0,"enemies":"Gremlin Nob","floor":7.0,"turns":3.0},{"damage":9.0,"enemies":"Lagavulin","floor":11.0,"turns":8.0},{"damage":0.0,"enemies":"Blue Slaver","floor":12.0,"turns":3.0},{"damage":0.0,"enemies":"Exordium Thugs","floor":14.0,"turns":4.0},{"damage":22,"enemies":"Hexaghost","floor":16,"turns":10}],"seed_played":"-2007610695230041099","potions_obtained":[{"floor":1.0,"key":"AttackPotion"},{"floor":7.0,"key":"Poison Potion"},{"floor":12.0,"key":"FocusPotion"}],"is_trial":false,"path_per_floor":["M","M","?","$","M","R","E","R","T","R","E","M","?","M","R","B"],"character_chosen":"DEFECT","items_purchased":["Ball Lightning"],"campfire_rested":0,"item_purchase_floors":[4],"current_hp_per_floor":[57,57,50,50,48,48,40,40,40,40,31,31,20,20,20,0],"gold":246,"neow_bonus":"BOSS_RELIC","is_prod":false,"is_daily":false,"chose_seed":false,"campfire_upgraded":3,"win_rate":0,"timestamp":1560869412,"path_taken":["M","M","?","$","M","R","E","R","T","R","E","M","?","M","R","BOSS"],"build_version":"2019-01-23","purchased_purges":1,"victory":false,"max_hp_per_floor":[71,71,71,71,71,71,71,71,71,71,71,71,71,71,71,71],"card_choices":[{"not_picked":["Force Field","Compile Driver","Leap"],"picked":"SKIP","floor":1.0},{"not_picked":["Barrage","Rebound","Compile Driver"],"picked":"SKIP","floor":2.0},{"not_picked":["Genetic Algorithm","Rip and Tear","Ball Lightning"],"picked":"SKIP","floor":5.0},{"not_picked":["Conserve Battery","Stack"],"picked":"Glacier","floor":7.0},{"not_picked":["Buffer","FTL"],"picked":"Seek","floor":11.0},{"not_picked":["Conserve Battery","Redo","Reprogram"],"picked":"SKIP","floor":12.0},{"not_picked":["Stack","Steam"],"picked":"Coolheaded","floor":14.0}],"player_experience":967760,"relics_obtained":[{"floor":7.0,"key":"Omamori"},{"floor":11.0,"key":"Tiny Chest"}],"event_choices":[{"cards_removed":["Strike_B"],"damage_healed":0.0,"max_hp_gain":0.0,"max_hp_loss":0.0,"gold_gain":0.0,"event_name":"Golden Wing","player_choice":"Card Removal","floor":3.0,"gold_loss":0.0,"damage_taken":7.0},{"damage_healed":0.0,"max_hp_gain":0.0,"max_hp_loss":0.0,"gold_gain":75.0,"event_name":"World of Goop","player_choice":"Gather Gold","floor":13.0,"gold_loss":0.0,"damage_taken":11.0}],"is_beta":false,"boss_relics":[],"items_purged_floors":[4],"is_endless":false,"potions_floor_spawned":[1,7,12,14],"killed_by":"Hexaghost","ascension_level":20}