{"gold_per_floor":[110,127,142,142,67,67,95,95,95,95,109,41,58,93,93,193,193,206,223,223,243,243,243,258,258],"floor_reached":25,"playtime":1766,"items_purged":["Defend_R"],"score":316,"play_id":"56571052-a9a8-473f-b981-8967433367fd","local_time":"20190516145951","is_ascension_mode":true,"campfire_choices":[{"data":"Shrug It Off","floor":6,"key":"SMITH"},{"data":"Berserk","floor":8,"key":"SMITH"},{"data":"Armaments","floor":15,"key":"SMITH"},{"floor":23,"key":"REST"}],"neow_cost":"TEN_PERCENT_HP_LOSS","seed_source_timestamp":82979308516200,"circlet_count":0,"master_deck":["Strike_R","Strike_R","Strike_R","Strike_R","Pommel Strike","Shrug It Off+1","Perfected Strike","Searing Blow","Armaments+1","Double Tap","Offering+1","Combust+1","Second Wind+1","Flame Barrier+1","Spot Weakness+1","Rampage","Warcry+1"],"relics":["Burning Blood","Gremlin Horn","Bottled Flame","Toxic Egg 2","Astrolabe"],"potions_floor_usage":[16,18],"damage_taken":[{"damage":11,"enemies":"Cultist","floor":1,"turns":4},{"damage":7,"enemies":"2 Louse","floor":2,"turns":3},{"damage":9,"enemies":"Small Slimes","floor":3,"turns":4},{"damage":15,"enemies":"3 Sentries","floor":7,"turns":7},{"damage":7,"enemies":"Gremlin Gang","floor":11,"turns":3},{"damage":8,"enemies":"Blue Slaver","floor":13,"turns":2},{"damage":32,"enemies":"Gremlin Nob","floor":14,"turns":4},{"damage":6,"enemies":"Slime Boss","floor":16,"turns":4},{"damage":21,"enemies":"Shell Parasite","floor":18,"turns":4},{"damage":9,"enemies":"Chosen","floor":19,"turns":6},{"damage":33,"enemies":"Centurion and Healer","floor":21,"turns":5},{"damage":41,"enemies":"Snecko","floor":24,"turns":6},{"damage":14,"enemies":"Snake Plant","floor":25,"turns":2}],"seed_played":"-2394319441977184890","potions_obtained":[{"floor":11,"key":"LiquidBronze"},{"floor":13,"key":"Swift Potion"},{"floor":14,"key":"Fire Potion"},{"floor":19,"key":"LiquidBronze"},{"floor":24,"key":"EntropicBrew"}],"is_trial":false,"path_per_floor":["M","M","M","?","$","R","E","R","T","?","M","$","M","E","R","B",null,"M","M","?","M","?","R","M","M"],"character_chosen":"IRONCLAD","items_purchased":["Double Tap"],"campfire_rested":1,"item_purchase_floors":[12],"current_hp_per_floor":[67,66,63,68,68,68,59,59,59,59,58,58,56,30,30,30,77,62,59,59,32,18,42,7,0],"gold":258,"neow_bonus":"REMOVE_TWO","is_prod":false,"is_daily":false,"chose_seed":false,"campfire_upgraded":3,"win_rate":0,"timestamp":1558043991,"path_taken":["M","?","M","?","$","R","E","R","T","?","M","$","M","E","R","BOSS","M","?","?","?","?","R","M","M"],"build_version":"2019-01-23","purchased_purges":1,"victory":false,"max_hp_per_floor":[72,72,72,77,77,77,77,77,77,77,77,77,77,77,77,77,77,77,77,77,77,82,82,82,82],"card_choices":[{"not_picked":["Warcry","Armaments"],"picked":"Pommel Strike","floor":1},{"not_picked":["Iron Wave","Havoc"],"picked":"Shrug It Off","floor":2},{"not_picked":["Havoc","Power Through"],"picked":"Perfected Strike","floor":3},{"not_picked":["Ghostly Armor","Infernal Blade"],"picked":"Berserk","floor":7},{"not_picked":["Reckless Charge","Wild Strike"],"picked":"Armaments","floor":11},{"not_picked":["Clothesline","Sword Boomerang","Dropkick"],"picked":"SKIP","floor":13},{"not_picked":["Anger","Warcry"],"picked":"Offering","floor":14},{"not_picked":["Body Slam+1","Whirlwind+1"],"picked":"Spot Weakness+1","floor":18},{"not_picked":["True Grit+1","Thunderclap","Hemokinesis"],"picked":"SKIP","floor":19},{"not_picked":["Ghostly Armor+1","Clothesline"],"picked":"Rampage","floor":21},{"not_picked":["Twin Strike","Heavy Blade"],"picked":"Warcry+1","floor":24}],"player_experience":505484,"relics_obtained":[{"floor":7,"key":"Gremlin Horn"},{"floor":9,"key":"Bottled Flame"},{"floor":14,"key":"Toxic Egg 2"}],"event_choices":[{"damage_healed":0,"gold_gain":0,"player_choice":"Donut","damage_taken":0,"max_hp_gain":5,"max_hp_loss":0,"event_name":"Big Fish","floor":4,"gold_loss":0},{"damage_healed":0,"gold_gain":0,"cards_transformed":["Defend_R"],"player_choice":"Transformed","damage_taken":0,"max_hp_gain":0,"max_hp_loss":0,"event_name":"Transmorgrifier","floor":10,"gold_loss":0,"cards_obtained":["Searing Blow"]},{"damage_healed":0,"gold_gain":0,"player_choice":"Ignored","damage_taken":0,"max_hp_gain":0,"max_hp_loss":0,"event_name":"Duplicator","floor":20,"gold_loss":0},{"damage_healed":0,"gold_gain":0,"player_choice":"Shed Blood","damage_taken":19,"max_hp_gain":5,"max_hp_loss":0,"event_name":"Forgotten Altar","floor":22,"gold_loss":0}],"is_beta":false,"boss_relics":[{"not_picked":["Velvet Choker","Calling Bell"],"picked":"Astrolabe"}],"items_purged_floors":[5],"is_endless":false,"potions_floor_spawned":[11,13,14,19,24],"killed_by":"Snake Plant","ascension_level":4}