{"gold_per_floor":[112,112,112,124,44,79,79,79,79,79,97,97,110,130,130,251,251,225,150,150,150,174,174,174,174,200,200,200,216,235,254,254,254],"floor_reached":33,"playtime":1029,"items_purged":["Strike_B"],"score":270,"play_id":"006b8aaf-50ed-4f28-85f7-68df14f29e2a","local_time":"20190520193212","is_ascension_mode":false,"campfire_choices":[{"data":"Consume","floor":8.0,"key":"SMITH"},{"data":"Streamline","floor":10.0,"key":"SMITH"},{"data":"Defragment","floor":12.0,"key":"SMITH"},{"data":"Coolheaded","floor":15.0,"key":"SMITH"},{"data":"Capacitor","floor":23.0,"key":"SMITH"},{"data":"Zap","floor":25.0,"key":"SMITH"},{"data":"Dualcast","floor":28.0,"key":"SMITH"},{"data":"Double Energy","floor":32,"key":"SMITH"}],"neow_cost":"NONE","seed_source_timestamp":331556902090781,"circlet_count":0,"master_deck":["Strike_B","Strike_B","Defend_B","Defend_B","Defend_B","Defend_B","Zap+1","Dualcast+1","Streamline+1","Capacitor+1","Consume+1","Defragment+1","Coolheaded+1","Double Energy+1","Reboot+1","Double Energy","Gash+1"],"special_seed":0,"relics":["Cracked Core","NeowsBlessing","Omamori","Bloody Idol","Shuriken","Runic Pyramid","Anchor","Centennial Puzzle"],"potions_floor_usage":[],"damage_taken":[{"damage":0.0,"enemies":"Jaw Worm","floor":1.0,"turns":1.0},{"damage":0.0,"enemies":"Small Slimes","floor":4.0,"turns":1.0},{"damage":0.0,"enemies":"3 Sentries","floor":6.0,"turns":1.0},{"damage":1.0,"enemies":"Cultist","floor":11.0,"turns":3.0},{"damage":14.0,"enemies":"3 Louse","floor":13.0,"turns":3.0},{"damage":7.0,"enemies":"2 Fungi Beasts","floor":14.0,"turns":5.0},{"damage":42.0,"enemies":"Slime Boss","floor":16.0,"turns":21.0},{"damage":30.0,"enemies":"2 Thieves","floor":18.0,"turns":5.0},{"damage":15.0,"enemies":"Spheric Guardian","floor":22.0,"turns":5.0},{"damage":14.0,"enemies":"3 Cultists","floor":29.0,"turns":6.0},{"damage":0,"enemies":"Centurion and Healer","floor":30,"turns":6},{"damage":2,"enemies":"Shelled Parasite and Fungi","floor":31,"turns":6},{"damage":31,"enemies":"Champ","floor":33,"turns":3}],"seed_played":"-3390505004743166921","potions_obtained":[{"floor":4.0,"key":"FocusPotion"},{"floor":6.0,"key":"FearPotion"},{"floor":11.0,"key":"SpeedPotion"},{"floor":30,"key":"Fire Potion"}],"is_trial":false,"path_per_floor":["M","?","?","M","$","E","?","R","T","R","M","R","M","M","R","B",null,"M","$","?","?","M","R","?","R","T","?","R","M","M","M","R","B"],"character_chosen":"DEFECT","items_purchased":["Capacitor"],"campfire_rested":0,"item_purchase_floors":[5],"current_hp_per_floor":[75,68,68,68,68,68,68,68,68,68,67,67,53,46,46,4,69,39,39,39,39,24,24,24,24,29,29,29,20,25,28,28,0],"gold":254,"neow_bonus":"THREE_ENEMY_KILL","is_prod":false,"is_daily":false,"chose_seed":false,"campfire_upgraded":8,"win_rate":0,"timestamp":1558351932,"path_taken":["M","?","?","?","$","E","?","R","T","R","M","R","M","M","R","BOSS","M","$","?","?","M","R","?","R","T","?","R","M","?","M","R","BOSS"],"build_version":"2019-01-23","purchased_purges":1,"victory":false,"max_hp_per_floor":[75,75,75,75,75,75,69,69,69,69,69,69,69,69,69,69,69,69,69,69,69,69,69,69,69,69,69,69,69,69,69,69,69],"card_choices":[{"not_picked":["Barrage","Sweeping Beam","Rebound"],"picked":"SKIP","floor":1.0},{"not_picked":["Self Repair","BootSequence"],"picked":"Streamline","floor":4.0},{"not_picked":["Aggregate","Beam Cell"],"picked":"Consume","floor":6.0},{"not_picked":["Conserve Battery","Recycle"],"picked":"Defragment","floor":11.0},{"not_picked":["Ball Lightning","Turbo"],"picked":"Coolheaded","floor":13.0},{"not_picked":["Cold Snap","Go for the Eyes"],"picked":"Double Energy","floor":14.0},{"not_picked":["All For One","Rainbow"],"picked":"Reboot","floor":16.0},{"not_picked":["Auto Shields","Sweeping Beam","Leap"],"picked":"SKIP","floor":18.0},{"not_picked":["Scrape","Cold Snap+1","Hologram"],"picked":"SKIP","floor":22.0},{"not_picked":["Hello World","Compile Driver+1"],"picked":"Double Energy","floor":29.0},{"not_picked":["Thunder Strike","Storm"],"picked":"Gash+1","floor":30},{"not_picked":["Coolheaded","Auto Shields+1","Ball Lightning+1"],"picked":"SKIP","floor":31}],"player_experience":906125,"relics_obtained":[{"floor":6.0,"key":"Omamori"},{"floor":9.0,"key":"Shuriken"},{"floor":26.0,"key":"Centennial Puzzle"}],"event_choices":[{"cards_removed":["Strike_B"],"damage_healed":0.0,"max_hp_gain":0.0,"max_hp_loss":0.0,"gold_gain":0.0,"event_name":"Golden Wing","player_choice":"Card Removal","floor":2.0,"gold_loss":0.0,"damage_taken":7.0},{"damage_healed":0.0,"max_hp_gain":0.0,"max_hp_loss":0.0,"gold_gain":0.0,"event_name":"The Woman in Blue","player_choice":"Bought 0 Potions","floor":3.0,"gold_loss":0.0,"damage_taken":0.0},{"damage_healed":0.0,"max_hp_gain":0.0,"max_hp_loss":6.0,"gold_gain":0.0,"event_name":"Golden Idol","player_choice":"Lose Max HP","floor":7.0,"gold_loss":0.0,"damage_taken":0.0,"relics_obtained":["Golden Idol"]},{"damage_healed":0.0,"max_hp_gain":0.0,"max_hp_loss":0.0,"gold_gain":0.0,"event_name":"Addict","player_choice":"Stole Relic","floor":20.0,"gold_loss":0.0,"damage_taken":0.0,"relics_obtained":["Anchor"],"cards_obtained":["Shame"]},{"damage_healed":0.0,"max_hp_gain":0.0,"max_hp_loss":0.0,"gold_gain":0.0,"event_name":"Vampires","player_choice":"Ignored","floor":21.0,"gold_loss":0.0,"damage_taken":0.0},{"damage_healed":0.0,"max_hp_gain":0.0,"max_hp_loss":0.0,"gold_gain":0.0,"event_name":"Forgotten Altar","player_choice":"Gave Idol","floor":24.0,"relics_lost":["Golden Idol"],"gold_loss":0.0,"damage_taken":0.0,"relics_obtained":["Bloody Idol"]},{"damage_healed":0.0,"max_hp_gain":0.0,"max_hp_loss":0.0,"gold_gain":0.0,"event_name":"Upgrade Shrine","player_choice":"Upgraded","floor":27.0,"gold_loss":0.0,"damage_taken":0.0,"cards_upgraded":["Reboot"]}],"is_beta":false,"boss_relics":[{"not_picked":["Philosopher\u0027s Stone","Sozu"],"picked":"Runic Pyramid"}],"items_purged_floors":[19],"is_endless":false,"potions_floor_spawned":[4,6,11,30],"killed_by":"Champ","ascension_level":0}