{"gold_per_floor":[115,290,290,314,314,352,352,371,398,33,33,33,56,75,75,196,196,209,209,225,250,250,250,269,269,269,269,337,357,106,129,129,249,249,270,284,302,0,0],"floor_reached":39,"playtime":2939,"items_purged":["Strike_R"],"score":420,"play_id":"ae101ca7-3f67-46ae-90ca-b5dcbc6d51ce","local_time":"20190103021251","is_ascension_mode":true,"campfire_choices":[{"floor":7,"key":"REST"},{"data":"True Grit","floor":12,"key":"SMITH"},{"floor":15,"key":"REST"},{"floor":23,"key":"REST"},{"data":"Dark Embrace","floor":25,"key":"SMITH"},{"data":"Shrug It Off","floor":27,"key":"SMITH"},{"floor":32,"key":"REST"}],"neow_cost":"NONE","seed_source_timestamp":224330413116651,"circlet_count":0,"master_deck":["Strike_R+1","Defend_R","Defend_R+1","Defend_R+1","Bash","True Grit+1","Heavy Blade+1","Anger","Shrug It Off+1","Reaper","Reaper","Impervious","Feel No Pain+1","Anger+1","Bloodletting+1","Warcry+1","Wild Strike+1","Reckless Charge+1","Dark Embrace+1","Body Slam+1","Shrug It Off+1","Searing Blow","True Grit","Uppercut+1","Barricade","Armaments","Rupture+1","Dual Wield","Shrug It Off"],"relics":["Burning Blood","Golden Idol","Spirit Poop","Regal Pillow","Whetstone","Pen Nib","Astrolabe","Matryoshka","Mercury Hourglass","Ornamental Fan","Bag of Marbles","Runic Pyramid","Gremlin Horn"],"potions_floor_usage":[16,18,21,21,21,24,39],"damage_taken":[{"damage":9,"enemies":"Jaw Worm","floor":1,"turns":3},{"damage":10,"enemies":"2 Louse","floor":4,"turns":3},{"damage":44,"enemies":"3 Sentries","floor":6,"turns":11},{"damage":0,"enemies":"Cultist","floor":8,"turns":3},{"damage":14,"enemies":"3 Louse","floor":13,"turns":4},{"damage":18,"enemies":"Blue Slaver","floor":14,"turns":3},{"damage":46,"enemies":"The Guardian","floor":16,"turns":13},{"damage":41,"enemies":"Spheric Guardian","floor":18,"turns":6},{"damage":47,"enemies":"Shell Parasite","floor":20,"turns":6},{"damage":23,"enemies":"Centurion and Healer","floor":21,"turns":6},{"damage":16,"enemies":"Snecko","floor":24,"turns":5},{"damage":22,"enemies":"Sentry and Sphere","floor":29,"turns":5},{"damage":29,"enemies":"Cultist and Chosen","floor":31,"turns":9},{"damage":18,"enemies":"Automaton","floor":33,"turns":11},{"damage":14,"enemies":"Orb Walker","floor":35,"turns":4},{"damage":34,"enemies":"3 Darklings","floor":36,"turns":5},{"damage":27,"enemies":"Jaw Worm Horde","floor":37,"turns":5},{"damage":74,"enemies":"Writhing Mass","floor":39,"turns":6}],"seed_played":"-5934664975537136712","potions_obtained":[{"floor":1,"key":"Poison Potion"},{"floor":6,"key":"EssenceOfSteel"},{"floor":8,"key":"FearPotion"},{"floor":18,"key":"GamblersBrew"},{"floor":20,"key":"Weak Potion"},{"floor":21,"key":"Ancient Potion"},{"floor":37,"key":"Ancient Potion"}],"is_trial":false,"path_per_floor":["M","?","?","M","?","E","R","M","T","$","?","R","M","M","R","B",null,"M","?","M","M","?","R","M","R","T","R","T","M","$","M","R","B",null,"M","M","M","$","M"],"character_chosen":"IRONCLAD","items_purchased":["Reaper","Pen Nib","Searing Blow","Bag of Marbles","True Grit","Gremlin Horn","Shrug It Off"],"campfire_rested":4,"item_purchase_floors":[10,10,30,30,30,38,38],"current_hp_per_floor":[85,85,63,59,59,21,62,68,68,68,50,50,54,46,87,53,88,53,53,28,23,23,64,54,54,54,54,54,38,38,35,76,76,88,80,64,67,67,0],"gold":0,"neow_bonus":"TEN_PERCENT_HP_BONUS","is_prod":false,"is_daily":false,"chose_seed":false,"campfire_upgraded":3,"win_rate":0,"timestamp":1546441971,"path_taken":["M","?","?","M","?","E","R","?","T","$","?","R","M","M","R","BOSS","M","?","M","M","?","R","?","R","T","R","?","M","$","M","R","BOSS","M","M","M","$","M"],"build_version":"2018-12-20","purchased_purges":1,"victory":false,"max_hp_per_floor":[88,88,88,88,88,88,88,88,88,88,88,88,88,88,88,88,88,88,88,88,88,88,88,88,88,88,88,88,88,88,88,88,88,88,88,88,88,88,88],"card_choices":[{"not_picked":["Pummel","Wild Strike"],"picked":"True Grit","floor":1},{"not_picked":["Seeing Red","Flex"],"picked":"Heavy Blade","floor":4},{"not_picked":["Power Through","Headbutt"],"picked":"Anger","floor":6},{"not_picked":["Cleave","Twin Strike"],"picked":"Shrug It Off","floor":8},{"not_picked":["Perfected Strike","Thunderclap","Iron Wave"],"picked":"SKIP","floor":13},{"not_picked":["Flex","Thunderclap"],"picked":"Reaper","floor":14},{"not_picked":["Dark Embrace","Fiend Fire"],"picked":"Impervious","floor":16},{"not_picked":["True Grit+1","Seeing Red"],"picked":"Warcry+1","floor":18},{"not_picked":["Carnage","Heavy Blade"],"picked":"Wild Strike+1","floor":20},{"not_picked":["Sword Boomerang","Combust+1"],"picked":"Reckless Charge+1","floor":21},{"not_picked":["Rage","Corruption"],"picked":"Body Slam+1","floor":24},{"not_picked":["Havoc","Fire Breathing+1"],"picked":"Shrug It Off+1","floor":29},{"not_picked":["Wild Strike","Dual Wield"],"picked":"Uppercut+1","floor":31},{"not_picked":["Double Tap","Fiend Fire"],"picked":"Barricade","floor":33},{"not_picked":["Headbutt+1","Body Slam+1"],"picked":"Armaments","floor":35},{"not_picked":["Evolve+1","Shrug It Off"],"picked":"Rupture+1","floor":36},{"not_picked":["Clash","Havoc"],"picked":"Dual Wield","floor":37}],"player_experience":390526,"relics_obtained":[{"floor":6,"key":"Regal Pillow"},{"floor":9,"key":"Whetstone"},{"floor":26,"key":"Matryoshka"},{"floor":28,"key":"Mercury Hourglass"},{"floor":28,"key":"Ornamental Fan"}],"event_choices":[{"damage_healed":0,"gold_gain":175,"player_choice":"AGREE","damage_taken":0,"max_hp_gain":0,"max_hp_loss":0,"event_name":"Liars Game","floor":2,"gold_loss":0,"cards_obtained":["Doubt"]},{"damage_healed":0,"gold_gain":0,"player_choice":"Take Damage","damage_taken":22,"relics_obtained":["Golden Idol"],"max_hp_gain":0,"max_hp_loss":0,"event_name":"Golden Idol","floor":3,"gold_loss":0},{"cards_removed":["Doubt"],"damage_healed":0,"gold_gain":0,"player_choice":"Offered Curse","damage_taken":0,"relics_obtained":["Spirit Poop"],"max_hp_gain":0,"max_hp_loss":0,"event_name":"Bonfire Elementals","floor":5,"gold_loss":0},{"damage_healed":0,"gold_gain":0,"player_choice":"Entered Light","damage_taken":18,"max_hp_gain":0,"max_hp_loss":0,"event_name":"Shining Light","floor":11,"gold_loss":0,"cards_upgraded":["Defend_R","Defend_R"]},{"damage_healed":0,"gold_gain":0,"player_choice":"Ignored","damage_taken":0,"max_hp_gain":0,"max_hp_loss":0,"event_name":"Ghosts","floor":19,"gold_loss":0},{"damage_healed":0,"gold_gain":0,"cards_transformed":["Strike_R"],"player_choice":"Transformed","damage_taken":0,"max_hp_gain":0,"max_hp_loss":0,"event_name":"Transmorgrifier","floor":22,"gold_loss":0,"cards_obtained":["Dark Embrace"]}],"is_beta":false,"boss_relics":[{"not_picked":["Sozu","Fusion Hammer"],"picked":"Astrolabe"},{"not_picked":["Coffee Dripper","White Beast Statue"],"picked":"Runic Pyramid"}],"items_purged_floors":[10],"is_endless":false,"potions_floor_spawned":[1,6,8,18,20,21,37],"killed_by":"Writhing Mass","ascension_level":2}