{"gold_per_floor":[117,392,403,413,45,45,72,72,72,72,88,88,118,128,128,200,250,266,85,97,112,112],"floor_reached":22,"playtime":1632,"items_purged":["Regret"],"score":372,"play_id":"dd9e73f4-36e4-4833-bf08-65e3cbf6e912","local_time":"20190305220635","is_ascension_mode":true,"campfire_choices":[{"data":"Cleave","floor":6.0,"key":"SMITH"},{"data":"True Grit","floor":8.0,"key":"SMITH"},{"floor":12.0,"key":"REST"},{"floor":15.0,"key":"REST"}],"neow_cost":"NONE","seed_source_timestamp":8623580046176,"circlet_count":0,"master_deck":["AscendersBane","Strike_R","Strike_R","Strike_R","Strike_R","Defend_R","Defend_R","Defend_R","Defend_R","Bash","Cleave+1","Headbutt","Iron Wave","True Grit+1","Twin Strike+1","Warcry","Feel No Pain","Thunderclap","Limit Break","Armaments","Iron Wave+1","Entrench","Juggernaut","Bloodletting+1","Barricade"],"special_seed":0,"relics":["Burning Blood","NeowsBlessing","Membership Card","Lantern","Dead Branch","Paper Frog","Du-Vu Doll","Tiny House","PreservedInsect"],"potions_floor_usage":[],"damage_taken":[{"damage":0.0,"enemies":"Small Slimes","floor":1.0,"turns":1.0},{"damage":0.0,"enemies":"Cultist","floor":3.0,"turns":1.0},{"damage":0.0,"enemies":"2 Louse","floor":4.0,"turns":1.0},{"damage":20.0,"enemies":"3 Sentries","floor":7.0,"turns":6.0},{"damage":17.0,"enemies":"Gremlin Gang","floor":11.0,"turns":6.0},{"damage":12.0,"enemies":"Gremlin Nob","floor":13.0,"turns":3.0},{"damage":4.0,"enemies":"3 Louse","floor":14.0,"turns":2.0},{"damage":50.0,"enemies":"The Guardian","floor":16.0,"turns":11.0},{"damage":44.0,"enemies":"Spheric Guardian","floor":18.0,"turns":8.0},{"damage":24.0,"enemies":"Shell Parasite","floor":20.0,"turns":4.0},{"damage":23.0,"enemies":"Centurion and Healer","floor":21.0,"turns":8.0},{"damage":18,"enemies":"Colosseum Slavers","floor":22,"turns":1}],"seed_played":"-5826812465565247951","potions_obtained":[{"floor":1.0,"key":"Energy Potion"},{"floor":4.0,"key":"GamblersBrew"},{"floor":7.0,"key":"Weak Potion"},{"floor":11.0,"key":"Block Potion"},{"floor":14.0,"key":"PowerPotion"},{"floor":17.0,"key":"Regen Potion"}],"is_trial":false,"path_per_floor":["M","?","M","M","$","R","E","R","T","?","M","R","E","M","R","B",null,"M","$","M","M","?"],"character_chosen":"IRONCLAD","items_purchased":["Membership Card","Lantern","Entrench","PreservedInsect","Juggernaut"],"campfire_rested":2,"item_purchase_floors":[5,5,19,19,19],"current_hp_per_floor":[74,74,75,75,75,75,61,61,61,61,50,72,66,68,75,31,69,46,46,28,11,0],"gold":112,"neow_bonus":"THREE_ENEMY_KILL","is_prod":false,"is_daily":false,"chose_seed":false,"campfire_upgraded":2,"win_rate":0,"timestamp":1551783995,"path_taken":["M","?","M","?","$","R","E","R","T","?","?","R","E","M","R","BOSS","M","$","M","M","?"],"build_version":"2019-01-23","purchased_purges":1,"victory":false,"max_hp_per_floor":[75,75,75,75,75,75,75,75,75,75,75,75,75,75,75,75,80,80,80,80,80,80],"card_choices":[{"not_picked":["Dropkick","Havoc"],"picked":"Cleave","floor":1.0},{"not_picked":["Thunderclap","Wild Strike"],"picked":"Headbutt","floor":3.0},{"not_picked":["Second Wind","Rupture"],"picked":"Iron Wave","floor":4.0},{"not_picked":["Berserk","Iron Wave"],"picked":"True Grit","floor":7.0},{"not_picked":["Havoc","Pummel"],"picked":"Warcry","floor":11.0},{"not_picked":["Headbutt","Clash"],"picked":"Feel No Pain","floor":13.0},{"not_picked":["Sword Boomerang","Clash"],"picked":"Thunderclap","floor":14.0},{"not_picked":["Feed","Demon Form"],"picked":"Limit Break","floor":16.0},{"not_picked":["Heavy Blade","Iron Wave"],"picked":"Armaments","floor":17.0},{"not_picked":["Heavy Blade","Sever Soul"],"picked":"Iron Wave+1","floor":18.0},{"not_picked":["Thunderclap+1","Twin Strike"],"picked":"Bloodletting+1","floor":20.0},{"not_picked":["Metallicize","Pummel"],"picked":"Barricade","floor":21.0}],"player_experience":803321,"relics_obtained":[{"floor":7.0,"key":"Dead Branch"},{"floor":9.0,"key":"Paper Frog"},{"floor":13.0,"key":"Du-Vu Doll"}],"event_choices":[{"damage_healed":0.0,"max_hp_gain":0.0,"max_hp_loss":0.0,"gold_gain":275.0,"event_name":"Golden Shrine","player_choice":"Desecrate","floor":2.0,"gold_loss":0.0,"damage_taken":0.0,"cards_obtained":["Regret"]},{"damage_healed":0.0,"max_hp_gain":0.0,"max_hp_loss":0.0,"gold_gain":0.0,"cards_transformed":["Strike_R"],"event_name":"Transmorgrifier","player_choice":"Transformed","floor":10.0,"gold_loss":0.0,"damage_taken":0.0,"cards_obtained":["Twin Strike"]},{"damage_healed":0,"gold_gain":0,"player_choice":"Fight","damage_taken":0,"max_hp_gain":0,"max_hp_loss":0,"event_name":"Colosseum","floor":22,"gold_loss":0}],"is_beta":false,"boss_relics":[{"not_picked":["Calling Bell","Philosopher\u0027s Stone"],"picked":"Tiny House"}],"items_purged_floors":[5],"is_endless":false,"potions_floor_spawned":[1,4,7,11,14],"killed_by":"Colosseum Slavers","ascension_level":18}