{"gold_per_floor":[365,106,106,121,139,139,149,149,149,162,162,174,203,153,153,255,255,272,272,187,187,187,221,221,127,151,151,151,161,161,171,171,270,270,288,303,303,322,259,290,290,215,239,249,249,263,263,336,336,336],"floor_reached":51,"playtime":1209,"items_purged":["Strike_R","Strike_R","Strike_R","Defend_R"],"score":845,"play_id":"0d753954-1bff-43f9-ab2c-f9d6913707e7","local_time":"20190520142059","is_ascension_mode":false,"campfire_choices":[{"data":"Armaments","floor":6.0,"key":"SMITH"},{"data":"Searing Blow","floor":8.0,"key":"SMITH"},{"data":"Searing Blow+1","floor":11.0,"key":"SMITH"},{"data":"Searing Blow+2","floor":15.0,"key":"SMITH"},{"data":"Searing Blow+3","floor":24.0,"key":"SMITH"},{"floor":28.0,"key":"REST"},{"data":"Searing Blow+4","floor":30.0,"key":"SMITH"},{"data":"Searing Blow+5","floor":32.0,"key":"SMITH"},{"data":"Searing Blow+6","floor":45.0,"key":"SMITH"},{"data":"Searing Blow+7","floor":49.0,"key":"SMITH"}],"neow_cost":"TEN_PERCENT_HP_LOSS","seed_source_timestamp":312302937721440,"circlet_count":0,"master_deck":["Defend_R","Defend_R","Defend_R+1","Bash","Flex","Searing Blow+8","Double Tap+1","Offering"],"special_seed":0,"relics":["Burning Blood","Membership Card","Molten Egg 2","Lantern","Lizard Tail","Ancient Tea Set","Happy Flower","Tiny Chest","PreservedInsect","Coffee Dripper","Dream Catcher","War Paint","Bottled Lightning"],"potions_floor_usage":[50,50,50],"damage_taken":[{"damage":10.0,"enemies":"Cultist","floor":1.0,"turns":4.0},{"damage":6.0,"enemies":"Jaw Worm","floor":4.0,"turns":3.0},{"damage":4.0,"enemies":"2 Louse","floor":5.0,"turns":3.0},{"damage":10.0,"enemies":"Looter","floor":7.0,"turns":4.0},{"damage":0.0,"enemies":"3 Louse","floor":10.0,"turns":3.0},{"damage":13.0,"enemies":"Blue Slaver","floor":12.0,"turns":4.0},{"damage":16.0,"enemies":"Gremlin Nob","floor":13.0,"turns":3.0},{"damage":41.0,"enemies":"The Guardian","floor":16.0,"turns":8.0},{"damage":22.0,"enemies":"Shell Parasite","floor":18.0,"turns":4.0},{"damage":0.0,"enemies":"3 Byrds","floor":19.0,"turns":2.0},{"damage":6.0,"enemies":"Colosseum Slavers","floor":22.0,"turns":4.0},{"damage":59.0,"enemies":"Slavers","floor":23.0,"turns":5.0},{"damage":3.0,"enemies":"Snecko","floor":29.0,"turns":3.0},{"damage":13.0,"enemies":"3 Cultists","floor":31.0,"turns":6.0},{"damage":20.0,"enemies":"Collector","floor":33.0,"turns":5.0},{"damage":0.0,"enemies":"Orb Walker","floor":35.0,"turns":1.0},{"damage":19.0,"enemies":"3 Darklings","floor":36.0,"turns":7.0},{"damage":6.0,"enemies":"Writhing Mass","floor":38.0,"turns":3.0},{"damage":6.0,"enemies":"Giant Head","floor":40.0,"turns":4.0},{"damage":22.0,"enemies":"Maw","floor":44.0,"turns":4.0},{"damage":6.0,"enemies":"Transient","floor":46.0,"turns":5.0},{"damage":45,"enemies":"Donu and Deca","floor":50,"turns":6}],"seed_played":"6650331233808326026","potions_obtained":[{"floor":1.0,"key":"Strength Potion"},{"floor":7.0,"key":"Explosive Potion"},{"floor":12.0,"key":"SpeedPotion"},{"floor":16.0,"key":"SmokeBomb"},{"floor":29.0,"key":"SteroidPotion"},{"floor":31.0,"key":"Block Potion"},{"floor":33.0,"key":"FearPotion"},{"floor":35.0,"key":"SkillPotion"},{"floor":37.0,"key":"Swift Potion"},{"floor":46.0,"key":"Regen Potion"}],"is_trial":false,"path_per_floor":["M","$","?","M","M","R","M","R","T","M","R","M","E","?","R","B",null,"M","M","?","?","?","E","R","$","T","?","R","M","R","M","R","B",null,"M","M","?","M","$","E","?","$","T","M","R","M","?","T","R","B",null],"character_chosen":"IRONCLAD","items_purchased":["Membership Card","Flex","Tiny Chest"],"campfire_rested":1,"item_purchase_floors":[2,2,25],"current_hp_per_floor":[68,68,68,68,70,70,66,66,66,72,72,65,55,55,55,20,72,56,62,62,62,62,9,9,9,9,9,30,33,33,26,26,12,72,72,59,59,59,59,59,59,59,59,43,43,43,43,43,43,19],"gold":336,"neow_bonus":"TWO_FIFTY_GOLD","is_prod":false,"is_daily":false,"chose_seed":false,"campfire_upgraded":9,"win_rate":0,"timestamp":1558333259,"path_taken":["M","$","?","M","M","R","?","R","T","M","R","M","E","?","R","BOSS","M","M","?","?","?","E","R","$","T","?","R","M","R","M","R","BOSS","M","M","?","?","$","E","?","$","T","M","R","M","?","?","R","BOSS"],"build_version":"2019-01-23","purchased_purges":4,"victory":true,"max_hp_per_floor":[72,72,72,72,72,72,72,72,72,72,72,72,72,72,72,72,72,72,72,72,72,72,72,72,72,72,72,72,72,72,72,72,72,72,72,72,72,72,72,72,72,72,72,72,72,72,68,68,68,68],"card_choices":[{"not_picked":["Seeing Red","Rage","Headbutt"],"picked":"SKIP","floor":1.0},{"not_picked":["Evolve","Corruption","Heavy Blade"],"picked":"SKIP","floor":4.0},{"not_picked":["Clash","Havoc","Heavy Blade"],"picked":"SKIP","floor":5.0},{"not_picked":["Sword Boomerang","Bloodletting","Pommel Strike"],"picked":"SKIP","floor":7.0},{"not_picked":["Bloodletting","Sword Boomerang+1","Spot Weakness"],"picked":"SKIP","floor":10.0},{"not_picked":["Rupture","Headbutt+1","Sever Soul+1"],"picked":"SKIP","floor":12.0},{"not_picked":["Bludgeon+1","Anger+1","Heavy Blade+1"],"picked":"SKIP","floor":13.0},{"not_picked":["Immolate+1","Impervious"],"picked":"Double Tap","floor":16.0},{"not_picked":["Clothesline+1","Flame Barrier","Clash+1"],"picked":"SKIP","floor":18.0},{"not_picked":["Rampage+1","Burning Pact","Clothesline+1"],"picked":"SKIP","floor":23.0},{"not_picked":["Clothesline+1","Havoc","Carnage+1"],"picked":"SKIP","floor":29.0},{"not_picked":["Shrug It Off","Entrench+1","Wild Strike+1"],"picked":"SKIP","floor":31.0},{"not_picked":["Feed+1","Brutality"],"picked":"Offering","floor":33.0},{"not_picked":["Infernal Blade","Perfected Strike+1","Clash+1"],"picked":"SKIP","floor":35.0},{"not_picked":["Intimidate","Warcry","Thunderclap+1"],"picked":"SKIP","floor":36.0},{"not_picked":["Pommel Strike+1","Carnage+1","Reckless Charge+1"],"picked":"SKIP","floor":38.0},{"not_picked":["Armaments","Body Slam+1","Anger+1"],"picked":"SKIP","floor":40.0},{"not_picked":["True Grit","Pommel Strike+1","Clash+1"],"picked":"SKIP","floor":44.0},{"not_picked":["Sword Boomerang+1","Warcry","Twin Strike+1"],"picked":"SKIP","floor":46.0}],"player_experience":892563,"relics_obtained":[{"floor":9.0,"key":"Molten Egg 2"},{"floor":13.0,"key":"Lantern"},{"floor":23.0,"key":"Happy Flower"},{"floor":26.0,"key":"PreservedInsect"},{"floor":40.0,"key":"Dream Catcher"},{"floor":43.0,"key":"War Paint"},{"floor":48.0,"key":"Bottled Lightning"}],"event_choices":[{"damage_healed":0.0,"max_hp_gain":0.0,"max_hp_loss":0.0,"gold_gain":0.0,"event_name":"Match and Keep!","player_choice":"2 cards matched","floor":3.0,"gold_loss":0.0,"damage_taken":0.0,"cards_obtained":["Searing Blow","Armaments"]},{"cards_removed":["Strike_R"],"damage_healed":0.0,"max_hp_gain":0.0,"max_hp_loss":0.0,"gold_gain":0.0,"event_name":"The Cleric","player_choice":"Card Removal","floor":14.0,"gold_loss":50.0,"damage_taken":0.0},{"damage_healed":0.0,"max_hp_gain":0.0,"max_hp_loss":0.0,"gold_gain":0.0,"event_name":"Addict","player_choice":"Obtained Relic","floor":20.0,"gold_loss":85.0,"damage_taken":0.0,"relics_obtained":["Ancient Tea Set"]},{"damage_healed":0.0,"max_hp_gain":0.0,"max_hp_loss":0.0,"gold_gain":0.0,"event_name":"Ghosts","player_choice":"Ignored","floor":21.0,"gold_loss":0.0,"damage_taken":0.0},{"damage_healed":0.0,"max_hp_gain":0.0,"max_hp_loss":0.0,"gold_gain":0.0,"event_name":"Colosseum","player_choice":"Fight","floor":22.0,"gold_loss":0.0,"damage_taken":0.0},{"damage_healed":0.0,"max_hp_gain":0.0,"max_hp_loss":0.0,"gold_gain":0.0,"event_name":"Colosseum","player_choice":"Fled From Nobs","floor":22.0,"gold_loss":0.0,"damage_taken":0.0},{"cards_removed":["Strike_R"],"damage_healed":0.0,"max_hp_gain":0.0,"max_hp_loss":0.0,"gold_gain":0.0,"event_name":"Back to Basics","player_choice":"Elegance","floor":27.0,"gold_loss":0.0,"damage_taken":0.0},{"damage_healed":0.0,"max_hp_gain":0.0,"max_hp_loss":0.0,"gold_gain":0.0,"event_name":"Lab","player_choice":"Got Potions","floor":37.0,"gold_loss":0.0,"damage_taken":0.0},{"cards_removed":["Armaments"],"damage_healed":0.0,"max_hp_gain":0.0,"max_hp_loss":0.0,"gold_gain":0.0,"event_name":"Falling","player_choice":"Removed Skill","floor":41.0,"gold_loss":0.0,"damage_taken":0.0},{"damage_healed":0.0,"max_hp_gain":0.0,"max_hp_loss":4.0,"gold_gain":0.0,"event_name":"Winding Halls","player_choice":"Max HP","floor":47.0,"gold_loss":0.0,"damage_taken":0.0}],"is_beta":false,"boss_relics":[{"not_picked":["Ectoplasm","Runic Pyramid"],"picked":"Lizard Tail"},{"not_picked":["Runic Dome","Fusion Hammer"],"picked":"Coffee Dripper"}],"items_purged_floors":[2,25,39,42],"is_endless":false,"potions_floor_spawned":[1,7,12,16,22,29,31,33,35,40,46],"ascension_level":0}