{"gold_per_floor":[112,78,94,42,61,61,93,93,93,93,145,16,42,60,60,163,163,183,24,24,38,48,48,75,75,75,75,75,88,121,139,139,234,234,245,135,235,235,235],"floor_reached":39,"playtime":2058,"items_purged":["Strike_B"],"score":574,"play_id":"6522473b-b623-41c6-a811-f556b7a48018","local_time":"20190202182248","is_ascension_mode":true,"campfire_choices":[{"data":"Zap","floor":6,"key":"SMITH"},{"floor":8,"key":"REST"},{"floor":15,"key":"REST"},{"floor":23,"key":"REST"},{"data":"Creative AI","floor":25,"key":"SMITH"},{"data":"All For One","floor":27,"key":"SMITH"},{"floor":32,"key":"REST"}],"neow_cost":"NONE","seed_source_timestamp":33281277415888,"circlet_count":0,"master_deck":["Strike_B","Defend_B","Defend_B","Defend_B","Defend_B","Zap+1","Dualcast","BootSequence","Capacitor","Chill","Ball Lightning","Go for the Eyes","Cold Snap","Chill","Coolheaded","Rebound","Cold Snap","All For One+1","Leap+1","Creative AI+1","Gash","Redo","Leap+1","Cold Snap","Electrodynamics","Go for the Eyes","Conserve Battery+1","Seek","Force Field","Gash","Good Instincts","Coolheaded","Good Instincts"],"relics":["Cracked Core","Bronze Scales","Blue Candle","Happy Flower","Potion Belt","Letter Opener","Black Star","Dream Catcher","Omamori","Du-Vu Doll","Question Card","Lantern","Eternal Feather","Pocketwatch"],"potions_floor_usage":[7,24,24,29,30,30,33,37],"damage_taken":[{"damage":1,"enemies":"Cultist","floor":1,"turns":3},{"damage":3,"enemies":"Small Slimes","floor":3,"turns":3},{"damage":2,"enemies":"Jaw Worm","floor":5,"turns":2},{"damage":29,"enemies":"Lagavulin","floor":7,"turns":8},{"damage":31,"enemies":"Gremlin Nob","floor":13,"turns":5},{"damage":0,"enemies":"Exordium Wildlife","floor":14,"turns":3},{"damage":17,"enemies":"Hexaghost","floor":16,"turns":10},{"damage":9,"enemies":"2 Thieves","floor":18,"turns":4},{"damage":4,"enemies":"Spheric Guardian","floor":21,"turns":4},{"damage":8,"enemies":"Snake Plant","floor":22,"turns":4},{"damage":4,"enemies":"Gremlin Leader","floor":24,"turns":7},{"damage":5,"enemies":"Snecko","floor":29,"turns":7},{"damage":11,"enemies":"Slavers","floor":30,"turns":6},{"damage":2,"enemies":"Chosen and Byrds","floor":31,"turns":6},{"damage":64,"enemies":"Automaton","floor":33,"turns":12},{"damage":7,"enemies":"3 Shapes","floor":35,"turns":7},{"damage":22,"enemies":"Mind Bloom Boss Battle","floor":37,"turns":10},{"damage":28,"enemies":"3 Darklings","floor":39,"turns":3}],"seed_played":"8770371426533355887","potions_obtained":[{"floor":1,"key":"Poison Potion"},{"floor":5,"key":"Weak Potion"},{"floor":7,"key":"GamblersBrew"},{"floor":13,"key":"Energy Potion"},{"floor":16,"key":"Explosive Potion"},{"floor":24,"key":"GamblersBrew"},{"floor":31,"key":"Explosive Potion"},{"floor":35,"key":"FocusPotion"}],"is_trial":false,"path_per_floor":["M","$","M","$","M","R","E","R","T","?","T","$","E","M","R","B",null,"M","$","?","M","M","R","E","R","T","R","$","M","E","M","R","B",null,"M","$","?","?","M"],"character_chosen":"DEFECT","items_purchased":["Capacitor","Ball Lightning","Coolheaded","Creative AI","Gash","Good Instincts"],"campfire_rested":4,"item_purchase_floors":[2,4,12,19,36,36],"current_hp_per_floor":[67,67,64,64,62,62,33,55,55,55,55,55,24,24,46,29,64,55,55,55,51,43,65,61,61,61,61,61,56,45,43,65,1,57,50,50,28,28,0],"gold":235,"neow_bonus":"RANDOM_COMMON_RELIC","is_prod":false,"is_daily":false,"chose_seed":false,"campfire_upgraded":3,"win_rate":0,"timestamp":1549102968,"path_taken":["M","?","M","$","M","R","E","R","T","?","?","$","E","M","R","BOSS","M","$","?","?","M","R","E","R","T","R","?","M","E","M","R","BOSS","M","$","?","?","M"],"build_version":"2019-01-23","purchased_purges":1,"victory":false,"max_hp_per_floor":[75,75,75,75,75,75,75,75,75,75,75,75,75,75,75,75,75,75,75,75,75,75,75,75,75,75,75,75,75,75,75,75,75,75,75,75,75,75,75],"card_choices":[{"not_picked":["Barrage","Storm"],"picked":"BootSequence","floor":1},{"not_picked":["Beam Cell","Capacitor"],"picked":"Chill","floor":3},{"not_picked":["Steam","Leap"],"picked":"Go for the Eyes","floor":5},{"not_picked":["Force Field","Streamline"],"picked":"Cold Snap","floor":7},{"not_picked":["Gash","Reinforced Body"],"picked":"Rebound","floor":13},{"not_picked":["BootSequence","Sweeping Beam"],"picked":"Cold Snap","floor":14},{"not_picked":["Rainbow","Thunder Strike"],"picked":"All For One","floor":16},{"not_picked":["Steam","Beam Cell"],"picked":"Leap+1","floor":18},{"not_picked":["Stack","Scrape"],"picked":"Gash","floor":21},{"not_picked":["Compile Driver","Darkness+1"],"picked":"Redo","floor":22},{"not_picked":["Sweeping Beam","Lockon"],"picked":"Leap+1","floor":24},{"not_picked":["Beam Cell","Undo"],"picked":"Cold Snap","floor":29},{"not_picked":["Hyperbeam","Rebound"],"picked":"Electrodynamics","floor":30},{"not_picked":["Streamline+1","Lockon+1","Turbo"],"picked":"Go for the Eyes","floor":31},{"not_picked":["Steam Power+1","Sweeping Beam","Storm+1"],"picked":"Conserve Battery+1","floor":32},{"not_picked":["Fission","Reboot","Rainbow"],"picked":"Seek","floor":33},{"not_picked":["Darkness","Hologram+1","Steam+1"],"picked":"Force Field","floor":35},{"not_picked":["Tempest","Undo+1","Turbo"],"picked":"Coolheaded","floor":37},{"not_picked":["PanicButton","Dark Shackles","Discovery"],"picked":"Good Instincts","floor":38}],"player_experience":606933,"relics_obtained":[{"floor":7,"key":"Blue Candle"},{"floor":9,"key":"Happy Flower"},{"floor":11,"key":"Potion Belt"},{"floor":13,"key":"Letter Opener"},{"floor":24,"key":"Dream Catcher"},{"floor":24,"key":"Omamori"},{"floor":26,"key":"Du-Vu Doll"},{"floor":30,"key":"Question Card"},{"floor":30,"key":"Lantern"},{"floor":37,"key":"Pocketwatch"}],"event_choices":[{"damage_healed":0,"gold_gain":0,"cards_transformed":["Strike_B"],"player_choice":"Change","damage_taken":0,"max_hp_gain":0,"max_hp_loss":0,"event_name":"Living Wall","floor":10,"gold_loss":0,"cards_obtained":["Chill"]},{"cards_removed":["Strike_B"],"damage_healed":0,"gold_gain":0,"player_choice":"Purged","damage_taken":0,"max_hp_gain":0,"max_hp_loss":0,"event_name":"Purifier","floor":20,"gold_loss":0},{"damage_healed":0,"gold_gain":0,"player_choice":"Fight","damage_taken":0,"max_hp_gain":0,"max_hp_loss":0,"event_name":"MindBloom","floor":37,"gold_loss":0},{"damage_healed":0,"gold_gain":0,"player_choice":"Memory 1","damage_taken":0,"max_hp_gain":0,"max_hp_loss":0,"event_name":"SensoryStone","floor":38,"gold_loss":0}],"is_beta":false,"boss_relics":[{"not_picked":["White Beast Statue","Fusion Hammer"],"picked":"Black Star"},{"not_picked":["Orrery","Sozu"],"picked":"Eternal Feather"}],"items_purged_floors":[12],"is_endless":false,"potions_floor_spawned":[1,5,7,13,16,24,31,35],"killed_by":"3 Darklings","ascension_level":7}