{"gold_per_floor":[214,112,112,287,61,61,92,92,166,166,195,195,3,19,19,123,123,89,89,114,168,168,168,203,203,203,217,217,0,17,29,29,125,125,141,141,141,156,256,256,286,302,328,328,8,8,38,38,38,38],"floor_reached":51,"playtime":3928,"items_purged":["Doubt","Shame","Pain"],"score":824,"play_id":"354a2563-567a-4f8c-9a90-64658d5f8a51","local_time":"20190204183903","is_ascension_mode":true,"campfire_choices":[{"data":"Bullet Time","floor":6.0,"key":"SMITH"},{"data":"Well Laid Plans","floor":8.0,"key":"SMITH"},{"data":"Backflip","floor":10.0,"key":"SMITH"},{"floor":12.0,"key":"REST"},{"data":"Poisoned Stab","floor":15.0,"key":"SMITH"},{"floor":23.0,"key":"REST"},{"floor":25.0,"key":"REST"},{"floor":28.0,"key":"REST"},{"floor":32.0,"key":"DIG"},{"floor":40.0,"key":"REST"},{"floor":46.0,"key":"REST"},{"floor":49,"key":"DIG"}],"neow_cost":"NONE","seed_source_timestamp":101774642146902,"circlet_count":0,"master_deck":["Defend_G","Defend_G","Defend_G","Defend_G","Defend_G","Strike_G","Strike_G","Strike_G","Strike_G","Strike_G","Survivor","Neutralize","PiercingWail","Backflip+1","Poisoned Stab+1","Bullet Time+1","Footwork","Infinite Blades","Deadly Poison","After Image","Noxious Fumes","Cloak And Dagger+1","Writhe","Corpse Explosion","Acrobatics","Deadly Poison","Crippling Poison","Accuracy","After Image","Choke","Madness","Madness","Poisoned Stab","Blade Dance+1","PiercingWail+1","Concentrate+1","Writhe","Mind Blast","Magnetism","Panache","Footwork","Underhanded Strike+1"],"special_seed":0,"relics":["Ring of the Snake","Blue Candle","Bottled Flame","Membership Card","Cursed Key","Red Mask","Juzu Bracelet","Nloth\u0027s Gift","Regal Pillow","Ninja Scroll","Shovel","Bottled Lightning","Runic Pyramid","WarpedTongs","Tough Bandages","Anchor","Potion Belt","Mummified Hand","Bottled Tornado","Vajra"],"potions_floor_usage":[47],"damage_taken":[{"damage":0.0,"enemies":"Cultist","floor":1.0,"turns":4.0},{"damage":8.0,"enemies":"Lagavulin","floor":7.0,"turns":9.0},{"damage":19.0,"enemies":"3 Sentries","floor":11.0,"turns":10.0},{"damage":0.0,"enemies":"Small Slimes","floor":14.0,"turns":4.0},{"damage":6.0,"enemies":"Hexaghost","floor":16.0,"turns":9.0},{"damage":8.0,"enemies":"2 Thieves","floor":18.0,"turns":5.0},{"damage":3.0,"enemies":"Masked Bandits","floor":20.0,"turns":6.0},{"damage":46.0,"enemies":"Book of Stabbing","floor":24.0,"turns":8.0},{"damage":5.0,"enemies":"Chosen","floor":27.0,"turns":5.0},{"damage":3.0,"enemies":"Centurion and Healer","floor":30.0,"turns":5.0},{"damage":2.0,"enemies":"Chosen and Byrds","floor":31.0,"turns":5.0},{"damage":13.0,"enemies":"Automaton","floor":33.0,"turns":9.0},{"damage":17.0,"enemies":"Orb Walker","floor":35.0,"turns":5.0},{"damage":14.0,"enemies":"3 Darklings","floor":38.0,"turns":4.0},{"damage":1.0,"enemies":"Mind Bloom Boss Battle","floor":39.0,"turns":8.0},{"damage":35.0,"enemies":"Reptomancer","floor":41.0,"turns":8.0},{"damage":11.0,"enemies":"Transient","floor":42.0,"turns":5.0},{"damage":49,"enemies":"Giant Head","floor":47,"turns":8},{"damage":86,"enemies":"Time Eater","floor":50,"turns":12}],"seed_played":"2174017859947952573","potions_obtained":[{"floor":1.0,"key":"Swift Potion"},{"floor":14.0,"key":"SpeedPotion"},{"floor":16.0,"key":"PowerPotion"},{"floor":18.0,"key":"FairyPotion"},{"floor":20.0,"key":"Dexterity Potion"},{"floor":24.0,"key":"Energy Potion"},{"floor":35.0,"key":"Explosive Potion"},{"floor":39.0,"key":"Regen Potion"},{"floor":41.0,"key":"SteroidPotion"}],"is_trial":false,"path_per_floor":["M","$","?","?","$","R","E","R","T","R","E","R","$","M","R","B",null,"M","?","?","T","?","R","E","R","T","M","R","$","M","M","R","B",null,"M","?","?","M","?","R","E","M","T","?","$","R","E","?","R","B",null],"character_chosen":"THE_SILENT","items_purchased":["Backflip","Poisoned Stab","Bullet Time","Footwork","Membership Card","Deadly Poison","Shovel","Panache","Mummified Hand","Footwork"],"campfire_rested":6,"item_purchase_floors":[2,2,5,5,13,29,29,45,45,45],"current_hp_per_floor":[70,70,70,70,70,70,62,62,62,62,43,64,64,64,64,58,70,62,49,46,46,46,68,22,59,59,54,75,75,72,70,70,57,75,58,49,49,35,34,71,51,40,40,35,35,72,23,75,75,6],"gold":38,"neow_bonus":"HUNDRED_GOLD","is_prod":false,"is_daily":false,"chose_seed":false,"campfire_upgraded":4,"win_rate":0,"timestamp":1549276743,"path_taken":["M","?","?","?","$","R","E","R","T","R","E","R","$","M","R","BOSS","M","?","?","?","?","R","E","R","T","M","R","$","M","M","R","BOSS","M","?","?","M","?","R","E","M","T","?","$","R","E","?","R","BOSS"],"build_version":"2019-01-23","purchased_purges":3,"victory":true,"max_hp_per_floor":[70,70,70,70,70,70,70,70,70,70,70,70,70,70,70,70,70,70,75,75,75,75,75,75,75,75,75,75,75,75,75,75,75,75,75,75,75,75,75,75,75,75,75,75,75,75,75,75,75,75],"card_choices":[{"not_picked":["Accuracy","Expertise"],"picked":"PiercingWail","floor":1.0},{"not_picked":["Acrobatics","Dodge and Roll"],"picked":"Well Laid Plans","floor":7.0},{"not_picked":["Eviscerate","Blade Dance"],"picked":"Infinite Blades","floor":11.0},{"not_picked":["Footwork","Dagger Spray"],"picked":"Deadly Poison","floor":14.0},{"not_picked":["Venomology","Grand Finale"],"picked":"After Image","floor":16.0},{"not_picked":["Reflex","Dagger Throw"],"picked":"Noxious Fumes","floor":18.0},{"not_picked":["Riddle With Holes","Outmaneuver"],"picked":"Cloak And Dagger+1","floor":20.0},{"not_picked":["Blade Dance","Expertise"],"picked":"Corpse Explosion","floor":24.0},{"not_picked":["Deflect","Cloak And Dagger"],"picked":"Acrobatics","floor":27.0},{"not_picked":["Dagger Spray","Outmaneuver"],"picked":"Crippling Poison","floor":30.0},{"not_picked":["Prepared","Finisher+1"],"picked":"Accuracy","floor":31.0},{"not_picked":["Adrenaline","Grand Finale"],"picked":"After Image","floor":33.0},{"not_picked":["Distraction+1","Cloak And Dagger+1"],"picked":"Choke","floor":35.0},{"not_picked":["Storm of Steel","Leg Sweep"],"picked":"Poisoned Stab","floor":38.0},{"not_picked":["Concentrate","Finisher"],"picked":"Blade Dance+1","floor":39.0},{"not_picked":["Outmaneuver","Dagger Spray+1"],"picked":"PiercingWail+1","floor":41.0},{"not_picked":["Dagger Spray","Terror"],"picked":"Concentrate+1","floor":42.0},{"not_picked":["Swift Strike","Impatience"],"picked":"Mind Blast","floor":44.0},{"not_picked":["Purity","Good Instincts"],"picked":"Magnetism","floor":44.0},{"not_picked":["Phantasmal Killer","All Out Attack+1"],"picked":"Underhanded Strike+1","floor":47}],"player_experience":642780,"relics_obtained":[{"floor":7.0,"key":"Bronze Scales"},{"floor":9.0,"key":"Blue Candle"},{"floor":11.0,"key":"Bottled Flame"},{"floor":20.0,"key":"Red Mask"},{"floor":21.0,"key":"Juzu Bracelet"},{"floor":24.0,"key":"Regal Pillow"},{"floor":26.0,"key":"Ninja Scroll"},{"floor":32.0,"key":"Bottled Lightning"},{"floor":39.0,"key":"Tough Bandages"},{"floor":41.0,"key":"Anchor"},{"floor":43.0,"key":"Potion Belt"},{"floor":47,"key":"Bottled Tornado"},{"floor":49,"key":"Vajra"}],"event_choices":[{"damage_healed":0.0,"max_hp_gain":0.0,"max_hp_loss":0.0,"gold_gain":0.0,"event_name":"Shining Light","player_choice":"Ignored","floor":3.0,"gold_loss":0.0,"damage_taken":0.0},{"damage_healed":0.0,"max_hp_gain":0.0,"max_hp_loss":0.0,"gold_gain":175.0,"event_name":"Liars Game","player_choice":"AGREE","floor":4.0,"gold_loss":0.0,"damage_taken":0.0,"cards_obtained":["Doubt"]},{"damage_healed":0.0,"max_hp_gain":5.0,"max_hp_loss":0.0,"gold_gain":0.0,"event_name":"Forgotten Altar","player_choice":"Shed Blood","floor":19.0,"gold_loss":0.0,"damage_taken":18.0},{"damage_healed":0.0,"max_hp_gain":0.0,"max_hp_loss":0.0,"gold_gain":0.0,"event_name":"Masked Bandits","player_choice":"Fought Bandits","floor":20.0,"gold_loss":0.0,"damage_taken":0.0},{"damage_healed":0.0,"max_hp_gain":0.0,"max_hp_loss":0.0,"gold_gain":0.0,"event_name":"N\u0027loth","player_choice":"Traded Relic","floor":22.0,"relics_lost":["Bronze Scales"],"gold_loss":0.0,"damage_taken":0.0,"relics_obtained":["Nloth\u0027s Gift"]},{"damage_healed":0.0,"max_hp_gain":0.0,"max_hp_loss":0.0,"gold_gain":0.0,"event_name":"Winding Halls","player_choice":"Embrace Madness","floor":36.0,"gold_loss":0.0,"damage_taken":9.0,"cards_obtained":["Madness","Madness"]},{"damage_healed":0.0,"max_hp_gain":0.0,"max_hp_loss":0.0,"gold_gain":0.0,"event_name":"Accursed Blacksmith","player_choice":"Rummage","floor":37.0,"gold_loss":0.0,"damage_taken":0.0,"relics_obtained":["WarpedTongs"],"cards_obtained":["Pain"]},{"damage_healed":0.0,"max_hp_gain":0.0,"max_hp_loss":0.0,"gold_gain":0.0,"event_name":"MindBloom","player_choice":"Fight","floor":39.0,"gold_loss":0.0,"damage_taken":0.0},{"damage_healed":0.0,"max_hp_gain":0.0,"max_hp_loss":0.0,"gold_gain":0.0,"event_name":"SensoryStone","player_choice":"Memory 2","floor":44.0,"gold_loss":0.0,"damage_taken":5.0},{"cards_removed":["Well Laid Plans"],"damage_healed":52,"gold_gain":0,"player_choice":"Offered Uncommon","damage_taken":0,"max_hp_gain":0,"max_hp_loss":0,"event_name":"Bonfire Elementals","floor":48,"gold_loss":0}],"is_beta":false,"boss_relics":[{"not_picked":["Coffee Dripper","Velvet Choker"],"picked":"Cursed Key"},{"not_picked":["Runic Dome","Calling Bell"],"picked":"Runic Pyramid"}],"items_purged_floors":[5,29,45],"is_endless":false,"potions_floor_spawned":[1,14,16,18,20,24,35,39,41],"ascension_level":3}