{"gold_per_floor":[116,132,37,54,69,97,97,97,121,121,121,155,173,89,89,193,193,205,218,143,159,170,170,204,204,204,204,215,227,258,271,271,373,373,384,28,28,48,64,94,94,120,120,133,8,24,35,35,35,35],"floor_reached":50,"playtime":9016,"items_purged":["Defend_B","Hello World","Biased Cognition"],"score":610,"play_id":"617b6104-e8b8-4069-83c7-d4fa3b305222","local_time":"20190321225008","is_ascension_mode":true,"campfire_choices":[{"floor":7.0,"key":"REST"},{"floor":11.0,"key":"REST"},{"floor":15.0,"key":"REST"},{"floor":23.0,"key":"REST"},{"data":"Enlightenment","floor":25.0,"key":"SMITH"},{"data":"Turbo","floor":27.0,"key":"SMITH"},{"data":"Meteor Strike","floor":32.0,"key":"SMITH"},{"floor":41,"key":"REST"},{"floor":49,"key":"REST"}],"neow_cost":"NONE","seed_source_timestamp":0,"circlet_count":0,"master_deck":["Strike_B","Strike_B","Strike_B","Strike_B","Defend_B","Defend_B","Zap","Dualcast","Turbo+1","Leap","Enlightenment+1","Melter","BootSequence","Melter","FTL","Conserve Battery","Meteor Strike+1","Leap+1","Go for the Eyes+1","Beam Cell+1","Meteor Strike+1","Parasite","Writhe"],"special_seed":0,"relics":["Snecko Eye","Pen Nib","Bag of Marbles","Bag of Preparation","Busted Crown","Art of War","Ornamental Fan","Ancient Tea Set","Bottled Lightning","Gambling Chip","Symbiotic Virus"],"potions_floor_usage":[40,42,42,50,50,50],"damage_taken":[{"damage":8.0,"enemies":"Small Slimes","floor":1.0,"turns":5.0},{"damage":0.0,"enemies":"2 Louse","floor":2.0,"turns":2.0},{"damage":3.0,"enemies":"Cultist","floor":4.0,"turns":5.0},{"damage":9.0,"enemies":"2 Fungi Beasts","floor":5.0,"turns":5.0},{"damage":27.0,"enemies":"Lagavulin","floor":6.0,"turns":6.0},{"damage":52.0,"enemies":"3 Sentries","floor":12.0,"turns":12.0},{"damage":0.0,"enemies":"3 Louse","floor":13.0,"turns":3.0},{"damage":37.0,"enemies":"The Guardian","floor":16.0,"turns":14.0},{"damage":13.0,"enemies":"Shell Parasite","floor":18.0,"turns":3.0},{"damage":0.0,"enemies":"Spheric Guardian","floor":19.0,"turns":1.0},{"damage":0.0,"enemies":"3 Cultists","floor":21.0,"turns":5.0},{"damage":6.0,"enemies":"Snecko","floor":22.0,"turns":3.0},{"damage":10.0,"enemies":"Slavers","floor":24.0,"turns":4.0},{"damage":3.0,"enemies":"Centurion and Healer","floor":28.0,"turns":6.0},{"damage":2.0,"enemies":"Shelled Parasite and Fungi","floor":29.0,"turns":2.0},{"damage":0.0,"enemies":"Book of Stabbing","floor":30.0,"turns":7.0},{"damage":0.0,"enemies":"3 Cultists","floor":31.0,"turns":4.0},{"damage":50.0,"enemies":"Champ","floor":33.0,"turns":10.0},{"damage":19.0,"enemies":"3 Darklings","floor":35.0,"turns":5.0},{"damage":0.0,"enemies":"Orb Walker","floor":38.0,"turns":1.0},{"damage":0.0,"enemies":"3 Darklings","floor":39.0,"turns":5.0},{"damage":31,"enemies":"Reptomancer","floor":40,"turns":9},{"damage":32,"enemies":"Giant Head","floor":42,"turns":7},{"damage":0,"enemies":"Writhing Mass","floor":44,"turns":5},{"damage":0,"enemies":"4 Shapes","floor":46,"turns":5},{"damage":0,"enemies":"Spire Growth","floor":47,"turns":3},{"damage":58,"enemies":"Time Eater","floor":50,"turns":9}],"seed_played":"7743467897809093613","potions_obtained":[{"floor":4.0,"key":"SteroidPotion"},{"floor":13.0,"key":"Block Potion"},{"floor":16.0,"key":"Block Potion"},{"floor":22.0,"key":"SteroidPotion"},{"floor":29.0,"key":"Fire Potion"},{"floor":30.0,"key":"AttackPotion"},{"floor":33.0,"key":"Weak Potion"},{"floor":42,"key":"Dexterity Potion"},{"floor":44,"key":"SkillPotion"},{"floor":46,"key":"SpeedPotion"}],"is_trial":false,"path_per_floor":["M","M","$","M","M","E","R","?","T","?","R","E","M","$","R","B",null,"M","M","$","M","M","R","E","R","T","R","M","M","E","M","R","B",null,"M","$","?","M","M","E","R","E","T","M","$","M","M","?","R","B"],"character_chosen":"DEFECT","items_purchased":["Enlightenment","FTL","Conserve Battery","Meteor Strike","Energy Potion","SteroidPotion"],"campfire_rested":6,"item_purchase_floors":[3,14,14,36,36,36],"current_hp_per_floor":[67,67,67,64,55,28,50,50,50,50,72,20,20,20,42,5,75,62,62,62,62,56,75,65,65,65,65,62,60,60,60,60,10,75,56,56,56,56,56,25,47,15,15,15,15,15,15,34,56,0],"gold":35,"neow_bonus":"BOSS_RELIC","is_prod":false,"is_daily":false,"chose_seed":false,"campfire_upgraded":3,"win_rate":0,"timestamp":1553233808,"path_taken":["M","M","$","M","M","E","R","?","T","?","R","E","M","$","R","BOSS","M","M","$","M","M","R","E","R","T","R","M","M","E","M","R","BOSS","M","$","?","M","?","E","R","E","T","M","$","M","M","?","R","BOSS"],"build_version":"2019-01-23","purchased_purges":3,"victory":false,"max_hp_per_floor":[75,75,75,75,75,75,75,75,75,75,75,75,75,75,75,75,75,75,75,75,75,75,75,75,75,75,75,75,75,75,75,75,75,75,75,75,75,75,75,75,75,75,75,75,75,75,75,75,75,75],"card_choices":[{"not_picked":["Cold Snap","Hologram"],"picked":"Turbo","floor":1.0},{"not_picked":["Barrage","Stack"],"picked":"Leap","floor":2.0},{"not_picked":["Compile Driver","Coolheaded"],"picked":"Biased Cognition","floor":4.0},{"not_picked":["Compile Driver","Blizzard"],"picked":"Melter","floor":5.0},{"not_picked":["Blizzard","Fission","Barrage"],"picked":"SKIP","floor":6.0},{"not_picked":["Rip and Tear","Hologram"],"picked":"Hello World","floor":12.0},{"not_picked":["Compile Driver","Hologram"],"picked":"Melter","floor":13.0},{"not_picked":["Fission","Biased Cognition"],"picked":"Meteor Strike","floor":16.0},{"not_picked":["BootSequence"],"picked":"SKIP","floor":18.0},{"not_picked":[],"picked":"Leap+1","floor":19.0},{"not_picked":["Gash"],"picked":"SKIP","floor":21.0},{"not_picked":["Ball Lightning+1"],"picked":"SKIP","floor":22.0},{"not_picked":[],"picked":"Go for the Eyes+1","floor":24.0},{"not_picked":["Hello World"],"picked":"SKIP","floor":28.0},{"not_picked":["Gash"],"picked":"SKIP","floor":29.0},{"not_picked":["Gash"],"picked":"SKIP","floor":30.0},{"not_picked":[],"picked":"Beam Cell+1","floor":31.0},{"not_picked":["Rebound"],"picked":"SKIP","floor":35.0},{"not_picked":["Hologram"],"picked":"SKIP","floor":38.0},{"not_picked":["Conserve Battery"],"picked":"SKIP","floor":39},{"not_picked":["Reprogram"],"picked":"SKIP","floor":40},{"not_picked":["Go for the Eyes+1"],"picked":"SKIP","floor":42},{"not_picked":["Stack+1"],"picked":"SKIP","floor":44},{"not_picked":["Coolheaded"],"picked":"SKIP","floor":46},{"not_picked":["Sweeping Beam"],"picked":"SKIP","floor":47}],"player_experience":357982,"relics_obtained":[{"floor":6.0,"key":"Pen Nib"},{"floor":9.0,"key":"Bag of Marbles"},{"floor":12.0,"key":"Bag of Preparation"},{"floor":24.0,"key":"Art of War"},{"floor":26.0,"key":"Ornamental Fan"},{"floor":30.0,"key":"Ancient Tea Set"},{"floor":40,"key":"Bottled Lightning"},{"floor":42,"key":"Gambling Chip"},{"floor":43,"key":"Symbiotic Virus"}],"event_choices":[{"damage_healed":0.0,"max_hp_gain":0.0,"max_hp_loss":0.0,"gold_gain":0.0,"cards_transformed":["Defend_B"],"event_name":"Living Wall","player_choice":"Change","floor":8.0,"gold_loss":0.0,"damage_taken":0.0,"cards_obtained":["BootSequence"]},{"damage_healed":0.0,"max_hp_gain":0.0,"max_hp_loss":0.0,"gold_gain":0.0,"event_name":"Shining Light","player_choice":"Ignored","floor":10.0,"gold_loss":0.0,"damage_taken":0.0},{"damage_healed":0.0,"max_hp_gain":0.0,"max_hp_loss":0.0,"gold_gain":0.0,"event_name":"Accursed Blacksmith","player_choice":"Forge","floor":37.0,"gold_loss":0.0,"damage_taken":0.0,"cards_upgraded":["Meteor Strike"]},{"damage_healed":19,"gold_gain":0,"player_choice":"Writhe","damage_taken":0,"max_hp_gain":0,"max_hp_loss":0,"event_name":"Winding Halls","floor":48,"gold_loss":0,"cards_obtained":["Writhe"]}],"is_beta":false,"boss_relics":[{"not_picked":["Eternal Feather","Coffee Dripper"],"picked":"Busted Crown"},{"not_picked":["Cursed Key","Inserter","Runic Pyramid"]}],"items_purged_floors":[20,36,45],"is_endless":false,"potions_floor_spawned":[4,13,16,22,28,29,30,33,38,42,44,46,47],"killed_by":"Time Eater","ascension_level":1}