{"gold_per_floor":[19,19,30,205,222,222,249,263,344,373,28,28,43,43,43,141,141,152,152,164,176,101,112,129,129,129,69,69,21,21,40,40,140,140,156,173,173,173,38,57,57,68,114,114,144,155,155,255,255,255,255,255,7,32,32],"floor_reached":55,"playtime":6067,"items_purged":["Strike_B","Doubt","Defend_B"],"score":737,"play_id":"d9a05a1b-1448-4b99-b198-97986f7d6cb1","local_time":"20181231133055","is_ascension_mode":false,"campfire_choices":[{"data":"Sunder","floor":6,"key":"SMITH"},{"data":"Auto Shields","floor":12,"key":"SMITH"},{"floor":15,"key":"REST"},{"data":"Echo Form","floor":25,"key":"SMITH"},{"floor":28,"key":"REST"},{"data":"Defragment","floor":30,"key":"SMITH"},{"floor":32,"key":"REST"},{"floor":47,"key":"RECALL"},{"floor":49,"key":"REST"},{"data":"Rainbow","floor":52,"key":"SMITH"}],"neow_cost":"NO_GOLD","seed_source_timestamp":83637602378726,"circlet_count":0,"master_deck":["Defend_B","Zap","Dualcast","Sunder+1","Cold Snap","Auto Shields+1","Sweeping Beam","Coolheaded","Defragment+1","Gash","Chill","Force Field","Echo Form+1","Stack+1","Strike_G","Go for the Eyes","Defragment+1","Go for the Eyes","Auto Shields","Rainbow+1","Beam Cell","Melter","All For One","Double Energy+1","Conserve Battery+1","Melter","Parasite","Lockon+1","Madness","Madness","Barrage+1","Beam Cell","Consume","Cold Snap","Double Energy","Beam Cell+1"],"relics":["Cracked Core","Turnip","Gambling Chip","Meat on the Bone","Centennial Puzzle","Bottled Flame","Runic Pyramid","Inserter","Gremlin Horn","Omamori","Oddly Smooth Stone","Torii","Blood Vial"],"potions_floor_usage":[7,16,31,33,36,36,40,50,50,54,55,55],"damage_taken":[{"damage":7,"enemies":"Small Slimes","floor":1,"turns":3},{"damage":0,"enemies":"2 Louse","floor":3,"turns":2},{"damage":4,"enemies":"Jaw Worm","floor":5,"turns":2},{"damage":16,"enemies":"Gremlin Nob","floor":7,"turns":4},{"damage":0,"enemies":"Lots of Slimes","floor":8,"turns":3},{"damage":18,"enemies":"3 Sentries","floor":10,"turns":7},{"damage":3,"enemies":"Gremlin Gang","floor":13,"turns":3},{"damage":29,"enemies":"The Guardian","floor":16,"turns":14},{"damage":8,"enemies":"Shell Parasite","floor":18,"turns":7},{"damage":17,"enemies":"Spheric Guardian","floor":20,"turns":4},{"damage":5,"enemies":"Cultist and Chosen","floor":21,"turns":6},{"damage":0,"enemies":"Snecko","floor":23,"turns":7},{"damage":1,"enemies":"3 Cultists","floor":24,"turns":6},{"damage":16,"enemies":"Chosen and Byrds","floor":31,"turns":6},{"damage":16,"enemies":"Champ","floor":33,"turns":12},{"damage":3,"enemies":"3 Shapes","floor":35,"turns":8},{"damage":2,"enemies":"3 Darklings","floor":36,"turns":7},{"damage":25,"enemies":"Writhing Mass","floor":40,"turns":8},{"damage":15,"enemies":"4 Shapes","floor":42,"turns":5},{"damage":1,"enemies":"Nemesis","floor":45,"turns":9},{"damage":11,"enemies":"Jaw Worm Horde","floor":46,"turns":5},{"damage":10,"enemies":"Mind Bloom Boss Battle","floor":48,"turns":8},{"damage":31,"enemies":"Time Eater","floor":50,"turns":11},{"damage":52,"enemies":"Shield and Spear","floor":54,"turns":8},{"damage":50,"enemies":"The Heart","floor":55,"turns":3}],"seed_played":"2664779787253417606","potions_obtained":[{"floor":1,"key":"PowerPotion"},{"floor":8,"key":"SpeedPotion"},{"floor":10,"key":"AttackPotion"},{"floor":18,"key":"Ancient Potion"},{"floor":21,"key":"Ancient Potion"},{"floor":31,"key":"Fire Potion"},{"floor":33,"key":"SkillPotion"},{"floor":36,"key":"Weak Potion"},{"floor":46,"key":"AttackPotion"},{"floor":48,"key":"FearPotion"},{"floor":54,"key":"Energy Potion"}],"is_trial":false,"path_per_floor":["M","?","M","?","M","R","E","M","T","E","$","R","M","?","R","B",null,"M","?","M","M","?","M","M","R","T","?","R","$","R","M","R","B",null,"M","M","T","?","$","M","?","M","T","?","E","M","R","?","R","B",null,"R","$","E","B"],"character_chosen":"DEFECT","items_purchased":["Bottled Flame","Gash","Beam Cell","Melter","AttackPotion","Double Energy"],"campfire_rested":4,"item_purchase_floors":[11,11,29,39,53,53],"current_hp_per_floor":[68,68,68,68,64,64,48,48,48,42,42,42,39,39,61,44,75,67,67,50,45,45,45,44,44,44,44,66,66,66,50,72,56,75,72,70,70,70,70,45,36,33,33,66,65,54,54,44,63,44,66,66,66,26,0],"gold":32,"neow_bonus":"ONE_RARE_RELIC","is_prod":false,"is_daily":false,"chose_seed":false,"campfire_upgraded":5,"win_rate":0,"timestamp":1546223455,"path_taken":["M","?","M","?","M","R","E","M","T","E","$","R","M","?","R","BOSS","M","?","?","?","?","M","M","R","T","?","R","$","R","M","R","BOSS","M","M","?","?","?","M","?","M","T","?","E","?","R","?","R","BOSS","R","$","E","BOSS"],"build_version":"2018-12-20","purchased_purges":3,"victory":false,"max_hp_per_floor":[75,75,75,75,75,75,75,75,75,75,75,75,75,75,75,75,75,75,75,75,75,75,75,75,75,75,75,75,75,75,75,75,75,75,75,75,75,75,75,75,75,75,75,66,66,66,66,66,66,66,66,66,66,66,66],"card_choices":[{"not_picked":["Hologram","Rebound"],"picked":"Sunder","floor":1},{"not_picked":["Rip and Tear","Blizzard"],"picked":"Cold Snap","floor":3},{"not_picked":["Undo","Redo"],"picked":"Auto Shields","floor":5},{"not_picked":["Coolheaded","Recycle"],"picked":"Sweeping Beam","floor":7},{"not_picked":["Turbo","Sweeping Beam"],"picked":"Coolheaded","floor":8},{"not_picked":["Lockon","Storm"],"picked":"Defragment","floor":10},{"not_picked":["Glacier","Amplify"],"picked":"Chill","floor":13},{"not_picked":["Reboot","Thunder Strike"],"picked":"Echo Form","floor":16},{"not_picked":["Coolheaded","Static Discharge"],"picked":"Stack+1","floor":18},{"not_picked":["Scrape","Consume+1"],"picked":"Go for the Eyes","floor":20},{"not_picked":["Chill","Lockon"],"picked":"Defragment+1","floor":21},{"not_picked":["Barrage","Sweeping Beam"],"picked":"Go for the Eyes","floor":23},{"not_picked":["Chill","Machine Learning"],"picked":"Auto Shields","floor":24},{"not_picked":["Coolheaded","Chaos"],"picked":"Melter","floor":31},{"not_picked":["Biased Cognition","Fission"],"picked":"All For One","floor":33},{"not_picked":["Glacier+1","Barrage"],"picked":"Double Energy+1","floor":35},{"not_picked":["Skim","Redo"],"picked":"Conserve Battery+1","floor":36},{"not_picked":["Scrape+1","Coolheaded"],"picked":"Lockon+1","floor":40},{"not_picked":["Rebound+1","Glacier"],"picked":"Barrage+1","floor":42},{"not_picked":["Leap","Conserve Battery+1"],"picked":"Beam Cell","floor":45},{"not_picked":["Glacier+1","Compile Driver+1"],"picked":"Consume","floor":46},{"not_picked":["Sweeping Beam+1","Stack+1"],"picked":"Cold Snap","floor":48},{"not_picked":["Gash+1","Streamline"],"picked":"Beam Cell+1","floor":54}],"player_experience":358562,"relics_obtained":[{"floor":7,"key":"Gambling Chip"},{"floor":9,"key":"Meat on the Bone"},{"floor":10,"key":"Centennial Puzzle"},{"floor":37,"key":"Gremlin Horn"},{"floor":43,"key":"Omamori"},{"floor":45,"key":"Oddly Smooth Stone"},{"floor":48,"key":"Torii"},{"floor":54,"key":"Blood Vial"}],"event_choices":[{"damage_healed":0,"gold_gain":0,"player_choice":"Ignored","damage_taken":0,"max_hp_gain":0,"max_hp_loss":0,"event_name":"Shining Light","floor":2,"gold_loss":0},{"damage_healed":0,"gold_gain":175,"player_choice":"AGREE","damage_taken":0,"max_hp_gain":0,"max_hp_loss":0,"event_name":"Liars Game","floor":4,"gold_loss":0,"cards_obtained":["Doubt"]},{"damage_healed":0,"gold_gain":0,"cards_transformed":["Strike_B"],"player_choice":"Change","damage_taken":0,"max_hp_gain":0,"max_hp_loss":0,"event_name":"Living Wall","floor":14,"gold_loss":0,"cards_obtained":["Force Field"]},{"cards_removed":["Strike_B"],"damage_healed":0,"gold_gain":0,"player_choice":"Took Card","damage_taken":0,"max_hp_gain":0,"max_hp_loss":0,"event_name":"NoteForYourself","floor":19,"gold_loss":0,"cards_obtained":["Strike_G"]},{"cards_removed":["Strike_B"],"damage_healed":0,"gold_gain":0,"player_choice":"Gave Gold","damage_taken":0,"max_hp_gain":0,"max_hp_loss":0,"event_name":"Beggar","floor":22,"gold_loss":75},{"damage_healed":0,"gold_gain":0,"cards_transformed":["Defend_B","Defend_B"],"player_choice":"Transformed Cards","damage_taken":0,"max_hp_gain":0,"max_hp_loss":0,"event_name":"Designer","floor":27,"gold_loss":60,"cards_obtained":["Auto Shields","Rainbow"]},{"cards_removed":["Auto Shields"],"damage_healed":0,"gold_gain":0,"player_choice":"Removed Skill","damage_taken":0,"max_hp_gain":0,"max_hp_loss":0,"event_name":"Falling","floor":38,"gold_loss":0},{"damage_healed":0,"gold_gain":0,"player_choice":"Embrace Madness","damage_taken":9,"max_hp_gain":0,"max_hp_loss":0,"event_name":"Winding Halls","floor":41,"gold_loss":0,"cards_obtained":["Madness","Madness"]},{"damage_healed":66,"gold_gain":0,"player_choice":"Heal","damage_taken":0,"max_hp_gain":0,"max_hp_loss":9,"event_name":"The Moai Head","floor":44,"gold_loss":0},{"damage_healed":0,"gold_gain":0,"player_choice":"Fight","damage_taken":0,"max_hp_gain":0,"max_hp_loss":0,"event_name":"MindBloom","floor":48,"gold_loss":0}],"is_beta":false,"boss_relics":[{"not_picked":["Calling Bell","Lizard Tail"],"picked":"Runic Pyramid"},{"not_picked":["Astrolabe","Eternal Feather"],"picked":"Inserter"}],"items_purged_floors":[11,39,53],"is_endless":false,"potions_floor_spawned":[1,8,10,18,21,31,33,36,46,48,54],"killed_by":"The Heart","ascension_level":0}