{"gold_per_floor":[115,133,133,153,164,198,198,209,235,251,265,265,37,48,48,143,143,116,133,153,171,181,181,181,181,181,181,199,45,45,62,62,62],"floor_reached":33,"playtime":6616,"items_purged":[],"score":255,"play_id":"cbe09329-d817-46d3-b236-89adf4d0233b","local_time":"20190730203212","is_ascension_mode":false,"campfire_choices":[{"floor":7.0,"key":"REST"},{"data":"Armaments","floor":12.0,"key":"SMITH"},{"data":"Perfected Strike","floor":15.0,"key":"SMITH"},{"data":"Mind Blast","floor":23.0,"key":"SMITH"},{"floor":25.0,"key":"REST"},{"data":"Bludgeon","floor":32.0,"key":"SMITH"}],"neow_cost":"NONE","seed_source_timestamp":0,"circlet_count":0,"master_deck":["Strike_R+1","Strike_R+1","Strike_R+1","Strike_R+1","Strike_R+1","Defend_R+1","Defend_R+1","Defend_R+1","Defend_R+1","Bash","Perfected Strike+1","Flex","Entrench","Twin Strike","Power Through","Armaments+1","Mind Blast+1","Dropkick","Bludgeon+1","Uppercut+1","Wild Strike+1","Clash+1","Clash","RitualDagger","Flame Barrier+1","Infernal Blade"],"special_seed":0,"relics":["Black Blood","Blood Vial","Whetstone","Bag of Preparation","Orichalcum","Self Forming Clay","Happy Flower"],"potions_floor_usage":[33],"damage_taken":[{"damage":6.0,"enemies":"Small Slimes","floor":1.0,"turns":4.0},{"damage":1.0,"enemies":"Cultist","floor":2.0,"turns":3.0},{"damage":1.0,"enemies":"Jaw Worm","floor":4.0,"turns":4.0},{"damage":9.0,"enemies":"2 Fungi Beasts","floor":5.0,"turns":4.0},{"damage":48.0,"enemies":"3 Sentries","floor":6.0,"turns":10.0},{"damage":21.0,"enemies":"3 Louse","floor":8.0,"turns":4.0},{"damage":22.0,"enemies":"Red Slaver","floor":10.0,"turns":6.0},{"damage":4.0,"enemies":"Blue Slaver","floor":11.0,"turns":5.0},{"damage":10.0,"enemies":"Large Slime","floor":14.0,"turns":5.0},{"damage":28.0,"enemies":"Hexaghost","floor":16.0,"turns":10.0},{"damage":17.0,"enemies":"2 Thieves","floor":18.0,"turns":5.0},{"damage":4.0,"enemies":"Spheric Guardian","floor":19.0,"turns":3.0},{"damage":20.0,"enemies":"Snecko","floor":20.0,"turns":5.0},{"damage":30.0,"enemies":"Shelled Parasite and Fungi","floor":21.0,"turns":5.0},{"damage":9.0,"enemies":"Snake Plant","floor":22.0,"turns":3.0},{"damage":0.0,"enemies":"Snecko","floor":28.0,"turns":4.0},{"damage":3.0,"enemies":"3 Cultists","floor":31.0,"turns":6.0},{"damage":80,"enemies":"Champ","floor":33,"turns":8}],"seed_played":"3153489891854634318","potions_obtained":[{"floor":2.0,"key":"LiquidBronze"},{"floor":4.0,"key":"Regen Potion"},{"floor":5.0,"key":"Poison Potion"},{"floor":11.0,"key":"EssenceOfSteel"},{"floor":19.0,"key":"Strength Potion"},{"floor":21.0,"key":"GamblersBrew"},{"floor":28.0,"key":"Dexterity Potion"}],"is_trial":false,"path_per_floor":["M","M","?","M","M","E","R","M","T","M","M","R","$","M","R","B",null,"M","M","M","M","M","R","?","R","T","?","M","$","?","M","R","B"],"character_chosen":"IRONCLAD","items_purchased":["Orichalcum","Mind Blast","Happy Flower"],"campfire_rested":2,"item_purchase_floors":[13,13,29],"current_hp_per_floor":[80,80,80,80,77,37,61,48,48,49,53,53,53,51,51,31,80,73,80,70,52,55,55,55,79,79,73,80,80,80,80,80,0],"gold":62,"neow_bonus":"RANDOM_COMMON_RELIC","is_prod":false,"is_daily":false,"chose_seed":false,"campfire_upgraded":4,"win_rate":0.0,"timestamp":1564489932,"path_taken":["M","M","?","M","M","E","R","M","T","M","M","R","$","M","R","BOSS","M","M","?","M","M","R","?","R","T","?","M","$","?","?","R","BOSS"],"build_version":"2019-07-17","purchased_purges":0,"victory":false,"max_hp_per_floor":[80,80,80,80,80,80,80,80,80,80,80,80,80,80,80,80,80,80,80,80,80,80,80,80,80,80,80,80,80,80,80,80,80],"card_choices":[{"not_picked":["Body Slam","Anger"],"picked":"Perfected Strike","floor":1.0},{"not_picked":["Spot Weakness","Headbutt"],"picked":"Flex","floor":2.0},{"not_picked":["Flex","Feel No Pain","Sever Soul"],"picked":"SKIP","floor":4.0},{"not_picked":["Headbutt","Clothesline"],"picked":"Entrench","floor":5.0},{"not_picked":["Dropkick","Twin Strike","Disarm"],"picked":"SKIP","floor":6.0},{"not_picked":["True Grit","Wild Strike"],"picked":"Twin Strike","floor":8.0},{"not_picked":["Seeing Red","Perfected Strike"],"picked":"Power Through","floor":10.0},{"not_picked":["Spot Weakness","Flex"],"picked":"Armaments","floor":11.0},{"not_picked":["Power Through","Disarm"],"picked":"Dropkick","floor":14.0},{"not_picked":["Berserk","Limit Break"],"picked":"Bludgeon","floor":16.0},{"not_picked":["Flex","Metallicize"],"picked":"Uppercut+1","floor":18.0},{"not_picked":["Iron Wave","Power Through"],"picked":"Wild Strike+1","floor":19.0},{"not_picked":["Burning Pact","True Grit"],"picked":"Clash+1","floor":20.0},{"not_picked":["Cleave","Clothesline+1","Entrench"],"picked":"SKIP","floor":21.0},{"not_picked":["Cleave","Sever Soul"],"picked":"Clash","floor":22.0},{"not_picked":["Anger","Cleave+1"],"picked":"Flame Barrier","floor":28.0},{"not_picked":["Metallicize","Sever Soul"],"picked":"Infernal Blade","floor":31.0}],"player_experience":36930,"relics_obtained":[{"floor":6.0,"key":"Whetstone"},{"floor":9.0,"key":"Bag of Preparation"},{"floor":26.0,"key":"Self Forming Clay"}],"event_choices":[{"damage_healed":0.0,"max_hp_gain":0.0,"max_hp_loss":0.0,"gold_gain":0.0,"event_name":"Purifier","player_choice":"Ignored","floor":3.0,"gold_loss":0.0,"damage_taken":0.0},{"damage_healed":0.0,"max_hp_gain":0.0,"max_hp_loss":0.0,"gold_gain":0.0,"event_name":"Back to Basics","player_choice":"Simplicity","floor":24.0,"gold_loss":0.0,"damage_taken":0.0,"cards_upgraded":["Strike_R","Strike_R","Strike_R","Defend_R","Defend_R","Defend_R","Defend_R"]},{"damage_healed":0.0,"max_hp_gain":0.0,"max_hp_loss":0.0,"gold_gain":0.0,"event_name":"Nest","player_choice":"Joined the Cult","floor":27.0,"gold_loss":0.0,"damage_taken":6.0,"cards_obtained":["RitualDagger"]},{"damage_healed":0.0,"max_hp_gain":0.0,"max_hp_loss":0.0,"gold_gain":0.0,"event_name":"Upgrade Shrine","player_choice":"Upgraded","floor":30.0,"gold_loss":0.0,"damage_taken":0.0,"cards_upgraded":["Flame Barrier"]}],"is_beta":false,"boss_relics":[{"not_picked":["Cursed Key","Runic Dome"],"picked":"Black Blood"}],"items_purged_floors":[],"is_endless":false,"potions_floor_spawned":[2,4,5,8,11,19,21,28],"killed_by":"Champ","ascension_level":0}