{"gold_per_floor":[111,36,36,49,49,49,67,67,67,80,98,98,98],"floor_reached":13,"playtime":368,"items_purged":["Strike_G"],"score":150,"play_id":"b980020e-4e33-47ab-a1c1-4002e0843a27","local_time":"20190702103216","is_ascension_mode":true,"campfire_choices":[{"data":"Crippling Poison","floor":6,"key":"SMITH"},{"data":"Bane","floor":8,"key":"SMITH"}],"neow_cost":"PERCENT_DAMAGE","seed_source_timestamp":64895825048981,"circlet_count":0,"master_deck":["AscendersBane","Strike_G","Strike_G","Defend_G","Defend_G","Defend_G","Defend_G","Defend_G","Survivor","Neutralize","Reflex","Crippling Poison+1","Footwork","Bane+1","PiercingWail","Well Laid Plans","Tools of the Trade","Tactician"],"relics":["Ring of the Snake","Prayer Wheel"],"potions_floor_usage":[13],"damage_taken":[{"damage":2,"enemies":"Jaw Worm","floor":1,"turns":7},{"damage":2,"enemies":"2 Louse","floor":4,"turns":4},{"damage":3,"enemies":"Cultist","floor":7,"turns":5},{"damage":8,"enemies":"Large Slime","floor":10,"turns":7},{"damage":5,"enemies":"Red Slaver","floor":11,"turns":4},{"damage":10,"enemies":"Lots of Slimes","floor":13,"turns":2}],"seed_played":"5368597329046246627","potions_obtained":[{"floor":5,"key":"Energy Potion"},{"floor":5,"key":"AttackPotion"},{"floor":10,"key":"Swift Potion"},{"floor":11,"key":"PowerPotion"}],"is_trial":false,"path_per_floor":["M","$","?","M","?","R","M","R","T","M","M","?","M"],"character_chosen":"THE_SILENT","items_purchased":[],"campfire_rested":0,"item_purchase_floors":[],"current_hp_per_floor":[42,42,42,40,40,40,37,37,37,29,24,24,14],"gold":98,"neow_bonus":"ONE_RARE_RELIC","is_prod":false,"is_daily":false,"chose_seed":false,"campfire_upgraded":2,"win_rate":0,"timestamp":1562034736,"path_taken":["M","$","?","M","?","R","M","R","T","?","M","?","?"],"build_version":"2019-07-01","purchased_purges":1,"victory":false,"max_hp_per_floor":[66,66,66,66,66,66,66,66,66,66,66,66,66],"card_choices":[{"not_picked":["Bane","Blade Dance"],"picked":"Reflex","floor":1},{"not_picked":["Terror","Bane","Prepared"],"picked":"SKIP","floor":1},{"not_picked":["Accuracy","Crippling Poison"],"picked":"Footwork","floor":4},{"not_picked":["Flying Knee","Accuracy","Poisoned Stab"],"picked":"SKIP","floor":4},{"not_picked":["Flying Knee","Dagger Throw"],"picked":"Bane","floor":7},{"not_picked":["Flying Knee","Choke"],"picked":"PiercingWail","floor":7},{"not_picked":["Deflect","Leg Sweep"],"picked":"Well Laid Plans","floor":10},{"not_picked":["Dagger Throw","Eviscerate"],"picked":"Tools of the Trade","floor":10},{"not_picked":["All Out Attack","Caltrops"],"picked":"Tactician","floor":11},{"not_picked":["Cloak And Dagger","Riddle With Holes","Setup"],"picked":"SKIP","floor":11}],"player_experience":1037803,"relics_obtained":[],"event_choices":[{"damage_healed":0,"gold_gain":0,"cards_transformed":["Strike_G"],"player_choice":"Change","damage_taken":0,"max_hp_gain":0,"max_hp_loss":0,"event_name":"Living Wall","floor":3,"gold_loss":0,"cards_obtained":["Crippling Poison"]},{"damage_healed":0,"gold_gain":0,"player_choice":"Got Potions","damage_taken":0,"max_hp_gain":0,"max_hp_loss":0,"event_name":"Lab","floor":5,"gold_loss":0},{"cards_removed":["Strike_G"],"damage_healed":0,"gold_gain":0,"player_choice":"Purged","damage_taken":0,"max_hp_gain":0,"max_hp_loss":0,"event_name":"Purifier","floor":12,"gold_loss":0}],"is_beta":false,"boss_relics":[],"items_purged_floors":[2],"is_endless":false,"potions_floor_spawned":[10,11],"killed_by":"Lots of Slimes","ascension_level":20}