{"gold_per_floor":[119,131,5,5,25,25,57,57,57,84,84,115,115,132,132,236,236,254,254,254,271,305,305,330,330,330,330,348,373,385,405,405,508,508,520,520,537,138,48,48,66,78,78,78,107,125,125,125,125,125,125,125,1,27,27],"floor_reached":55,"playtime":2342,"items_purged":["Strike_B","Genetic Algorithm"],"score":868,"play_id":"4fcbca9c-3f09-41de-aae8-544384d5559a","local_time":"20190714215549","is_ascension_mode":true,"campfire_choices":[{"data":"Electrodynamics","floor":6.0,"key":"SMITH"},{"data":"Zap","floor":8.0,"key":"SMITH"},{"floor":15.0,"key":"REST"},{"data":"Electrodynamics","floor":23.0,"key":"SMITH"},{"floor":25.0,"key":"REST"},{"data":"Static Discharge","floor":27.0,"key":"SMITH"},{"floor":32.0,"key":"REST"},{"floor":40.0,"key":"RECALL"},{"data":"Steam","floor":44.0,"key":"SMITH"},{"floor":47.0,"key":"REST"},{"floor":49.0,"key":"REST"},{"data":"PanicButton","floor":52,"key":"SMITH"}],"neow_cost":"NONE","seed_source_timestamp":105943684168728,"circlet_count":0,"master_deck":["Strike_B+1","Strike_B+1","Defend_B+1","Defend_B+1","Defend_B+1","Defend_B+1","Zap+1","Electrodynamics+1","Cold Snap","Ball Lightning+1","Ball Lightning","Ball Lightning+1","Static Discharge+1","Defragment+1","Steam+1","Electrodynamics+1","Auto Shields","Auto Shields","Steam+1","Conserve Battery+1","Coolheaded+1","Reprogram+1","PanicButton+1","Static Discharge+1","Steam+1","Barrage+1","Steam"],"special_seed":0,"relics":["Cracked Core","Darkstone Periapt","Pear","Juzu Bracelet","Whetstone","Inserter","Red Mask","Nunchaku","Mercury Hourglass","Unceasing Top","Sozu","Letter Opener","Happy Flower","Bottled Flame","Bag of Preparation"],"potions_floor_usage":[55,55,55],"damage_taken":[{"damage":7.0,"enemies":"Small Slimes","floor":1.0,"turns":2.0},{"damage":3.0,"enemies":"2 Louse","floor":2.0,"turns":2.0},{"damage":0.0,"enemies":"Cultist","floor":5.0,"turns":3.0},{"damage":8.0,"enemies":"Gremlin Nob","floor":7.0,"turns":3.0},{"damage":9.0,"enemies":"3 Sentries","floor":10.0,"turns":2.0},{"damage":18.0,"enemies":"Lagavulin","floor":12.0,"turns":4.0},{"damage":2.0,"enemies":"Looter","floor":14.0,"turns":3.0},{"damage":0.0,"enemies":"Slime Boss","floor":16.0,"turns":4.0},{"damage":11.0,"enemies":"Shell Parasite","floor":18.0,"turns":5.0},{"damage":5.0,"enemies":"3 Byrds","floor":21.0,"turns":2.0},{"damage":15.0,"enemies":"Masked Bandits","floor":22.0,"turns":3.0},{"damage":15.0,"enemies":"Book of Stabbing","floor":24.0,"turns":5.0},{"damage":11.0,"enemies":"Snecko","floor":28.0,"turns":3.0},{"damage":8.0,"enemies":"Gremlin Leader","floor":29.0,"turns":4.0},{"damage":2.0,"enemies":"Snake Plant","floor":30.0,"turns":4.0},{"damage":0.0,"enemies":"3 Cultists","floor":31.0,"turns":3.0},{"damage":0.0,"enemies":"Automaton","floor":33.0,"turns":8.0},{"damage":0.0,"enemies":"3 Darklings","floor":35.0,"turns":3.0},{"damage":3.0,"enemies":"Orb Walker","floor":37.0,"turns":4.0},{"damage":8.0,"enemies":"Spire Growth","floor":41.0,"turns":4.0},{"damage":0.0,"enemies":"Sphere and 2 Shapes","floor":42.0,"turns":3.0},{"damage":33.0,"enemies":"Nemesis","floor":45.0,"turns":7.0},{"damage":19.0,"enemies":"Writhing Mass","floor":46.0,"turns":4.0},{"damage":25,"enemies":"Donu and Deca","floor":50,"turns":6},{"damage":20,"enemies":"Shield and Spear","floor":54,"turns":6},{"damage":68,"enemies":"The Heart","floor":55,"turns":6}],"seed_played":"6801737057651569154","potions_obtained":[{"floor":2.0,"key":"Explosive Potion"},{"floor":5.0,"key":"SpeedPotion"},{"floor":7.0,"key":"Dexterity Potion"},{"floor":16.0,"key":"Fire Potion"},{"floor":24.0,"key":"Weak Potion"},{"floor":28.0,"key":"SpeedPotion"},{"floor":31.0,"key":"Swift Potion"},{"floor":33.0,"key":"SpeedPotion"}],"is_trial":false,"path_per_floor":["M","M","$","?","M","R","E","R","T","E","?","E","?","M","R","B",null,"M","?","?","M","?","R","E","R","T","R","M","E","M","M","R","B",null,"M","?","M","$","?","R","M","M","T","R","E","M","R","?","R","B",null,"R","$","E","B"],"character_chosen":"DEFECT","items_purchased":["Hologram","Letter Opener","Happy Flower","Steam"],"campfire_rested":5,"item_purchase_floors":[3,38,38,53],"current_hp_per_floor":[68,65,65,50,50,50,42,42,52,43,43,25,25,23,48,48,85,74,74,74,69,54,54,39,64,64,64,53,45,43,43,68,68,85,85,85,82,82,82,82,74,74,74,74,41,22,47,47,72,47,85,85,85,65,0],"gold":27,"neow_bonus":"ONE_RANDOM_RARE_CARD","is_prod":false,"is_daily":false,"chose_seed":false,"campfire_upgraded":6,"win_rate":0,"timestamp":1563159349,"path_taken":["M","M","$","?","M","R","E","R","T","E","?","E","?","M","R","BOSS","M","?","?","M","?","R","E","R","T","R","M","E","M","M","R","BOSS","M","?","M","$","?","R","M","M","T","R","E","M","R","?","R","BOSS","R","$","E","BOSS"],"build_version":"2019-07-05","purchased_purges":2,"victory":false,"max_hp_per_floor":[75,75,75,75,75,75,75,75,85,85,85,85,85,85,85,85,85,85,85,85,85,85,85,85,85,85,85,85,85,85,85,85,85,85,85,85,85,85,85,85,85,85,85,85,85,85,85,85,85,85,85,85,85,85,85],"card_choices":[{"not_picked":["Melter","Hologram"],"picked":"Cold Snap","floor":1.0},{"not_picked":["Skim","Turbo"],"picked":"Ball Lightning","floor":2.0},{"not_picked":["Streamline","Cold Snap"],"picked":"Ball Lightning","floor":5.0},{"not_picked":["Aggregate","Double Energy"],"picked":"Ball Lightning","floor":7.0},{"not_picked":["Aggregate","Rainbow"],"picked":"Static Discharge","floor":10.0},{"not_picked":["Genetic Algorithm","Streamline"],"picked":"Defragment","floor":12.0},{"not_picked":["Fusion","Reinforced Body"],"picked":"Steam","floor":14.0},{"not_picked":["Rainbow","Multi-Cast"],"picked":"Electrodynamics","floor":16.0},{"not_picked":["Sweeping Beam+1","Cold Snap","Hologram"],"picked":"SKIP","floor":18.0},{"not_picked":["Ball Lightning","Redo"],"picked":"Auto Shields","floor":21.0},{"not_picked":["Conserve Battery","Gash"],"picked":"Steam+1","floor":22.0},{"not_picked":["Streamline","Beam Cell","Consume"],"picked":"SKIP","floor":24.0},{"not_picked":["Hello World+1","Turbo","Cold Snap"],"picked":"SKIP","floor":28.0},{"not_picked":["Chaos+1","Rainbow"],"picked":"Conserve Battery","floor":29.0},{"not_picked":["Reinforced Body","Auto Shields"],"picked":"Coolheaded+1","floor":30.0},{"not_picked":["Cold Snap","Ball Lightning","Chaos"],"picked":"SKIP","floor":31.0},{"not_picked":["Darkness","Auto Shields+1"],"picked":"Reprogram+1","floor":35.0},{"not_picked":["Chrysalis","Flash of Steel"],"picked":"PanicButton","floor":36.0},{"not_picked":["Turbo+1","Sweeping Beam","Compile Driver"],"picked":"SKIP","floor":37.0},{"not_picked":["Leap","Genetic Algorithm"],"picked":"Static Discharge+1","floor":41.0},{"not_picked":["Cold Snap+1","Barrage+1","Skim"],"picked":"SKIP","floor":42.0},{"not_picked":["Rebound","FTL+1"],"picked":"Steam+1","floor":45.0},{"not_picked":["Compile Driver","Rip and Tear+1"],"picked":"Barrage+1","floor":46.0},{"not_picked":["Auto Shields","Aggregate+1","Go for the Eyes"],"picked":"SKIP","floor":54}],"player_experience":213298,"relics_obtained":[{"floor":7.0,"key":"Darkstone Periapt"},{"floor":9.0,"key":"Pear"},{"floor":10.0,"key":"Juzu Bracelet"},{"floor":12.0,"key":"Whetstone"},{"floor":22.0,"key":"Red Mask"},{"floor":24.0,"key":"Nunchaku"},{"floor":26.0,"key":"Mercury Hourglass"},{"floor":29.0,"key":"Unceasing Top"},{"floor":45.0,"key":"Bottled Flame"},{"floor":54,"key":"Bag of Preparation"}],"event_choices":[{"damage_healed":0.0,"max_hp_gain":0.0,"max_hp_loss":0.0,"gold_gain":0.0,"event_name":"Shining Light","player_choice":"Entered Light","floor":4.0,"gold_loss":0.0,"damage_taken":15.0,"cards_upgraded":["Strike_B","Ball Lightning"]},{"damage_healed":0.0,"max_hp_gain":0.0,"max_hp_loss":0.0,"gold_gain":0.0,"event_name":"Liars Game","player_choice":"Ignored","floor":11.0,"gold_loss":0.0,"damage_taken":0.0},{"damage_healed":0.0,"max_hp_gain":0.0,"max_hp_loss":0.0,"gold_gain":0.0,"event_name":"Living Wall","player_choice":"Grow","floor":13.0,"gold_loss":0.0,"damage_taken":0.0,"cards_upgraded":["Defragment"]},{"damage_healed":0.0,"max_hp_gain":0.0,"max_hp_loss":0.0,"gold_gain":0.0,"event_name":"Back to Basics","player_choice":"Simplicity","floor":19.0,"gold_loss":0.0,"damage_taken":0.0,"cards_upgraded":["Strike_B","Defend_B","Defend_B","Defend_B","Defend_B"]},{"damage_healed":0.0,"max_hp_gain":0.0,"max_hp_loss":0.0,"gold_gain":0.0,"cards_transformed":["Dualcast"],"event_name":"Transmorgrifier","player_choice":"Transformed","floor":20.0,"gold_loss":0.0,"damage_taken":0.0,"cards_obtained":["Auto Shields"]},{"damage_healed":0.0,"max_hp_gain":0.0,"max_hp_loss":0.0,"gold_gain":0.0,"event_name":"Masked Bandits","player_choice":"Fought Bandits","floor":22.0,"gold_loss":0.0,"damage_taken":0.0},{"damage_healed":0.0,"max_hp_gain":0.0,"max_hp_loss":0.0,"gold_gain":0.0,"event_name":"SensoryStone","player_choice":"Memory 1","floor":36.0,"gold_loss":0.0,"damage_taken":0.0},{"cards_removed":["Strike_B"],"damage_healed":0.0,"max_hp_gain":0.0,"max_hp_loss":0.0,"gold_gain":0.0,"event_name":"Designer","player_choice":"Upgrade and Remove","floor":39.0,"gold_loss":90.0,"damage_taken":0.0,"cards_upgraded":["Conserve Battery"]},{"damage_healed":0.0,"max_hp_gain":0.0,"max_hp_loss":0.0,"gold_gain":0.0,"cards_transformed":["Hologram"],"event_name":"Transmorgrifier","player_choice":"Transformed","floor":48.0,"gold_loss":0.0,"damage_taken":0.0,"cards_obtained":["Genetic Algorithm"]}],"is_beta":false,"boss_relics":[{"not_picked":["Velvet Choker","Eternal Feather"],"picked":"Inserter"},{"not_picked":["Black Star","Cursed Key"],"picked":"Sozu"}],"items_purged_floors":[3,53],"is_endless":false,"potions_floor_spawned":[2,5,7,16,24,28,31,33,35,37,46],"killed_by":"The Heart","ascension_level":1}