{"gold_per_floor":[113,113,133,133,133,172,172,207,257,277,293,293,293],"floor_reached":13,"playtime":260,"items_purged":[],"score":224,"play_id":"a7b3b622-7cb7-4172-827f-50f58ed0bd67","local_time":"20190307001138","is_ascension_mode":true,"campfire_choices":[{"floor":7,"key":"REST"}],"neow_cost":"NONE","seed_source_timestamp":65646675042995,"circlet_count":0,"master_deck":["AscendersBane","Strike_R","Strike_R","Strike_R","Strike_R","Defend_R","Defend_R","Defend_R","Defend_R","Bash","Shockwave","Carnage","Heavy Blade","Impervious","Rampage","Double Tap"],"relics":["Burning Blood","NeowsBlessing","Golden Idol","Lantern","Juzu Bracelet","Oddly Smooth Stone","Torii"],"potions_floor_usage":[10,13,13],"damage_taken":[{"damage":0,"enemies":"Cultist","floor":1,"turns":1},{"damage":0,"enemies":"2 Louse","floor":3,"turns":1},{"damage":0,"enemies":"Lagavulin","floor":6,"turns":2},{"damage":24,"enemies":"Gremlin Nob","floor":8,"turns":4},{"damage":14,"enemies":"Small Slimes","floor":10,"turns":3},{"damage":15,"enemies":"2 Fungi Beasts","floor":11,"turns":4},{"damage":31,"enemies":"3 Sentries","floor":13,"turns":4}],"seed_played":"8123784161531300967","potions_obtained":[{"floor":1,"key":"Dexterity Potion"},{"floor":8,"key":"LiquidBronze"},{"floor":10,"key":"SpeedPotion"},{"floor":11,"key":"Block Potion"}],"is_trial":false,"path_per_floor":["M","?","M","?","$","E","R","E","T","M","M","?","E"],"character_chosen":"IRONCLAD","items_purchased":[],"campfire_rested":1,"item_purchase_floors":[],"current_hp_per_floor":[74,67,73,47,47,53,75,57,57,49,40,22,0],"gold":293,"neow_bonus":"THREE_ENEMY_KILL","is_prod":false,"is_daily":false,"chose_seed":false,"campfire_upgraded":0,"win_rate":0,"timestamp":1551877898,"path_taken":["M","?","M","?","$","E","R","E","T","M","M","?","E"],"build_version":"2019-01-23","purchased_purges":0,"victory":false,"max_hp_per_floor":[75,75,75,75,75,75,75,75,75,75,75,75,75],"card_choices":[{"not_picked":["Searing Blow","Sword Boomerang"],"picked":"Shockwave","floor":1},{"not_picked":["Warcry","Battle Trance"],"picked":"Carnage","floor":3},{"not_picked":["Wild Strike","Twin Strike"],"picked":"Heavy Blade","floor":6},{"not_picked":["Whirlwind","Shrug It Off"],"picked":"Impervious","floor":8},{"not_picked":["Wild Strike","Headbutt"],"picked":"Rampage","floor":10},{"not_picked":["Headbutt","Perfected Strike"],"picked":"Double Tap","floor":11}],"player_experience":819790,"relics_obtained":[{"floor":6,"key":"Lantern"},{"floor":8,"key":"Juzu Bracelet"},{"floor":9,"key":"Oddly Smooth Stone"}],"event_choices":[{"cards_removed":["Strike_R"],"damage_healed":0,"gold_gain":0,"player_choice":"Card Removal","damage_taken":7,"max_hp_gain":0,"max_hp_loss":0,"event_name":"Golden Wing","floor":2,"gold_loss":0},{"damage_healed":0,"gold_gain":0,"player_choice":"Take Damage","damage_taken":26,"relics_obtained":["Golden Idol"],"max_hp_gain":0,"max_hp_loss":0,"event_name":"Golden Idol","floor":4,"gold_loss":0},{"damage_healed":0,"gold_gain":0,"player_choice":"Success","damage_taken":18,"relics_obtained":["Torii"],"max_hp_gain":0,"max_hp_loss":0,"event_name":"Scrap Ooze","floor":12,"gold_loss":0}],"is_beta":false,"boss_relics":[],"items_purged_floors":[],"is_endless":false,"potions_floor_spawned":[1,8,10,11],"killed_by":"3 Sentries","ascension_level":18}