{"gold_per_floor":[109,109,61,61,14,14,33,33,86,104,104,118,118,293,293,391,391,406,505,268,285,60,60],"floor_reached":23,"playtime":694,"items_purged":["Doubt"],"score":274,"play_id":"97faaacc-86c8-4905-85a8-6460bb4829f4","local_time":"20190329211417","is_ascension_mode":true,"campfire_choices":[{"floor":6,"key":"REST"},{"floor":8,"key":"REST"},{"data":"Sunder","floor":11,"key":"SMITH"},{"data":"Coolheaded","floor":13,"key":"SMITH"},{"data":"Sweeping Beam","floor":15,"key":"SMITH"}],"neow_cost":"PERCENT_DAMAGE","seed_source_timestamp":64180440110082,"circlet_count":0,"master_deck":["AscendersBane","Strike_B","Strike_B","Strike_B","Strike_B","Defend_B","Defend_B","Defend_B","Defend_B","Zap","Dualcast","Echo Form+1","Leap","Steam","Coolheaded+1","Sunder+1","Stack","Sweeping Beam+1","Creative AI","Cold Snap","Leap","Rebound","Defragment","Coolheaded","Ball Lightning","All For One","Ball Lightning+1","Glacier"],"relics":["Cracked Core","Regal Pillow","Orrery","DataDisk"],"potions_floor_usage":[16,18,23],"damage_taken":[{"damage":18,"enemies":"Jaw Worm","floor":1,"turns":4},{"damage":5,"enemies":"Small Slimes","floor":7,"turns":4},{"damage":0,"enemies":"Cultist","floor":10,"turns":3},{"damage":0,"enemies":"Exordium Wildlife","floor":12,"turns":3},{"damage":16,"enemies":"Slime Boss","floor":16,"turns":13},{"damage":30,"enemies":"2 Thieves","floor":18,"turns":5},{"damage":16,"enemies":"Spheric Guardian","floor":21,"turns":5},{"damage":26,"enemies":"Slavers","floor":23,"turns":1}],"seed_played":"5063099999154492099","potions_obtained":[{"floor":10,"key":"Block Potion"},{"floor":16,"key":"PowerPotion"},{"floor":18,"key":"AttackPotion"}],"is_trial":false,"path_per_floor":["M","?","$","?","$","R","M","R","T","M","R","M","R","?","R","B",null,"M","?","$","M","$","E"],"character_chosen":"DEFECT","items_purchased":["Steam","Coolheaded","All For One","DataDisk","Glacier"],"campfire_rested":2,"item_purchase_floors":[3,5,20,22,22],"current_hp_per_floor":[32,32,32,32,32,54,49,71,71,71,71,71,71,71,71,55,70,40,40,40,24,24,0],"gold":60,"neow_bonus":"THREE_RARE_CARDS","is_prod":false,"is_daily":false,"chose_seed":false,"campfire_upgraded":3,"win_rate":0,"timestamp":1553854457,"path_taken":["M","?","$","?","$","R","M","R","T","?","R","M","R","?","R","BOSS","M","?","$","M","?","E"],"build_version":"2019-01-23","purchased_purges":1,"victory":false,"max_hp_per_floor":[75,75,75,75,75,75,75,75,75,75,75,75,75,75,75,75,75,75,75,75,75,75,75],"card_choices":[{"not_picked":["All For One","Hyperbeam"],"picked":"Echo Form","floor":0},{"not_picked":["Turbo","Rebound"],"picked":"Leap","floor":1},{"not_picked":["Scrape","Reprogram"],"picked":"Sunder","floor":7},{"not_picked":["Skim","Rebound"],"picked":"Stack","floor":10},{"not_picked":["Redo","Rip and Tear"],"picked":"Sweeping Beam","floor":12},{"not_picked":["Buffer","Thunder Strike"],"picked":"Creative AI","floor":16},{"not_picked":["Beam Cell","Genetic Algorithm"],"picked":"Cold Snap","floor":17},{"not_picked":["Reinforced Body","Sweeping Beam"],"picked":"Leap","floor":17},{"not_picked":["Darkness","Sweeping Beam"],"picked":"Rebound","floor":17},{"not_picked":["Skim","Hologram"],"picked":"Defragment","floor":17},{"not_picked":["Cold Snap","Streamline"],"picked":"Coolheaded","floor":17},{"not_picked":["Conserve Battery","Compile Driver"],"picked":"Ball Lightning","floor":18},{"not_picked":["Thunder Strike","Turbo+1"],"picked":"Ball Lightning+1","floor":21}],"player_experience":893248,"relics_obtained":[{"floor":9,"key":"Regal Pillow"}],"event_choices":[{"damage_healed":0,"gold_gain":0,"player_choice":"Ignored","damage_taken":0,"max_hp_gain":0,"max_hp_loss":0,"event_name":"Golden Wing","floor":2,"gold_loss":0},{"damage_healed":0,"gold_gain":0,"player_choice":"Upgraded","damage_taken":0,"max_hp_gain":0,"max_hp_loss":0,"event_name":"Upgrade Shrine","floor":4,"gold_loss":0,"cards_upgraded":["Echo Form"]},{"damage_healed":0,"gold_gain":175,"player_choice":"AGREE","damage_taken":0,"max_hp_gain":0,"max_hp_loss":0,"event_name":"Liars Game","floor":14,"gold_loss":0,"cards_obtained":["Doubt"]},{"damage_healed":0,"gold_gain":99,"player_choice":"Stole From Cult","damage_taken":0,"max_hp_gain":0,"max_hp_loss":0,"event_name":"Nest","floor":19,"gold_loss":0}],"is_beta":false,"boss_relics":[{"not_picked":["Cursed Key","Snecko Eye"],"picked":"Orrery"}],"items_purged_floors":[20],"is_endless":false,"potions_floor_spawned":[10,16,18],"killed_by":"Slavers","ascension_level":11}