{"gold_per_floor":[110,110,128,138,153,153,153,153,229,255,255,268,278,20,20,97,97,111,111,111,4,23,23,35,70,124,124,140,151,151,161,161,234,234,252,252,252,111,111,111,142,142,213,213,227,238,291,291,291,291,291,291,291,23,58,58],"floor_reached":57,"playtime":3975,"items_purged":["Deadly Poison+1","Dagger Throw+1"],"score":2875,"play_id":"395c147d-b86b-4441-a38e-1197e53d4c52","local_time":"20190715105444","is_ascension_mode":true,"campfire_choices":[{"data":"Deadly Poison","floor":6.0,"key":"SMITH"},{"data":"Crippling Poison","floor":11.0,"key":"SMITH"},{"data":"Neutralize","floor":15.0,"key":"SMITH"},{"floor":23.0,"key":"REST"},{"data":"Concentrate","floor":27.0,"key":"SMITH"},{"floor":30.0,"key":"REST"},{"data":"Leg Sweep","floor":32.0,"key":"SMITH"},{"data":"Well Laid Plans","floor":40.0,"key":"SMITH"},{"floor":42.0,"key":"RECALL"},{"floor":44.0,"key":"REST"},{"data":"Expertise","floor":49.0,"key":"SMITH"},{"floor":53.0,"key":"REST"}],"neow_cost":"PERCENT_DAMAGE","seed_source_timestamp":334424636118859,"circlet_count":0,"master_deck":["AscendersBane","Survivor+1","Neutralize+1","After Image+1","Acrobatics+1","Crippling Poison+1","Corpse Explosion+1","Noxious Fumes+1","Prepared+1","Footwork+1","Eviscerate+1","Grand Finale+1","Concentrate+1","PiercingWail+1","Backflip+1","Backflip+1","Calculated Gamble+1","Leg Sweep+1","Bullet Time+1","Well Laid Plans+1","Acrobatics+1","Cloak And Dagger+1","Expertise+1","Finesse"],"special_seed":0,"relics":["Ring of the Snake","Bronze Scales","Lantern","Membership Card","Pandora\u0027s Box","War Paint","Dream Catcher","Bag of Preparation","Empty Cage","Mark of the Bloom","Potion Belt","Oddly Smooth Stone","Paper Crane","Tingsha","Omamori","HandDrill","Bird Faced Urn"],"potions_floor_usage":[56,56,56,56],"damage_taken":[{"damage":0.0,"enemies":"Jaw Worm","floor":1.0,"turns":4.0},{"damage":0.0,"enemies":"Cultist","floor":3.0,"turns":5.0},{"damage":3.0,"enemies":"Small Slimes","floor":4.0,"turns":5.0},{"damage":0.0,"enemies":"Looter","floor":5.0,"turns":5.0},{"damage":43.0,"enemies":"Gremlin Nob","floor":10.0,"turns":5.0},{"damage":0.0,"enemies":"Exordium Wildlife","floor":12.0,"turns":6.0},{"damage":0.0,"enemies":"Exordium Thugs","floor":13.0,"turns":3.0},{"damage":2.0,"enemies":"Hexaghost","floor":16.0,"turns":9.0},{"damage":13.0,"enemies":"2 Thieves","floor":18.0,"turns":2.0},{"damage":8.0,"enemies":"Shell Parasite","floor":22.0,"turns":5.0},{"damage":8.0,"enemies":"Cultist and Chosen","floor":24.0,"turns":4.0},{"damage":39.0,"enemies":"Gremlin Leader","floor":25.0,"turns":6.0},{"damage":6.0,"enemies":"Shelled Parasite and Fungi","floor":28.0,"turns":3.0},{"damage":0.0,"enemies":"3 Cultists","floor":29.0,"turns":2.0},{"damage":0.0,"enemies":"Sentry and Sphere","floor":31.0,"turns":4.0},{"damage":7.0,"enemies":"Automaton","floor":33.0,"turns":10.0},{"damage":28.0,"enemies":"3 Darklings","floor":35.0,"turns":4.0},{"damage":0.0,"enemies":"Giant Head","floor":41.0,"turns":5.0},{"damage":0.0,"enemies":"Orb Walker","floor":45.0,"turns":3.0},{"damage":0.0,"enemies":"Writhing Mass","floor":46.0,"turns":3.0},{"damage":0.0,"enemies":"2 Orb Walkers","floor":47.0,"turns":2.0},{"damage":0.0,"enemies":"Donu and Deca","floor":50.0,"turns":6.0},{"damage":0.0,"enemies":"Awakened One","floor":51.0,"turns":11.0},{"damage":0.0,"enemies":"Shield and Spear","floor":55.0,"turns":3.0},{"damage":33,"enemies":"The Heart","floor":56,"turns":10}],"seed_played":"1647117108398228746","potions_obtained":[{"floor":1.0,"key":"EssenceOfSteel"},{"floor":3.0,"key":"PowerPotion"},{"floor":10.0,"key":"FairyPotion"},{"floor":18.0,"key":"Energy Potion"},{"floor":25.0,"key":"SteroidPotion"},{"floor":31.0,"key":"Strength Potion"},{"floor":45.0,"key":"GamblersBrew"}],"is_trial":false,"path_per_floor":["M","?","M","M","M","R","?","?","T","E","R","M","M","$","R","B",null,"M","?","?","$","M","R","M","E","T","R","M","M","R","M","R","B",null,"M","?","?","$","?","R","E","R","T","R","M","M","?","T","R","B","B",null,"R","$","E","B",null],"character_chosen":"THE_SILENT","items_purchased":["Membership Card","Noxious Fumes","War Paint","Backflip","Well Laid Plans","Potion Belt","Finesse","SpeedPotion","SteroidPotion","HandDrill"],"campfire_rested":4,"item_purchase_floors":[14,14,21,21,38,38,54,54,54,54],"current_hp_per_floor":[44,76,76,73,73,73,50,50,50,7,7,7,7,7,7,5,58,45,23,23,23,15,39,31,8,8,8,2,2,26,26,26,19,66,38,38,38,38,38,38,38,38,38,38,38,38,38,38,38,38,38,38,38,38,38,5],"gold":58,"neow_bonus":"TRANSFORM_TWO_CARDS","is_prod":false,"is_daily":false,"chose_seed":false,"campfire_upgraded":7,"win_rate":0,"timestamp":1563159284,"path_taken":["M","?","?","M","M","R","?","?","T","E","R","M","?","$","R","BOSS","M","?","?","?","M","R","M","E","T","R","M","?","R","?","R","BOSS","M","?","?","$","?","R","E","R","T","R","M","M","?","?","R","BOSS","BOSS","R","$","E","BOSS"],"build_version":"2019-07-05","purchased_purges":2,"victory":true,"max_hp_per_floor":[66,76,76,76,76,76,76,76,76,76,76,76,76,76,76,76,76,76,81,81,81,81,81,81,81,81,81,81,81,81,81,81,81,81,81,81,81,81,66,66,66,66,66,66,66,66,66,66,66,66,66,66,66,66,66,66],"card_choices":[{"not_picked":["Distraction","Outmaneuver","Underhanded Strike"],"picked":"SKIP","floor":1.0},{"not_picked":["Sucker Punch","PiercingWail"],"picked":"Deadly Poison","floor":3.0},{"not_picked":["Deadly Poison","Heel Hook","Outmaneuver"],"picked":"SKIP","floor":4.0},{"not_picked":["Flechettes","Finisher"],"picked":"Acrobatics","floor":5.0},{"not_picked":["Predator","Caltrops"],"picked":"Crippling Poison","floor":10.0},{"not_picked":["Deflect","Poisoned Stab"],"picked":"Corpse Explosion","floor":12.0},{"not_picked":["Acrobatics","Prepared","Dagger Throw"],"picked":"SKIP","floor":13.0},{"not_picked":["Slice","Flying Knee"],"picked":"PiercingWail","floor":18.0},{"not_picked":["PiercingWail","Blade Dance","Dagger Spray"],"picked":"SKIP","floor":22.0},{"not_picked":["Dagger Throw","Accuracy"],"picked":"Backflip","floor":24.0},{"not_picked":["Underhanded Strike","Quick Slash+1","All Out Attack"],"picked":"SKIP","floor":25.0},{"not_picked":["Grand Finale","Outmaneuver","Dodge and Roll"],"picked":"SKIP","floor":28.0},{"not_picked":["Masterful Stab","Terror"],"picked":"Calculated Gamble+1","floor":29.0},{"not_picked":["Dagger Throw","Accuracy"],"picked":"Leg Sweep","floor":31.0},{"not_picked":["Die Die Die","A Thousand Cuts"],"picked":"Bullet Time","floor":33.0},{"not_picked":["Underhanded Strike+1","Flechettes+1","Cloak And Dagger+1"],"picked":"SKIP","floor":35.0},{"not_picked":["Dagger Spray","Finisher","Underhanded Strike+1"],"picked":"SKIP","floor":41.0},{"not_picked":["Outmaneuver","Poisoned Stab+1"],"picked":"Acrobatics+1","floor":44.0},{"not_picked":["Dagger Throw","Bane","Cloak And Dagger+1"],"picked":"SKIP","floor":45.0},{"not_picked":["Dagger Throw","Bane"],"picked":"Cloak And Dagger+1","floor":45.0},{"not_picked":["Calculated Gamble","Concentrate","PiercingWail"],"picked":"SKIP","floor":46.0},{"not_picked":["Blade Dance","Outmaneuver"],"picked":"Expertise","floor":47.0},{"not_picked":["Deflect","Eviscerate+1","Dash"],"picked":"SKIP","floor":55.0}],"player_experience":1110961,"relics_obtained":[{"floor":10.0,"key":"Lantern"},{"floor":25.0,"key":"Dream Catcher"},{"floor":26.0,"key":"Bag of Preparation"},{"floor":41.0,"key":"Oddly Smooth Stone"},{"floor":43.0,"key":"Paper Crane"},{"floor":47.0,"key":"Tingsha"},{"floor":48.0,"key":"Omamori"},{"floor":55.0,"key":"Bird Faced Urn"}],"event_choices":[{"cards_removed":["Unload"],"damage_healed":22.0,"max_hp_gain":10.0,"max_hp_loss":0.0,"gold_gain":0.0,"event_name":"Bonfire Elementals","player_choice":"Offered Rare","floor":2.0,"gold_loss":0.0,"damage_taken":0.0},{"damage_healed":0.0,"max_hp_gain":0.0,"max_hp_loss":0.0,"gold_gain":0.0,"event_name":"Shining Light","player_choice":"Entered Light","floor":7.0,"gold_loss":0.0,"damage_taken":23.0,"cards_upgraded":["Defend_G","After Image"]},{"damage_healed":0.0,"max_hp_gain":0.0,"max_hp_loss":0.0,"gold_gain":0.0,"event_name":"WeMeetAgain","player_choice":"Gave Potion","floor":8.0,"gold_loss":0.0,"damage_taken":0.0,"relics_obtained":["Bronze Scales"]},{"damage_healed":0.0,"max_hp_gain":5.0,"max_hp_loss":0.0,"gold_gain":0.0,"event_name":"Forgotten Altar","player_choice":"Shed Blood","floor":19.0,"gold_loss":0.0,"damage_taken":27.0},{"damage_healed":0.0,"max_hp_gain":0.0,"max_hp_loss":0.0,"gold_gain":0.0,"event_name":"Cursed Tome","player_choice":"Ignored","floor":20.0,"gold_loss":0.0,"damage_taken":0.0},{"damage_healed":0.0,"max_hp_gain":0.0,"max_hp_loss":0.0,"gold_gain":0.0,"event_name":"MindBloom","player_choice":"Upgrade","floor":36.0,"gold_loss":0.0,"damage_taken":0.0,"cards_upgraded":["Survivor","Acrobatics","Corpse Explosion","Noxious Fumes","Footwork","Eviscerate","Grand Finale","Dagger Throw","Backflip","Backflip","Bullet Time"],"relics_obtained":["Mark of the Bloom"]},{"damage_healed":0.0,"max_hp_gain":0.0,"max_hp_loss":0.0,"gold_gain":0.0,"event_name":"Tomb of Lord Red Mask","player_choice":"Ignored","floor":37.0,"gold_loss":0.0,"damage_taken":0.0},{"damage_healed":66.0,"max_hp_gain":0.0,"max_hp_loss":15.0,"gold_gain":0.0,"event_name":"The Moai Head","player_choice":"Heal","floor":39.0,"gold_loss":0.0,"damage_taken":0.0},{"damage_healed":0.0,"max_hp_gain":0.0,"max_hp_loss":0.0,"gold_gain":0.0,"event_name":"Mysterious Sphere","player_choice":"Fight","floor":47.0,"gold_loss":0.0,"damage_taken":0.0}],"is_beta":false,"boss_relics":[{"not_picked":["Busted Crown","White Beast Statue"],"picked":"Pandora\u0027s Box"},{"not_picked":["Lizard Tail","Runic Dome"],"picked":"Empty Cage"}],"items_purged_floors":[38,54],"is_endless":false,"potions_floor_spawned":[1,3,10,18,25,31,33,45],"ascension_level":20}