{"gold_per_floor":[212,226,237,35,35,35,54,54,81,81,121,142,142,158,158,284,284,302,16,29,53,68,68,81,81,108,108,147,147,167,186,186,311,311,329,349,30,50,10,10,10,10],"floor_reached":42,"playtime":18606,"items_purged":["Strike_B"],"score":591,"play_id":"c56a2201-6539-4836-a130-79a1e02b672b","local_time":"20190805211555","is_ascension_mode":true,"campfire_choices":[{"data":"Zap","floor":8.0,"key":"SMITH"},{"data":"Dualcast","floor":10.0,"key":"SMITH"},{"data":"Sweeping Beam","floor":15.0,"key":"SMITH"},{"floor":23.0,"key":"REST"},{"data":"Consume","floor":25.0,"key":"SMITH"},{"floor":27.0,"key":"REST"},{"floor":29.0,"key":"REST"},{"floor":32.0,"key":"REST"},{"data":"Transmutation","floor":40.0,"key":"SMITH"}],"neow_cost":"NONE","seed_source_timestamp":2228859388656099,"circlet_count":0,"master_deck":["Strike_B","Strike_B","Strike_B","Defend_B","Defend_B","Defend_B","Defend_B","Zap+1","Dualcast+1","Glacier","Tempest","Sweeping Beam+1","White Noise","Cold Snap","Rebound","Creative AI","Cold Snap+1","Steam","Melter","Steam","Consume+1","Go for the Eyes","Chill","Hologram","Ball Lightning","Amplify","Turbo+1","Defragment","Static Discharge","Transmutation+1","Storm"],"special_seed":0,"relics":["Cracked Core","Chemical X","Golden Idol","Pen Nib","Boot","Inserter","Membership Card","Regal Pillow","Symbiotic Virus","Nuclear Battery","Lee\u0027s Waffle","Juzu Bracelet"],"potions_floor_usage":[42],"damage_taken":[{"damage":0.0,"enemies":"2 Louse","floor":1.0,"turns":3.0},{"damage":2.0,"enemies":"Jaw Worm","floor":2.0,"turns":5.0},{"damage":0.0,"enemies":"Cultist","floor":3.0,"turns":3.0},{"damage":4.0,"enemies":"3 Louse","floor":7.0,"turns":3.0},{"damage":15.0,"enemies":"3 Sentries","floor":11.0,"turns":5.0},{"damage":0.0,"enemies":"2 Fungi Beasts","floor":12.0,"turns":2.0},{"damage":6.0,"enemies":"Looter","floor":14.0,"turns":2.0},{"damage":9.0,"enemies":"The Guardian","floor":16.0,"turns":14.0},{"damage":33.0,"enemies":"2 Thieves","floor":18.0,"turns":4.0},{"damage":1.0,"enemies":"Chosen","floor":20.0,"turns":6.0},{"damage":16.0,"enemies":"Snake Plant","floor":21.0,"turns":4.0},{"damage":7.0,"enemies":"Snecko","floor":22.0,"turns":6.0},{"damage":8.0,"enemies":"Centurion and Healer","floor":24.0,"turns":3.0},{"damage":44.0,"enemies":"Gremlin Leader","floor":28.0,"turns":10.0},{"damage":28.0,"enemies":"Snake Plant","floor":30.0,"turns":3.0},{"damage":22.0,"enemies":"Shelled Parasite and Fungi","floor":31.0,"turns":6.0},{"damage":33.0,"enemies":"Champ","floor":33.0,"turns":8.0},{"damage":14.0,"enemies":"Orb Walker","floor":35.0,"turns":4.0},{"damage":23.0,"enemies":"3 Darklings","floor":36.0,"turns":7.0},{"damage":5.0,"enemies":"Sphere and 2 Shapes","floor":38.0,"turns":3.0},{"damage":94,"enemies":"Giant Head","floor":42,"turns":7}],"seed_played":"2574550793513702810","potions_obtained":[{"floor":2.0,"key":"AttackPotion"},{"floor":3.0,"key":"Block Potion"},{"floor":11.0,"key":"Fire Potion"},{"floor":14.0,"key":"Ancient Potion"},{"floor":18.0,"key":"Swift Potion"},{"floor":22.0,"key":"FocusPotion"},{"floor":30.0,"key":"SpeedPotion"},{"floor":31.0,"key":"FearPotion"},{"floor":38.0,"key":"SteroidPotion"}],"is_trial":false,"path_per_floor":["M","M","M","$","?","?","M","R","T","R","E","M","?","M","R","B",null,"M","$","M","M","M","R","M","R","T","R","E","R","M","M","R","B",null,"M","M","$","M","$","R","$","E"],"character_chosen":"DEFECT","items_purchased":["Chemical X","Membership Card","Steam","Melter","Lee\u0027s Waffle","Static Discharge","Juzu Bracelet","Transmutation","Storm"],"campfire_rested":4,"item_purchase_floors":[4,19,19,19,37,37,37,37,39],"current_hp_per_floor":[68,66,66,66,48,53,49,49,49,49,34,34,26,20,20,11,63,30,30,29,13,6,30,22,22,22,61,17,56,28,6,45,12,63,49,26,87,82,82,82,82,0],"gold":10,"neow_bonus":"HUNDRED_GOLD","is_prod":false,"is_daily":false,"chose_seed":false,"campfire_upgraded":5,"win_rate":0,"timestamp":1565061355,"path_taken":["M","M","M","$","?","?","M","R","T","R","E","?","?","M","R","BOSS","M","$","M","M","M","R","M","R","T","R","E","R","M","M","R","BOSS","M","M","$","M","$","R","?","E"],"build_version":"2019-07-18","purchased_purges":1,"victory":false,"max_hp_per_floor":[75,75,75,75,75,80,80,80,80,80,80,80,80,80,80,80,80,80,80,80,80,80,80,80,80,80,80,80,80,80,80,80,80,80,80,80,87,87,87,87,87,87],"card_choices":[{"not_picked":["Gash","Streamline"],"picked":"Glacier","floor":1.0},{"not_picked":["Rebound","Fusion"],"picked":"Tempest","floor":2.0},{"not_picked":["Gash","Skim"],"picked":"Sweeping Beam","floor":3.0},{"not_picked":["Steam","Barrage"],"picked":"White Noise","floor":7.0},{"not_picked":["Buffer","All For One"],"picked":"Cold Snap","floor":11.0},{"not_picked":["Beam Cell","Darkness","Gash"],"picked":"SKIP","floor":12.0},{"not_picked":["Doom and Gloom","Conserve Battery"],"picked":"Rebound","floor":14.0},{"not_picked":["Core Surge","Machine Learning"],"picked":"Creative AI","floor":16.0},{"not_picked":["Leap","Sweeping Beam"],"picked":"Cold Snap+1","floor":18.0},{"not_picked":["Blizzard+1","Redo"],"picked":"Steam","floor":20.0},{"not_picked":["Rebound","Redo"],"picked":"Consume","floor":21.0},{"not_picked":["Creative AI","Doom and Gloom+1"],"picked":"Go for the Eyes","floor":22.0},{"not_picked":["Sweeping Beam","Go for the Eyes","Stack"],"picked":"SKIP","floor":24.0},{"not_picked":["Cold Snap","Ball Lightning+1"],"picked":"Chill","floor":28.0},{"not_picked":["Hello World","Sweeping Beam+1"],"picked":"Hologram","floor":30.0},{"not_picked":["Coolheaded","Rebound+1"],"picked":"Ball Lightning","floor":31.0},{"not_picked":["Meteor Strike","Reboot"],"picked":"Amplify","floor":33.0},{"not_picked":["Double Energy+1","Sunder+1"],"picked":"Turbo+1","floor":35.0},{"not_picked":["Gash+1","Darkness+1"],"picked":"Defragment","floor":36.0},{"not_picked":["Redo","Fusion","Ball Lightning"],"picked":"SKIP","floor":38.0}],"player_experience":158732,"relics_obtained":[{"floor":9.0,"key":"Pen Nib"},{"floor":11.0,"key":"Boot"},{"floor":26.0,"key":"Regal Pillow"},{"floor":28.0,"key":"Symbiotic Virus"}],"event_choices":[{"damage_healed":0.0,"max_hp_gain":0.0,"max_hp_loss":0.0,"gold_gain":0.0,"event_name":"Golden Idol","player_choice":"Take Damage","floor":5.0,"gold_loss":0.0,"damage_taken":18.0,"relics_obtained":["Golden Idol"]},{"damage_healed":0.0,"max_hp_gain":5.0,"max_hp_loss":0.0,"gold_gain":0.0,"event_name":"Big Fish","player_choice":"Donut","floor":6.0,"gold_loss":0.0,"damage_taken":0.0},{"damage_healed":0.0,"max_hp_gain":0.0,"max_hp_loss":0.0,"gold_gain":0.0,"event_name":"Wheel of Change","player_choice":"Damaged","floor":13.0,"gold_loss":0.0,"damage_taken":8.0}],"is_beta":true,"boss_relics":[{"not_picked":["Ectoplasm","Tiny House"],"picked":"Inserter"},{"not_picked":["Runic Pyramid","Empty Cage"],"picked":"Nuclear Battery"}],"items_purged_floors":[19],"is_endless":false,"potions_floor_spawned":[2,3,11,14,18,22,30,31,38],"killed_by":"Giant Head","ascension_level":8}