{"gold_per_floor":[112,131,5,22,41,41,59,59,86,86,106,124,136,162,162,239,239,250,260,175,175,175,175,185,185,209,224,224,108,118,118,118,118],"floor_reached":33,"playtime":935,"items_purged":["Strike_G"],"score":482,"play_id":"c0e6cc02-22e0-4c21-9c6d-2e6ccdf41101","local_time":"20190702162719","is_ascension_mode":true,"campfire_choices":[{"data":"Noxious Fumes","floor":6,"key":"SMITH"},{"data":"Catalyst","floor":8,"key":"SMITH"},{"data":"Neutralize","floor":10,"key":"SMITH"},{"data":"Deadly Poison","floor":15,"key":"SMITH"},{"data":"Calculated Gamble","floor":23,"key":"SMITH"},{"floor":25,"key":"REST"},{"data":"Tactician","floor":28,"key":"SMITH"},{"data":"Noxious Fumes","floor":32,"key":"SMITH"}],"neow_cost":"NONE","seed_source_timestamp":85632567051539,"circlet_count":0,"master_deck":["AscendersBane","Strike_G","Strike_G","Defend_G","Defend_G","Defend_G","Defend_G","Defend_G","Survivor","Neutralize+1","Skewer","Noxious Fumes+1","Calculated Gamble+1","Catalyst+1","Escape Plan","PiercingWail","Deadly Poison+1","Escape Plan+1","Tactician+1","Escape Plan","Noxious Fumes+1","Ghostly","Ghostly","Ghostly"],"relics":["Ring of the Snake","NeowsBlessing","Lantern","Odd Mushroom","Empty Cage","Centennial Puzzle"],"potions_floor_usage":[5,14,30],"damage_taken":[{"damage":0,"enemies":"Cultist","floor":1,"turns":1},{"damage":0,"enemies":"Small Slimes","floor":2,"turns":1},{"damage":0,"enemies":"2 Louse","floor":4,"turns":1},{"damage":6,"enemies":"Large Slime","floor":5,"turns":6},{"damage":3,"enemies":"Looter","floor":7,"turns":3},{"damage":9,"enemies":"Exordium Thugs","floor":11,"turns":5},{"damage":1,"enemies":"2 Fungi Beasts","floor":12,"turns":4},{"damage":9,"enemies":"Blue Slaver","floor":13,"turns":3},{"damage":4,"enemies":"The Mushroom Lair","floor":14,"turns":4},{"damage":14,"enemies":"Hexaghost","floor":16,"turns":9},{"damage":4,"enemies":"Chosen","floor":18,"turns":4},{"damage":13,"enemies":"Shell Parasite","floor":19,"turns":5},{"damage":13,"enemies":"Shelled Parasite and Fungi","floor":24,"turns":4},{"damage":3,"enemies":"Centurion and Healer","floor":27,"turns":5},{"damage":15,"enemies":"Chosen and Byrds","floor":30,"turns":5},{"damage":5,"enemies":"Collector","floor":33,"turns":6}],"seed_played":"341807058453493408","potions_obtained":[{"floor":1,"key":"Fire Potion"},{"floor":2,"key":"LiquidBronze"},{"floor":7,"key":"EssenceOfSteel"},{"floor":14,"key":"Strength Potion"}],"is_trial":false,"path_per_floor":["M","M","$","M","M","R","M","R","T","R","M","M","M","?","R","B",null,"M","M","?","?","?","R","M","R","T","M","R","$","M","?","R","B"],"character_chosen":"THE_SILENT","items_purchased":["Noxious Fumes","Calculated Gamble","Noxious Fumes"],"campfire_rested":1,"item_purchase_floors":[3,3,29],"current_hp_per_floor":[59,59,59,59,53,53,50,50,50,50,41,40,31,27,27,13,53,49,36,36,36,36,36,23,42,42,39,39,39,24,24,24,19],"gold":118,"neow_bonus":"THREE_ENEMY_KILL","is_prod":false,"is_daily":false,"chose_seed":false,"campfire_upgraded":7,"win_rate":0,"timestamp":1562056039,"path_taken":["M","?","$","M","M","R","?","R","T","R","M","M","M","?","R","BOSS","M","M","?","?","?","R","M","R","T","M","R","$","?","?","R","BOSS"],"build_version":"2019-07-01","purchased_purges":1,"victory":false,"max_hp_per_floor":[66,66,66,66,66,66,66,66,66,66,66,66,66,66,66,66,66,66,66,66,66,66,66,66,66,66,66,66,66,66,33,33,33],"card_choices":[{"not_picked":["Cloak And Dagger","Underhanded Strike","Flying Knee"],"picked":"SKIP","floor":1},{"not_picked":["Escape Plan","Blur"],"picked":"Skewer","floor":2},{"not_picked":["Quick Slash","Sucker Punch"],"picked":"Catalyst","floor":4},{"not_picked":["Caltrops","Endless Agony"],"picked":"Escape Plan","floor":5},{"not_picked":["Dagger Throw","Outmaneuver"],"picked":"PiercingWail","floor":7},{"not_picked":["Finisher","Sucker Punch","Flying Knee"],"picked":"SKIP","floor":11},{"not_picked":["Tools of the Trade","PiercingWail"],"picked":"Deadly Poison","floor":12},{"not_picked":["Blur","Predator","Poisoned Stab"],"picked":"SKIP","floor":13},{"not_picked":["Dagger Throw","Bane","Flechettes"],"picked":"SKIP","floor":18},{"not_picked":["Dagger Throw","Bane","Flechettes"],"picked":"SKIP","floor":18},{"not_picked":["Blade Dance+1","Terror"],"picked":"Escape Plan+1","floor":19},{"not_picked":["Underhanded Strike+1","Riddle With Holes","Deflect"],"picked":"SKIP","floor":24},{"not_picked":["Crippling Poison","Prepared"],"picked":"Escape Plan","floor":27},{"not_picked":["Dodge and Roll","Infinite Blades+1","Flying Knee"],"picked":"SKIP","floor":30}],"player_experience":1048901,"relics_obtained":[{"floor":9,"key":"Lantern"},{"floor":14,"key":"Odd Mushroom"}],"event_choices":[{"damage_healed":0,"gold_gain":0,"player_choice":"Fought Mushrooms","damage_taken":0,"max_hp_gain":0,"max_hp_loss":0,"event_name":"Mushrooms","floor":14,"gold_loss":0},{"damage_healed":0,"gold_gain":0,"player_choice":"Obtained Relic","damage_taken":0,"relics_obtained":["Centennial Puzzle"],"max_hp_gain":0,"max_hp_loss":0,"event_name":"Addict","floor":20,"gold_loss":85},{"damage_healed":0,"gold_gain":0,"player_choice":"Ignored","damage_taken":0,"max_hp_gain":0,"max_hp_loss":0,"event_name":"Vampires","floor":21,"gold_loss":0},{"damage_healed":0,"gold_gain":0,"player_choice":"Read","damage_taken":0,"max_hp_gain":0,"max_hp_loss":0,"event_name":"The Library","floor":22,"gold_loss":0,"cards_obtained":["Tactician"]},{"damage_healed":0,"gold_gain":0,"player_choice":"Became a Ghost","damage_taken":0,"max_hp_gain":0,"max_hp_loss":33,"event_name":"Ghosts","floor":31,"gold_loss":0,"cards_obtained":["Ghostly","Ghostly","Ghostly"]}],"is_beta":false,"boss_relics":[{"not_picked":["Velvet Choker","Philosopher\u0027s Stone"],"picked":"Empty Cage"}],"items_purged_floors":[29],"is_endless":false,"potions_floor_spawned":[1,2,7,14,19,24],"killed_by":"Collector","ascension_level":20}