{"gold_per_floor":[111,111,111,121,137,137,154,183,183,183,183,209,225,239,239,335,335,352,366,380,398,433,433,453,480,480,13,28,28,28,48,48,149,149,166,266,277,18,32,58,58,69,95,95,129,144,158,13,13,13],"floor_reached":51,"playtime":4648,"items_purged":["Strike_B","Defend_B"],"score":1177,"play_id":"c983168d-68b4-444e-9afd-a81a66749d1c","local_time":"20190807030305","is_ascension_mode":true,"campfire_choices":[{"data":"Hyperbeam","floor":6.0,"key":"SMITH"},{"data":"Hologram","floor":10.0,"key":"SMITH"},{"floor":15.0,"key":"REST"},{"floor":23.0,"key":"REST"},{"floor":32.0,"key":"REST"},{"floor":44.0,"key":"REST"},{"floor":49,"key":"REST"}],"neow_cost":"NONE","seed_source_timestamp":2349867891601000,"circlet_count":0,"master_deck":["AscendersBane","Defend_B+1","Dualcast+1","Hyperbeam+1","Gash","Hologram+1","All For One","Rebound","Hologram","Beam Cell","Reboot","FTL","Beam Cell","Streamline","Gash","Streamline","Leap","Metamorphosis","Gash+1","Echo Form","Conserve Battery+1","Undo+1","Go for the Eyes+1","Gash+1","Steam+1"],"special_seed":0,"relics":["Cracked Core","Shuriken","Symbiotic Virus","Ginger","Fusion Hammer","Red Mask","Potion Belt","Bird Faced Urn","Anchor","MutagenicStrength","Empty Cage","Unceasing Top","Toxic Egg 2","Emotion Chip","Lantern"],"potions_floor_usage":[50,50,50,50],"damage_taken":[{"damage":0.0,"enemies":"2 Louse","floor":1.0,"turns":2.0},{"damage":1.0,"enemies":"Cultist","floor":4.0,"turns":3.0},{"damage":1.0,"enemies":"Small Slimes","floor":5.0,"turns":2.0},{"damage":0.0,"enemies":"3 Louse","floor":7.0,"turns":1.0},{"damage":17.0,"enemies":"Gremlin Nob","floor":8.0,"turns":4.0},{"damage":22.0,"enemies":"Lagavulin","floor":12.0,"turns":4.0},{"damage":0.0,"enemies":"Blue Slaver","floor":13.0,"turns":2.0},{"damage":0.0,"enemies":"2 Fungi Beasts","floor":14.0,"turns":2.0},{"damage":0.0,"enemies":"Slime Boss","floor":16.0,"turns":6.0},{"damage":7.0,"enemies":"Chosen","floor":18.0,"turns":3.0},{"damage":0.0,"enemies":"Spheric Guardian","floor":19.0,"turns":2.0},{"damage":0.0,"enemies":"3 Cultists","floor":20.0,"turns":2.0},{"damage":5.0,"enemies":"Snecko","floor":21.0,"turns":4.0},{"damage":0.0,"enemies":"Masked Bandits","floor":22.0,"turns":1.0},{"damage":10.0,"enemies":"Snake Plant","floor":24.0,"turns":2.0},{"damage":0.0,"enemies":"Gremlin Leader","floor":25.0,"turns":3.0},{"damage":3.0,"enemies":"Centurion and Healer","floor":28.0,"turns":3.0},{"damage":0.0,"enemies":"Snecko","floor":31.0,"turns":2.0},{"damage":27.0,"enemies":"Champ","floor":33.0,"turns":6.0},{"damage":0.0,"enemies":"Orb Walker","floor":35.0,"turns":2.0},{"damage":5.0,"enemies":"Mind Bloom Boss Battle","floor":36.0,"turns":6.0},{"damage":1.0,"enemies":"3 Shapes","floor":37.0,"turns":6.0},{"damage":20.0,"enemies":"Maw","floor":39.0,"turns":3.0},{"damage":6.0,"enemies":"Nemesis","floor":40.0,"turns":3.0},{"damage":0.0,"enemies":"4 Shapes","floor":42.0,"turns":1.0},{"damage":1,"enemies":"Giant Head","floor":45,"turns":5},{"damage":2,"enemies":"Sphere and 2 Shapes","floor":46,"turns":7},{"damage":4,"enemies":"Writhing Mass","floor":47,"turns":4},{"damage":19,"enemies":"Time Eater","floor":50,"turns":7}],"seed_played":"-9188201479794670307","potions_obtained":[{"floor":4.0,"key":"SpeedPotion"},{"floor":8.0,"key":"FocusPotion"},{"floor":13.0,"key":"SpeedPotion"},{"floor":14.0,"key":"Block Potion"},{"floor":16.0,"key":"AttackPotion"},{"floor":19.0,"key":"FearPotion"},{"floor":21.0,"key":"Fruit Juice"},{"floor":24.0,"key":"SkillPotion"},{"floor":25.0,"key":"LiquidBronze"},{"floor":28.0,"key":"Block Potion"},{"floor":35.0,"key":"SteroidPotion"},{"floor":36.0,"key":"FocusPotion"},{"floor":37.0,"key":"LiquidBronze"},{"floor":40.0,"key":"EssenceOfSteel"}],"is_trial":false,"path_per_floor":["M","?","?","M","M","R","M","E","T","R","?","E","M","M","R","B",null,"M","M","M","M","?","R","M","E","T","$","M","?","?","M","R","B",null,"M","?","M","$","M","E","?","M","T","R","E","M","M","$","R","B",null],"character_chosen":"DEFECT","items_purchased":["Leap","Metamorphosis","Anchor","Toxic Egg 2","Steam+1"],"campfire_rested":5,"item_purchase_floors":[27,27,27,38,48],"current_hp_per_floor":[68,53,53,52,51,51,51,34,34,34,27,5,5,5,27,27,63,56,56,56,56,56,80,70,70,70,70,67,67,67,67,80,53,73,75,72,73,73,53,49,49,49,49,73,74,72,70,70,80,63],"gold":13,"neow_bonus":"TRANSFORM_CARD","is_prod":false,"is_daily":false,"chose_seed":false,"campfire_upgraded":2,"win_rate":0,"timestamp":1565168585,"path_taken":["M","?","?","M","?","R","M","E","T","R","?","E","M","M","R","BOSS","M","M","M","M","?","R","M","E","T","$","M","?","?","M","R","BOSS","M","?","M","$","M","E","?","M","T","R","E","?","M","$","R","BOSS"],"build_version":"2019-07-18","purchased_purges":2,"victory":true,"max_hp_per_floor":[75,75,75,75,75,75,75,75,75,75,75,75,75,75,75,75,75,75,75,75,80,80,80,80,80,80,80,80,80,80,80,80,80,80,80,80,80,80,80,80,80,80,80,80,80,80,80,80,80,80],"card_choices":[{"not_picked":["Leap","Fusion"],"picked":"Gash","floor":1.0},{"not_picked":["Chill","Sweeping Beam"],"picked":"Hologram","floor":4.0},{"not_picked":["Recycle","Rebound"],"picked":"All For One","floor":5.0},{"not_picked":["Consume","Melter"],"picked":"Rebound","floor":7.0},{"not_picked":["Force Field","Sunder","Static Discharge"],"picked":"SKIP","floor":8.0},{"not_picked":["Rebound","Glacier"],"picked":"Hologram","floor":12.0},{"not_picked":["Chill","Redo"],"picked":"Beam Cell","floor":13.0},{"not_picked":["Coolheaded","Compile Driver","Redo"],"picked":"SKIP","floor":14.0},{"not_picked":["Multi-Cast","Buffer"],"picked":"Reboot","floor":16.0},{"not_picked":["Beam Cell","Steam Power","Doom and Gloom"],"picked":"SKIP","floor":18.0},{"not_picked":["Sweeping Beam","Stack","Doom and Gloom+1"],"picked":"SKIP","floor":19.0},{"not_picked":["Compile Driver","Capacitor"],"picked":"FTL","floor":20.0},{"not_picked":["Coolheaded","Stack"],"picked":"Beam Cell","floor":21.0},{"not_picked":["Conserve Battery","Sweeping Beam"],"picked":"Streamline","floor":22.0},{"not_picked":["Capacitor+1","Rebound+1"],"picked":"Gash","floor":24.0},{"not_picked":["Fusion","Ball Lightning"],"picked":"Streamline","floor":25.0},{"not_picked":["Ball Lightning","Aggregate","Redo"],"picked":"SKIP","floor":28.0},{"not_picked":["Steam","Turbo+1"],"picked":"Gash+1","floor":31.0},{"not_picked":["Reboot","Multi-Cast"],"picked":"Echo Form","floor":33.0},{"not_picked":["Static Discharge","Barrage+1","Hologram"],"picked":"SKIP","floor":35.0},{"not_picked":["Turbo","Coolheaded+1"],"picked":"Conserve Battery+1","floor":36.0},{"not_picked":["Static Discharge","Force Field","Glacier"],"picked":"SKIP","floor":37.0},{"not_picked":["Coolheaded+1","Glacier+1","Barrage"],"picked":"SKIP","floor":39.0},{"not_picked":["Beam Cell","Darkness+1","Barrage+1"],"picked":"SKIP","floor":40.0},{"not_picked":["Storm","Buffer","Steam Power+1"],"picked":"SKIP","floor":42.0},{"not_picked":["Fusion+1","Loop+1"],"picked":"Undo+1","floor":45},{"not_picked":["Double Energy+1","Auto Shields+1"],"picked":"Go for the Eyes+1","floor":46},{"not_picked":["Ball Lightning","Fusion+1"],"picked":"Gash+1","floor":47}],"player_experience":212766,"relics_obtained":[{"floor":8.0,"key":"Shuriken"},{"floor":9.0,"key":"Symbiotic Virus"},{"floor":12.0,"key":"Ginger"},{"floor":22.0,"key":"Red Mask"},{"floor":25.0,"key":"Potion Belt"},{"floor":26.0,"key":"Bird Faced Urn"},{"floor":36.0,"key":"Unceasing Top"},{"floor":40.0,"key":"Emotion Chip"},{"floor":45,"key":"Lantern"}],"event_choices":[{"damage_healed":0.0,"max_hp_gain":0.0,"max_hp_loss":0.0,"gold_gain":0.0,"event_name":"Shining Light","player_choice":"Entered Light","floor":2.0,"gold_loss":0.0,"damage_taken":15.0,"cards_upgraded":["Defend_B","Dualcast"]},{"cards_removed":["Strike_B"],"damage_healed":0.0,"max_hp_gain":0.0,"max_hp_loss":0.0,"gold_gain":0.0,"event_name":"Bonfire Elementals","player_choice":"Offered Basic","floor":3.0,"gold_loss":0.0,"damage_taken":0.0},{"cards_removed":["Strike_B"],"damage_healed":0.0,"max_hp_gain":0.0,"max_hp_loss":0.0,"gold_gain":0.0,"event_name":"Golden Wing","player_choice":"Card Removal","floor":11.0,"gold_loss":0.0,"damage_taken":7.0},{"damage_healed":0.0,"max_hp_gain":0.0,"max_hp_loss":0.0,"gold_gain":0.0,"event_name":"Masked Bandits","player_choice":"Fought Bandits","floor":22.0,"gold_loss":0.0,"damage_taken":0.0},{"cards_removed":["Defend_B"],"damage_healed":0.0,"max_hp_gain":0.0,"max_hp_loss":0.0,"gold_gain":0.0,"event_name":"Back to Basics","player_choice":"Elegance","floor":29.0,"gold_loss":0.0,"damage_taken":0.0},{"damage_healed":0.0,"max_hp_gain":0.0,"max_hp_loss":0.0,"gold_gain":0.0,"event_name":"Drug Dealer","player_choice":"Inject Mutagens","floor":30.0,"gold_loss":0.0,"damage_taken":0.0,"relics_obtained":["MutagenicStrength"]},{"damage_healed":0.0,"max_hp_gain":0.0,"max_hp_loss":0.0,"gold_gain":0.0,"event_name":"MindBloom","player_choice":"Fight","floor":36.0,"gold_loss":0.0,"damage_taken":0.0},{"damage_healed":0.0,"max_hp_gain":0.0,"max_hp_loss":0.0,"gold_gain":0.0,"event_name":"SecretPortal","player_choice":"Ignored","floor":41.0,"gold_loss":0.0,"damage_taken":0.0}],"is_beta":true,"boss_relics":[{"not_picked":["Inserter","Snecko Eye"],"picked":"Fusion Hammer"},{"not_picked":["Lizard Tail","Black Star"],"picked":"Empty Cage"}],"items_purged_floors":[27,48],"is_endless":false,"potions_floor_spawned":[4,8,13,14,16,19,20,21,24,25,28,35,36,37,40],"ascension_level":10}