{"gold_per_floor":[118,135,135,135,58,89,89,103,155,183,149,99,158,158,158,259,259,248,248,99,115,115,142,142,142],"floor_reached":25,"playtime":1302,"items_purged":[],"score":315,"play_id":"bb183a42-7942-45c5-80b6-2ced52fd23dd","local_time":"20190208180914","is_ascension_mode":true,"campfire_choices":[{"data":"Well Laid Plans","floor":7.0,"key":"SMITH"},{"floor":15.0,"key":"REST"},{"floor":24.0,"key":"REST"}],"neow_cost":"NONE","seed_source_timestamp":0,"circlet_count":0,"master_deck":["Defend_G","Defend_G","Defend_G","Defend_G","Defend_G","Strike_G","Strike_G","Strike_G","Survivor","Neutralize","Footwork","Dagger Throw","Well Laid Plans+1","Underhanded Strike","Deadly Poison","Tactician","Bane","Night Terror","Bane+1","Flying Knee+1"],"special_seed":0,"relics":["Ring of the Snake","Happy Flower","Strawberry","PreservedInsect","Potion Belt","Art of War","Lizard Tail","Regal Pillow","Nloth\u0027s Gift","Question Card"],"potions_floor_usage":[],"damage_taken":[{"damage":0.0,"enemies":"Small Slimes","floor":1.0,"turns":1.0},{"damage":0.0,"enemies":"2 Louse","floor":2.0,"turns":1.0},{"damage":0.0,"enemies":"Lagavulin","floor":6.0,"turns":1.0},{"damage":0.0,"enemies":"Cultist","floor":8.0,"turns":4.0},{"damage":12.0,"enemies":"3 Sentries","floor":10.0,"turns":10.0},{"damage":5.0,"enemies":"Exordium Thugs","floor":11.0,"turns":5.0},{"damage":20.0,"enemies":"Lagavulin Event","floor":13.0,"turns":5.0},{"damage":39.0,"enemies":"Slime Boss","floor":16.0,"turns":10.0},{"damage":18.0,"enemies":"2 Thieves","floor":18.0,"turns":4.0},{"damage":21.0,"enemies":"3 Byrds","floor":21.0,"turns":7.0},{"damage":61.0,"enemies":"Book of Stabbing","floor":23.0,"turns":7.0},{"damage":54,"enemies":"Shelled Parasite and Fungi","floor":25,"turns":6}],"seed_played":"-6834452206744720948","potions_obtained":[{"floor":1.0,"key":"Strength Potion"},{"floor":8.0,"key":"PowerPotion"},{"floor":10.0,"key":"Weak Potion"},{"floor":11.0,"key":"Fire Potion"},{"floor":18.0,"key":"PowerPotion"}],"is_trial":false,"path_per_floor":["M","M","?","?","$","E","R","M","T","E","M","?","?","T","R","B",null,"M","?","$","M","?","E","R","M"],"character_chosen":"THE_SILENT","items_purchased":["Well Laid Plans","Regal Pillow"],"campfire_rested":2,"item_purchase_floors":[5,20],"current_hp_per_floor":[70,70,63,68,68,68,68,68,75,63,58,58,38,38,62,23,67,49,49,49,28,28,10,49,0],"gold":142,"neow_bonus":"THREE_ENEMY_KILL","is_prod":false,"is_daily":false,"chose_seed":false,"campfire_upgraded":1,"win_rate":0,"timestamp":1549620554,"path_taken":["M","M","?","?","$","E","R","M","T","E","M","?","?","?","R","BOSS","M","?","$","M","?","E","R","?"],"build_version":"2019-01-23","purchased_purges":0,"victory":false,"max_hp_per_floor":[70,70,70,75,75,75,75,75,82,82,82,82,82,82,82,82,82,82,82,82,82,82,82,82,82],"card_choices":[{"not_picked":["Backflip","Slice"],"picked":"Footwork","floor":1.0},{"not_picked":["Quick Slash","All Out Attack"],"picked":"Dagger Throw","floor":2.0},{"not_picked":["Setup","Sucker Punch"],"picked":"Underhanded Strike","floor":6.0},{"not_picked":["Prepared","Dagger Spray"],"picked":"Deadly Poison","floor":8.0},{"not_picked":["Flechettes","Flying Knee"],"picked":"Tactician","floor":10.0},{"not_picked":["Acrobatics","Underhanded Strike"],"picked":"Bane","floor":11.0},{"not_picked":["Tools of the Trade","Storm of Steel"],"picked":"Night Terror","floor":16.0},{"not_picked":["Masterful Stab","Calculated Gamble"],"picked":"Bane+1","floor":18.0},{"not_picked":["Prepared","Eviscerate"],"picked":"Flying Knee+1","floor":21.0},{"not_picked":["Flying Knee","Dodge and Roll","Caltrops+1"],"picked":"SKIP","floor":23.0}],"player_experience":681223,"relics_obtained":[{"floor":6.0,"key":"Happy Flower"},{"floor":9.0,"key":"Strawberry"},{"floor":10.0,"key":"PreservedInsect"},{"floor":14.0,"key":"Art of War"},{"floor":23.0,"key":"Question Card"}],"event_choices":[{"cards_removed":["Strike_G"],"damage_healed":0.0,"max_hp_gain":0.0,"max_hp_loss":0.0,"gold_gain":0.0,"event_name":"Golden Wing","player_choice":"Card Removal","floor":3.0,"gold_loss":0.0,"damage_taken":7.0},{"damage_healed":0.0,"max_hp_gain":5.0,"max_hp_loss":0.0,"gold_gain":0.0,"event_name":"Big Fish","player_choice":"Donut","floor":4.0,"gold_loss":0.0,"damage_taken":0.0},{"cards_removed":["Strike_G"],"damage_healed":0.0,"max_hp_gain":0.0,"max_hp_loss":0.0,"gold_gain":0.0,"event_name":"The Cleric","player_choice":"Card Removal","floor":12.0,"gold_loss":50.0,"damage_taken":0.0},{"damage_healed":0.0,"max_hp_gain":0.0,"max_hp_loss":0.0,"gold_gain":0.0,"event_name":"Dead Adventurer","player_choice":"Searched \u00272\u0027 times","floor":13.0,"gold_loss":0.0,"damage_taken":0.0,"relics_obtained":["Potion Belt"]},{"damage_healed":0.0,"max_hp_gain":0.0,"max_hp_loss":0.0,"gold_gain":0.0,"event_name":"Beggar","player_choice":"Ignored","floor":19.0,"gold_loss":0.0,"damage_taken":0.0},{"damage_healed":0.0,"max_hp_gain":0.0,"max_hp_loss":0.0,"gold_gain":0.0,"event_name":"N\u0027loth","player_choice":"Traded Relic","floor":22.0,"relics_lost":["NeowsBlessing"],"gold_loss":0.0,"damage_taken":0.0,"relics_obtained":["Nloth\u0027s Gift"]}],"is_beta":false,"boss_relics":[{"not_picked":["Tiny House","Cursed Key"],"picked":"Lizard Tail"}],"items_purged_floors":[],"is_endless":false,"potions_floor_spawned":[1,8,10,11,18],"killed_by":"Shelled Parasite and Fungi","ascension_level":5}