{"gold_per_floor":[118,73,53,73,88,118,118,150,177,177,177,177,102,102,102,102],"floor_reached":16,"playtime":500,"items_purged":["Strike_R"],"score":203,"play_id":"b99207ef-f64c-4531-9aad-2fcaabd13e6a","local_time":"20190304232424","is_ascension_mode":true,"campfire_choices":[{"floor":7,"key":"REST"},{"data":"Armaments","floor":10,"key":"SMITH"},{"floor":15,"key":"REST"}],"neow_cost":"CURSE","seed_source_timestamp":688848698255661,"circlet_count":0,"master_deck":["AscendersBane","Strike_R","Strike_R","Strike_R","Defend_R","Defend_R","Defend_R","Defend_R","Bash","Doubt","Uppercut","Feel No Pain","Flame Barrier","Infernal Blade","Armaments+1","Twin Strike"],"relics":["Burning Blood","Mango","Tiny Chest","Paper Frog","Omamori","Golden Idol"],"potions_floor_usage":[3,5,8,16],"damage_taken":[{"damage":23,"enemies":"Cultist","floor":1,"turns":5},{"damage":12,"enemies":"Small Slimes","floor":4,"turns":5},{"damage":2,"enemies":"Jaw Worm","floor":5,"turns":3},{"damage":31,"enemies":"3 Sentries","floor":8,"turns":10},{"damage":94,"enemies":"Slime Boss","floor":16,"turns":9}],"seed_played":"-8525625784779317961","potions_obtained":[{"floor":1,"key":"AttackPotion"},{"floor":3,"key":"Fruit Juice"},{"floor":4,"key":"Fire Potion"},{"floor":8,"key":"Explosive Potion"}],"is_trial":false,"path_per_floor":["M","$","?","M","M","?","R","E","T","R","?","?","$","?","R","B"],"character_chosen":"IRONCLAD","items_purchased":["Feel No Pain"],"campfire_rested":2,"item_purchase_floors":[2],"current_hp_per_floor":[65,65,70,64,68,50,78,53,53,53,58,58,58,58,87,0],"gold":102,"neow_bonus":"ONE_RARE_RELIC","is_prod":false,"is_daily":false,"chose_seed":false,"campfire_upgraded":1,"win_rate":0,"timestamp":1551702264,"path_taken":["M","$","?","M","?","?","R","E","T","R","?","?","?","?","R","BOSS"],"build_version":"2019-01-23","purchased_purges":1,"victory":false,"max_hp_per_floor":[89,89,94,94,94,94,94,94,94,94,99,99,99,99,99,99],"card_choices":[{"not_picked":["Intimidate","Iron Wave"],"picked":"Uppercut","floor":1},{"not_picked":["Evolve","Sword Boomerang"],"picked":"Flame Barrier","floor":4},{"not_picked":["Reckless Charge","Havoc"],"picked":"Infernal Blade","floor":5},{"not_picked":["Perfected Strike","Shockwave"],"picked":"Armaments","floor":8}],"player_experience":796506,"relics_obtained":[{"floor":8,"key":"Paper Frog"},{"floor":9,"key":"Omamori"}],"event_choices":[{"damage_healed":0,"gold_gain":0,"player_choice":"Bought 1 Potion","damage_taken":0,"max_hp_gain":0,"max_hp_loss":0,"event_name":"The Woman in Blue","floor":3,"gold_loss":0},{"damage_healed":0,"gold_gain":0,"player_choice":"Success","damage_taken":18,"relics_obtained":["Tiny Chest"],"max_hp_gain":0,"max_hp_loss":0,"event_name":"Scrap Ooze","floor":6,"gold_loss":0},{"damage_healed":0,"gold_gain":0,"player_choice":"Donut","damage_taken":0,"max_hp_gain":5,"max_hp_loss":0,"event_name":"Big Fish","floor":11,"gold_loss":0},{"damage_healed":0,"gold_gain":0,"player_choice":"Take Wound","damage_taken":0,"relics_obtained":["Golden Idol"],"max_hp_gain":0,"max_hp_loss":0,"event_name":"Golden Idol","floor":12,"gold_loss":0,"cards_obtained":["Injury"]},{"damage_healed":0,"gold_gain":0,"cards_transformed":["Strike_R"],"player_choice":"Change","damage_taken":0,"max_hp_gain":0,"max_hp_loss":0,"event_name":"Living Wall","floor":14,"gold_loss":0,"cards_obtained":["Twin Strike"]}],"is_beta":false,"boss_relics":[],"items_purged_floors":[13],"is_endless":false,"potions_floor_spawned":[1,4,8],"killed_by":"Slime Boss","ascension_level":17}