{"gold_per_floor":[11,25,25,25,48,48,73,94,94,94],"floor_reached":10,"playtime":498,"items_purged":[],"score":102,"play_id":"7fc4de94-cb9b-4eef-a69e-e1744475bbd4","local_time":"20190714184557","is_ascension_mode":true,"campfire_choices":[{"data":"True Grit","floor":6,"key":"SMITH"}],"neow_cost":"NO_GOLD","seed_source_timestamp":256967024058907,"circlet_count":0,"master_deck":["AscendersBane","Strike_R","Strike_R","Strike_R","Defend_R","Defend_R","Defend_R","Defend_R","Bash","Reckless Charge","Bloodletting","Clothesline","True Grit+1","Spot Weakness","Flame Barrier","Flex"],"relics":["Burning Blood","Golden Idol","Meat on the Bone","Mercury Hourglass"],"potions_floor_usage":[],"damage_taken":[{"damage":2,"enemies":"Jaw Worm","floor":1,"turns":3},{"damage":7,"enemies":"Cultist","floor":2,"turns":3},{"damage":7,"enemies":"2 Louse","floor":5,"turns":3},{"damage":19,"enemies":"Gremlin Gang","floor":7,"turns":6},{"damage":31,"enemies":"Large Slime","floor":8,"turns":11},{"damage":39,"enemies":"Lagavulin","floor":10,"turns":5}],"seed_played":"-6170019211317228761","potions_obtained":[],"is_trial":false,"path_per_floor":["M","M","?","T","M","R","M","M","T","E"],"character_chosen":"IRONCLAD","items_purchased":[],"campfire_rested":0,"item_purchase_floors":[],"current_hp_per_floor":[72,71,53,53,52,52,51,38,38,0],"gold":94,"neow_bonus":"TRANSFORM_TWO_CARDS","is_prod":false,"is_daily":false,"chose_seed":false,"campfire_upgraded":1,"win_rate":0,"timestamp":1563144357,"path_taken":["M","M","?","?","?","R","M","M","T","E"],"build_version":"2019-07-05","purchased_purges":0,"victory":false,"max_hp_per_floor":[75,75,75,75,75,75,75,75,75,75],"card_choices":[{"not_picked":["Wild Strike","Perfected Strike"],"picked":"Clothesline","floor":1},{"not_picked":["Thunderclap","Warcry"],"picked":"True Grit","floor":2},{"not_picked":["Juggernaut","Power Through"],"picked":"Spot Weakness","floor":5},{"not_picked":["Intimidate","Havoc"],"picked":"Flame Barrier","floor":7},{"not_picked":["Armaments","Clothesline"],"picked":"Flex","floor":8}],"player_experience":374276,"relics_obtained":[{"floor":4,"key":"Meat on the Bone"},{"floor":9,"key":"Mercury Hourglass"}],"event_choices":[{"damage_healed":0,"gold_gain":0,"player_choice":"Take Damage","damage_taken":18,"relics_obtained":["Golden Idol"],"max_hp_gain":0,"max_hp_loss":0,"event_name":"Golden Idol","floor":3,"gold_loss":0}],"is_beta":false,"boss_relics":[],"items_purged_floors":[],"is_endless":false,"potions_floor_spawned":[],"killed_by":"Lagavulin","ascension_level":14}