{"gold_per_floor":[361,361,37,52,2,2,19,44,44,44,72,72,88,88,88,162,162,172,222,237,94,94,94,112,126,152,152,165,183,198,214,214,290,290,303,303,315,333,433,433,433],"floor_reached":41,"playtime":2335,"items_purged":["Strike_R","Strike_R","Strike_R"],"score":985,"play_id":"2b608831-e70a-4edc-812f-8a6934b68924","local_time":"20190517192725","is_ascension_mode":true,"campfire_choices":[{"data":"Discovery","floor":6.0,"key":"SMITH"},{"data":"Carnage","floor":10.0,"key":"SMITH"},{"floor":15.0,"key":"RECALL"},{"floor":23.0,"key":"REST"},{"data":"Inflame","floor":27.0,"key":"SMITH"},{"floor":32.0,"key":"REST"},{"floor":40.0,"key":"REST"}],"neow_cost":"TEN_PERCENT_HP_LOSS","seed_source_timestamp":70217755143325,"circlet_count":0,"master_deck":["AscendersBane","Strike_R","Strike_R","Defend_R","Defend_R","Defend_R","Defend_R","Bash","Shrug It Off","Discovery+1","Feed","Carnage+1","Battle Trance","Barricade","Power Through","Inflame+1","Body Slam","Pommel Strike","Exhume","Discovery+1"],"special_seed":0,"relics":["Burning Blood","Membership Card","Ornamental Fan","Sundial","Strawberry","Omamori","WarpedTongs","Cursed Key","Centennial Puzzle","Eternal Feather","Nunchaku"],"potions_floor_usage":[],"damage_taken":[{"damage":9.0,"enemies":"Jaw Worm","floor":1.0,"turns":6.0},{"damage":1.0,"enemies":"Cultist","floor":4.0,"turns":3.0},{"damage":1.0,"enemies":"2 Louse","floor":7.0,"turns":4.0},{"damage":11.0,"enemies":"Gremlin Nob","floor":8.0,"turns":3.0},{"damage":30.0,"enemies":"3 Sentries","floor":11.0,"turns":6.0},{"damage":3.0,"enemies":"Blue Slaver","floor":13.0,"turns":3.0},{"damage":0.0,"enemies":"Slime Boss","floor":16.0,"turns":3.0},{"damage":11.0,"enemies":"Spheric Guardian","floor":18.0,"turns":5.0},{"damage":31.0,"enemies":"3 Byrds","floor":20.0,"turns":8.0},{"damage":26.0,"enemies":"Colosseum Slavers","floor":22.0,"turns":6.0},{"damage":10.0,"enemies":"Centurion and Healer","floor":24.0,"turns":5.0},{"damage":14.0,"enemies":"Snecko","floor":25.0,"turns":8.0},{"damage":13.0,"enemies":"Snake Plant","floor":28.0,"turns":3.0},{"damage":17.0,"enemies":"Shelled Parasite and Fungi","floor":29.0,"turns":5.0},{"damage":10.0,"enemies":"Cultist and Chosen","floor":30.0,"turns":11.0},{"damage":8.0,"enemies":"Snecko","floor":31.0,"turns":10.0},{"damage":10.0,"enemies":"Champ","floor":33.0,"turns":15.0},{"damage":22.0,"enemies":"Orb Walker","floor":35.0,"turns":5.0},{"damage":35.0,"enemies":"3 Darklings","floor":37.0,"turns":6.0},{"damage":25.0,"enemies":"Spire Growth","floor":38.0,"turns":9.0},{"damage":3.0,"enemies":"Mind Bloom Boss Battle","floor":39.0,"turns":8.0},{"damage":74,"enemies":"Nemesis","floor":41,"turns":6}],"seed_played":"3500733335451251220","potions_obtained":[{"floor":4.0,"key":"SteroidPotion"},{"floor":8.0,"key":"Poison Potion"},{"floor":13.0,"key":"Ancient Potion"},{"floor":24.0,"key":"Fire Potion"},{"floor":28.0,"key":"Swift Potion"},{"floor":29.0,"key":"PowerPotion"},{"floor":30.0,"key":"EssenceOfSteel"},{"floor":35.0,"key":"GamblersBrew"},{"floor":39.0,"key":"SteroidPotion"}],"is_trial":false,"path_per_floor":["M","?","$","M","$","R","M","E","T","R","E","?","M","?","R","B",null,"M","?","M","$","?","R","M","M","T","R","M","M","M","M","R","B",null,"M","?","M","M","?","R","E"],"character_chosen":"IRONCLAD","items_purchased":["Membership Card","Shrug It Off","Discovery","Centennial Puzzle"],"campfire_rested":3,"item_purchase_floors":[3,3,3,21],"current_hp_per_floor":[65,65,65,68,68,68,68,63,63,63,49,49,55,55,55,61,76,71,71,49,49,32,58,57,49,49,49,42,35,35,37,67,67,96,80,80,51,32,38,82,8],"gold":433,"neow_bonus":"TWO_FIFTY_GOLD","is_prod":false,"is_daily":false,"chose_seed":false,"campfire_upgraded":3,"win_rate":0,"timestamp":1558092445,"path_taken":["M","?","$","?","?","R","M","E","T","R","E","?","?","?","R","BOSS","M","?","M","$","?","R","M","M","T","R","M","M","M","M","R","BOSS","M","?","?","M","?","R","E"],"build_version":"2019-01-23","purchased_purges":3,"victory":false,"max_hp_per_floor":[68,68,68,68,68,68,68,68,68,68,78,78,81,81,81,81,81,81,81,84,84,87,87,90,90,90,90,90,94,98,102,102,106,106,106,106,106,106,109,109,109],"card_choices":[{"not_picked":["Heavy Blade","Anger","True Grit"],"picked":"SKIP","floor":1.0},{"not_picked":["Pummel","Bloodletting","Thunderclap"],"picked":"SKIP","floor":4.0},{"not_picked":["Anger","Clash"],"picked":"Feed","floor":7.0},{"not_picked":["Havoc","Twin Strike"],"picked":"Carnage","floor":8.0},{"not_picked":["Perfected Strike","Flex"],"picked":"Battle Trance","floor":11.0},{"not_picked":["Infernal Blade","Corruption","Anger"],"picked":"SKIP","floor":13.0},{"not_picked":["Juggernaut","Feed"],"picked":"Barricade","floor":16.0},{"not_picked":["Shrug It Off","Twin Strike"],"picked":"Power Through","floor":18.0},{"not_picked":["Flex","Combust","Rupture"],"picked":"SKIP","floor":20.0},{"not_picked":["True Grit","Reckless Charge","Rage"],"picked":"SKIP","floor":24.0},{"not_picked":["True Grit","Thunderclap"],"picked":"Inflame","floor":25.0},{"not_picked":["Rage","Thunderclap","Flex"],"picked":"SKIP","floor":28.0},{"not_picked":["Reaper","Dropkick"],"picked":"Body Slam","floor":29.0},{"not_picked":["Havoc","Ghostly Armor","Wild Strike"],"picked":"SKIP","floor":30.0},{"not_picked":["Iron Wave","Warcry"],"picked":"Pommel Strike","floor":31.0},{"not_picked":["Fiend Fire","Double Tap"],"picked":"Exhume","floor":33.0},{"not_picked":["Searing Blow","True Grit","Sword Boomerang+1"],"picked":"SKIP","floor":35.0},{"not_picked":["Heavy Blade","Clothesline+1","Headbutt"],"picked":"SKIP","floor":37.0},{"not_picked":["Flex+1","Clash","Thunderclap+1"],"picked":"SKIP","floor":38.0}],"player_experience":856553,"relics_obtained":[{"floor":8.0,"key":"Ornamental Fan"},{"floor":9.0,"key":"Sundial"},{"floor":11.0,"key":"Strawberry"},{"floor":39.0,"key":"Nunchaku"}],"event_choices":[{"damage_healed":0.0,"max_hp_gain":0.0,"max_hp_loss":0.0,"gold_gain":0.0,"event_name":"Match and Keep!","player_choice":"0 cards matched","floor":2.0,"gold_loss":0.0,"damage_taken":0.0,"cards_obtained":[]},{"damage_healed":0.0,"max_hp_gain":0.0,"max_hp_loss":0.0,"gold_gain":0.0,"event_name":"WeMeetAgain","player_choice":"Gave Potion","floor":12.0,"gold_loss":0.0,"damage_taken":0.0,"relics_obtained":["Omamori"]},{"damage_healed":0.0,"max_hp_gain":0.0,"max_hp_loss":0.0,"gold_gain":0.0,"event_name":"Accursed Blacksmith","player_choice":"Rummage","floor":14.0,"gold_loss":0.0,"damage_taken":0.0,"relics_obtained":["WarpedTongs"],"cards_obtained":["Pain"]},{"damage_healed":0.0,"max_hp_gain":0.0,"max_hp_loss":0.0,"gold_gain":50.0,"event_name":"Nest","player_choice":"Stole From Cult","floor":19.0,"gold_loss":0.0,"damage_taken":0.0},{"damage_healed":0.0,"max_hp_gain":0.0,"max_hp_loss":0.0,"gold_gain":0.0,"event_name":"Colosseum","player_choice":"Fight","floor":22.0,"gold_loss":0.0,"damage_taken":0.0},{"damage_healed":0.0,"max_hp_gain":0.0,"max_hp_loss":0.0,"gold_gain":0.0,"event_name":"Colosseum","player_choice":"Fled From Nobs","floor":22.0,"gold_loss":0.0,"damage_taken":0.0},{"damage_healed":0.0,"max_hp_gain":0.0,"max_hp_loss":0.0,"gold_gain":0.0,"event_name":"Duplicator","player_choice":"Copied","floor":36.0,"gold_loss":0.0,"damage_taken":0.0,"cards_obtained":["Discovery"]},{"damage_healed":0.0,"max_hp_gain":0.0,"max_hp_loss":0.0,"gold_gain":0.0,"event_name":"MindBloom","player_choice":"Fight","floor":39.0,"gold_loss":0.0,"damage_taken":0.0}],"is_beta":false,"boss_relics":[{"not_picked":["Lizard Tail","Busted Crown"],"picked":"Cursed Key"},{"not_picked":["Sozu","Snecko Eye"],"picked":"Eternal Feather"}],"items_purged_floors":[3,5,21],"is_endless":false,"potions_floor_spawned":[4,8,13,24,28,29,30,35,39],"killed_by":"Nemesis","ascension_level":20}