{"gold_per_floor":[109,86,106,181,195,195,195,211,211,211,230,230,244,262,262,262],"floor_reached":16,"playtime":2044,"items_purged":[],"score":94,"play_id":"daa0c652-2f4e-4277-ae55-6438f6d8f4c4","local_time":"20190724173329","is_ascension_mode":false,"campfire_choices":[{"data":"Infernal Blade","floor":6,"key":"SMITH"},{"data":"Pommel Strike","floor":10,"key":"SMITH"},{"data":"Warcry","floor":12,"key":"SMITH"},{"floor":15,"key":"REST"}],"neow_cost":"","seed_source_timestamp":414324974742992,"circlet_count":0,"master_deck":["Strike_R","Strike_R","Strike_R","Strike_R","Strike_R","Defend_R","Defend_R","Defend_R","Defend_R","Bash","Seeing Red","Thunderclap","Sever Soul","Infernal Blade+1","Pommel Strike+1","Warcry+1","Fire Breathing"],"relics":["Burning Blood","Mummified Hand","Vajra"],"potions_floor_usage":[],"damage_taken":[{"damage":6,"enemies":"Cultist","floor":1,"turns":4},{"damage":8,"enemies":"Jaw Worm","floor":3,"turns":3},{"damage":8,"enemies":"Small Slimes","floor":5,"turns":4},{"damage":10,"enemies":"Looter","floor":8,"turns":3},{"damage":11,"enemies":"Exordium Wildlife","floor":11,"turns":2},{"damage":21,"enemies":"Exordium Thugs","floor":13,"turns":5},{"damage":11,"enemies":"Gremlin Gang","floor":14,"turns":3},{"damage":62,"enemies":"The Guardian","floor":16,"turns":12}],"seed_played":"-1840155950596281945","potions_obtained":[{"floor":8,"key":"EntropicBrew"},{"floor":11,"key":"Block Potion"}],"is_trial":false,"path_per_floor":["M","$","M","?","M","R","T","M","T","R","M","R","M","M","R","B"],"character_chosen":"IRONCLAD","items_purchased":["Thunderclap"],"campfire_rested":1,"item_purchase_floors":[2],"current_hp_per_floor":[80,80,78,67,65,65,65,61,61,61,56,56,41,36,60,0],"gold":262,"neow_bonus":"","is_prod":false,"is_daily":false,"chose_seed":false,"campfire_upgraded":3,"win_rate":0.0,"timestamp":1563982409,"path_taken":["M","$","M","?","M","R","?","?","T","R","?","R","M","M","R","BOSS"],"build_version":"2019-07-17","purchased_purges":0,"victory":false,"max_hp_per_floor":[80,80,80,80,80,80,80,80,80,80,80,80,80,80,80,80],"card_choices":[{"not_picked":["Flex","Iron Wave"],"picked":"Seeing Red","floor":1},{"not_picked":["Dual Wield","Thunderclap"],"picked":"Sever Soul","floor":3},{"not_picked":["Metallicize","Pommel Strike"],"picked":"Infernal Blade","floor":5},{"not_picked":["Shockwave","Carnage"],"picked":"Pommel Strike","floor":8},{"not_picked":["Cleave","Clash"],"picked":"Warcry","floor":11},{"not_picked":["Pommel Strike","Power Through","Thunderclap"],"picked":"SKIP","floor":13},{"not_picked":["Headbutt","Combust"],"picked":"Fire Breathing","floor":14}],"player_experience":0,"relics_obtained":[{"floor":7,"key":"Mummified Hand"},{"floor":9,"key":"Vajra"}],"event_choices":[{"damage_healed":0,"gold_gain":75,"player_choice":"Gather Gold","damage_taken":11,"max_hp_gain":0,"max_hp_loss":0,"event_name":"World of Goop","floor":4,"gold_loss":0}],"is_beta":false,"boss_relics":[],"items_purged_floors":[],"is_endless":false,"potions_floor_spawned":[8,11],"killed_by":"The Guardian","ascension_level":0}