{"gold_per_floor":[112,112,1,14,39,69,69,88,88,88,65,82,1,12,12,108,108,92,92,102,2,2,2,2,21,46,80,100,65,99,99],"floor_reached":31,"playtime":1644,"items_purged":["Strike_G","Defend_G"],"score":338,"play_id":"061224f2-3cfc-4b16-8ad4-c25c6b0f298c","local_time":"20181225210310","is_ascension_mode":true,"campfire_choices":[{"floor":7,"key":"REST"},{"floor":15,"key":"REST"},{"floor":23,"key":"RECALL"}],"neow_cost":"NONE","seed_source_timestamp":2157106747118067,"circlet_count":0,"master_deck":["Defend_G","Defend_G","Defend_G","Defend_G","Strike_G","Strike_G","Survivor","Neutralize","Deadly Poison","Catalyst","Deadly Poison","Blade Dance","Acrobatics","Backflip","Deadly Poison","Footwork","Burst","Crippling Poison","Blur","Malaise","Slice","Catalyst+1","Bouncing Flask+1","Deadly Poison","Blur","Terror+1"],"relics":["Ring of the Snake","PreservedInsect","Blood Vial","Anchor","Runic Pyramid","MutagenicStrength","Lantern","Nunchaku","Molten Egg 2"],"potions_floor_usage":[16,25,30,31],"damage_taken":[{"damage":0,"enemies":"Small Slimes","floor":1,"turns":3},{"damage":0,"enemies":"Cultist","floor":4,"turns":4},{"damage":24,"enemies":"Lagavulin","floor":6,"turns":6},{"damage":9,"enemies":"Jaw Worm","floor":8,"turns":4},{"damage":12,"enemies":"Exordium Thugs","floor":12,"turns":5},{"damage":2,"enemies":"Blue Slaver","floor":14,"turns":4},{"damage":38,"enemies":"Hexaghost","floor":16,"turns":9},{"damage":12,"enemies":"2 Thieves","floor":18,"turns":4},{"damage":0,"enemies":"Spheric Guardian","floor":20,"turns":3},{"damage":0,"enemies":"Snecko","floor":25,"turns":3},{"damage":57,"enemies":"Slavers","floor":27,"turns":6},{"damage":10,"enemies":"Snake Plant","floor":28,"turns":4},{"damage":6,"enemies":"Book of Stabbing","floor":30,"turns":3},{"damage":5,"enemies":"Shelled Parasite and Fungi","floor":31,"turns":4}],"seed_played":"7356388416157241857","potions_obtained":[{"floor":8,"key":"PowerPotion"},{"floor":16,"key":"Ancient Potion"},{"floor":18,"key":"AttackPotion"},{"floor":28,"key":"LiquidBronze"}],"is_trial":false,"path_per_floor":["M","?","$","M","T","E","R","M","T","?","$","M","$","M","R","B",null,"M","?","M","$","?","R","?","M","T","E","M","$","E","M"],"character_chosen":"THE_SILENT","items_purchased":["Catalyst","Backflip","Footwork","Blur"],"campfire_rested":2,"item_purchase_floors":[3,11,13,29],"current_hp_per_floor":[77,77,77,77,77,53,76,68,68,61,61,51,51,51,74,38,77,65,65,67,67,67,67,67,69,69,14,6,6,2,0],"gold":99,"neow_bonus":"TEN_PERCENT_HP_BONUS","is_prod":false,"is_daily":false,"chose_seed":false,"campfire_upgraded":0,"win_rate":0,"timestamp":1545732190,"path_taken":["M","?","?","M","?","E","R","?","T","?","?","M","$","M","R","BOSS","M","?","M","$","?","R","?","M","T","E","?","$","E","M"],"build_version":"2018-12-20","purchased_purges":2,"victory":false,"max_hp_per_floor":[77,77,77,77,77,77,77,77,77,77,77,77,77,77,77,77,77,77,77,77,77,77,77,77,77,77,77,77,77,77,77],"card_choices":[{"not_picked":["Distraction","Choke"],"picked":"Deadly Poison","floor":1},{"not_picked":["Finisher","Masterful Stab"],"picked":"Deadly Poison","floor":4},{"not_picked":["Slice","Outmaneuver"],"picked":"Blade Dance","floor":6},{"not_picked":["Flying Knee","Setup"],"picked":"Acrobatics","floor":8},{"not_picked":["Catalyst","Bane"],"picked":"Deadly Poison","floor":12},{"not_picked":["Flechettes","Skewer","Dodge and Roll"],"picked":"SKIP","floor":14},{"not_picked":["Grand Finale","Unload"],"picked":"Burst","floor":16},{"not_picked":["Backflip","Flying Knee"],"picked":"Crippling Poison","floor":18},{"not_picked":["Footwork","PiercingWail+1"],"picked":"Blur","floor":20},{"not_picked":["Dagger Spray","Dagger Throw"],"picked":"Catalyst+1","floor":25},{"not_picked":["Outmaneuver","Well Laid Plans"],"picked":"Bouncing Flask+1","floor":27},{"not_picked":["Tactician","Prepared+1"],"picked":"Deadly Poison","floor":28},{"not_picked":["Acrobatics+1","Endless Agony"],"picked":"Terror+1","floor":30}],"player_experience":306219,"relics_obtained":[{"floor":5,"key":"PreservedInsect"},{"floor":6,"key":"Blood Vial"},{"floor":26,"key":"Lantern"},{"floor":27,"key":"Nunchaku"},{"floor":30,"key":"Molten Egg 2"}],"event_choices":[{"cards_removed":["Strike_G"],"damage_healed":0,"gold_gain":0,"player_choice":"Purged","damage_taken":0,"max_hp_gain":0,"max_hp_loss":0,"event_name":"Purifier","floor":2,"gold_loss":0},{"damage_healed":0,"gold_gain":0,"player_choice":"Success","damage_taken":7,"relics_obtained":["Anchor"],"max_hp_gain":0,"max_hp_loss":0,"event_name":"Scrap Ooze","floor":10,"gold_loss":0},{"cards_removed":["Strike_G"],"damage_healed":0,"gold_gain":0,"player_choice":"Elegance","damage_taken":0,"max_hp_gain":0,"max_hp_loss":0,"event_name":"Back to Basics","floor":19,"gold_loss":0},{"damage_healed":0,"gold_gain":0,"player_choice":"Inject Mutagens","damage_taken":0,"relics_obtained":["MutagenicStrength"],"max_hp_gain":0,"max_hp_loss":0,"event_name":"Drug Dealer","floor":22,"gold_loss":0},{"damage_healed":0,"gold_gain":0,"player_choice":"2 cards matched","damage_taken":0,"max_hp_gain":0,"max_hp_loss":0,"event_name":"Match and Keep!","floor":24,"gold_loss":0,"cards_obtained":["Malaise","Slice"]}],"is_beta":false,"boss_relics":[{"not_picked":["Black Star","HoveringKite"],"picked":"Runic Pyramid"}],"items_purged_floors":[3,21],"is_endless":false,"potions_floor_spawned":[8,16,18,28],"killed_by":"Shelled Parasite and Fungi","ascension_level":1}