{"gold_per_floor":[320,320,320,54,68,96,96,124,149,149,169,169,12,24,24,101,101,112,27,27,45,45,45,79,92,170,13,39,59,59,92,92,165,165,179,179,179,196,71,71,171,206,231,231,285,285,319,335,335,335,335,335,335,77,104,104],"floor_reached":57,"playtime":2132,"items_purged":["Strike_R","Pain","Strike_R","Strike_R"],"score":3219,"play_id":"b34148aa-a7f7-41c7-bf0d-b3692834093c","local_time":"20190516160405","is_ascension_mode":true,"campfire_choices":[{"data":"Immolate","floor":7.0,"key":"SMITH"},{"data":"Offering","floor":10.0,"key":"SMITH"},{"data":"Inflame","floor":15.0,"key":"SMITH"},{"data":"Shockwave","floor":23.0,"key":"SMITH"},{"data":"Second Wind","floor":32.0,"key":"SMITH"},{"data":"Power Through","floor":40.0,"key":"SMITH"},{"data":"Battle Trance","floor":44.0,"key":"SMITH"},{"floor":46.0,"key":"RECALL"},{"data":"Entrench","floor":49.0,"key":"SMITH"},{"data":"True Grit","floor":53.0,"key":"SMITH"}],"neow_cost":"NO_GOLD","seed_source_timestamp":2095221591124208,"circlet_count":0,"master_deck":["AscendersBane","Defend_R","Defend_R","Defend_R+1","Defend_R","Bash","Offering+1","Immolate+1","Flash of Steel","Inflame+1","Battle Trance+1","True Grit+1","Offering+1","Shockwave+1","Second Wind+1","Power Through+1","Evolve+1","Body Slam+1","Pommel Strike+1","Limit Break","Entrench+1"],"special_seed":0,"relics":["Burning Blood","Old Coin","Regal Pillow","Molten Egg 2","WarpedTongs","Velvet Choker","Paper Frog","War Paint","Bottled Tornado","Pen Nib","Bronze Scales","Calipers","White Beast Statue","Ginger","PreservedInsect","Omamori","Incense Burner","Potion Belt","Unceasing Top"],"potions_floor_usage":[56,56,56,56],"damage_taken":[{"damage":10.0,"enemies":"Small Slimes","floor":1.0,"turns":3.0},{"damage":6.0,"enemies":"Cultist","floor":5.0,"turns":2.0},{"damage":33.0,"enemies":"Lagavulin","floor":6.0,"turns":7.0},{"damage":6.0,"enemies":"3 Sentries","floor":8.0,"turns":2.0},{"damage":0.0,"enemies":"2 Louse","floor":11.0,"turns":1.0},{"damage":7.0,"enemies":"Exordium Thugs","floor":14.0,"turns":2.0},{"damage":13.0,"enemies":"Slime Boss","floor":16.0,"turns":5.0},{"damage":10.0,"enemies":"Spheric Guardian","floor":18.0,"turns":3.0},{"damage":6.0,"enemies":"Chosen","floor":21.0,"turns":2.0},{"damage":18.0,"enemies":"Slavers","floor":24.0,"turns":2.0},{"damage":6.0,"enemies":"Centurion and Healer","floor":25.0,"turns":4.0},{"damage":18.0,"enemies":"Gremlin Leader","floor":28.0,"turns":4.0},{"damage":6.0,"enemies":"Cultist and Chosen","floor":29.0,"turns":4.0},{"damage":6.0,"enemies":"Book of Stabbing","floor":31.0,"turns":6.0},{"damage":12.0,"enemies":"Automaton","floor":33.0,"turns":6.0},{"damage":9.0,"enemies":"Orb Walker","floor":35.0,"turns":4.0},{"damage":6.0,"enemies":"3 Darklings","floor":38.0,"turns":2.0},{"damage":6.0,"enemies":"Mind Bloom Boss Battle","floor":41.0,"turns":3.0},{"damage":12.0,"enemies":"Giant Head","floor":42.0,"turns":4.0},{"damage":0.0,"enemies":"2 Orb Walkers","floor":45.0,"turns":3.0},{"damage":6.0,"enemies":"Nemesis","floor":47.0,"turns":5.0},{"damage":6.0,"enemies":"Transient","floor":48.0,"turns":6.0},{"damage":5.0,"enemies":"Donu and Deca","floor":50.0,"turns":8.0},{"damage":12.0,"enemies":"Time Eater","floor":51.0,"turns":9.0},{"damage":7.0,"enemies":"Shield and Spear","floor":55.0,"turns":6.0},{"damage":50,"enemies":"The Heart","floor":56,"turns":7}],"seed_played":"-7131116526644930660","potions_obtained":[{"floor":5.0,"key":"FearPotion"},{"floor":6.0,"key":"Explosive Potion"},{"floor":24.0,"key":"SkillPotion"},{"floor":28.0,"key":"Ancient Potion"},{"floor":29.0,"key":"PowerPotion"},{"floor":35.0,"key":"Swift Potion"},{"floor":41.0,"key":"SpeedPotion"},{"floor":45.0,"key":"Block Potion"},{"floor":47.0,"key":"Ancient Potion"},{"floor":48.0,"key":"Dexterity Potion"},{"floor":55.0,"key":"AttackPotion"}],"is_trial":false,"path_per_floor":["M","?","?","$","M","E","R","E","T","R","M","?","$","M","R","B",null,"M","?","$","M","?","R","E","M","T","$","E","M","?","E","R","B",null,"M","?","?","M","$","R","?","E","T","R","?","R","E","M","R","B","B",null,"R","$","E","B",null],"character_chosen":"IRONCLAD","items_purchased":["Immolate","Flash of Steel","True Grit","Pen Nib","Swift Potion","Weak Potion"],"campfire_rested":0,"item_purchase_floors":[4,4,13,27,54,54],"current_hp_per_floor":[64,64,69,69,69,42,42,42,42,42,48,48,48,47,47,40,66,62,62,62,62,62,62,50,50,50,50,38,38,38,38,38,32,64,61,61,61,61,61,61,61,55,55,55,61,61,61,61,61,62,56,67,67,67,66,22],"gold":104,"neow_bonus":"ONE_RARE_RELIC","is_prod":false,"is_daily":false,"chose_seed":false,"campfire_upgraded":9,"win_rate":0,"timestamp":1557993845,"path_taken":["M","?","?","$","?","E","R","E","T","R","M","?","?","M","R","BOSS","M","?","$","M","?","R","E","M","T","?","E","M","?","E","R","BOSS","M","?","?","?","$","R","?","E","T","R","?","R","E","M","R","BOSS","BOSS","R","$","E","BOSS"],"build_version":"2019-01-23","purchased_purges":4,"victory":true,"max_hp_per_floor":[75,75,75,75,75,75,75,75,75,75,75,75,75,75,75,75,75,75,75,75,75,75,75,75,75,75,75,75,75,75,75,75,75,75,75,71,71,71,71,71,71,71,71,71,71,71,71,71,71,71,71,71,71,71,71,71],"card_choices":[{"not_picked":["Headbutt","Havoc"],"picked":"Shrug It Off","floor":1.0},{"not_picked":["Shockwave","Carnage"],"picked":"Inflame","floor":5.0},{"not_picked":["Flame Barrier","Thunderclap","Carnage"],"picked":"SKIP","floor":6.0},{"not_picked":["Inflame","Perfected Strike"],"picked":"Battle Trance","floor":8.0},{"not_picked":["Reckless Charge+1","Wild Strike+1","Blood for Blood+1"],"picked":"SKIP","floor":11.0},{"not_picked":["Twin Strike+1","True Grit","Clothesline+1"],"picked":"SKIP","floor":14.0},{"not_picked":["Double Tap","Feed+1"],"picked":"Offering","floor":16.0},{"not_picked":["Anger+1","Blood for Blood+1"],"picked":"Shockwave","floor":18.0},{"not_picked":["Twin Strike+1","Clothesline+1","Hemokinesis+1"],"picked":"SKIP","floor":21.0},{"not_picked":["Corruption","Armaments","Carnage+1"],"picked":"SKIP","floor":24.0},{"not_picked":["Flex","Anger+1","Rupture"],"picked":"SKIP","floor":25.0},{"not_picked":["Infernal Blade","Rupture+1"],"picked":"Second Wind","floor":28.0},{"not_picked":["Clothesline+1","Armaments","Iron Wave+1"],"picked":"SKIP","floor":29.0},{"not_picked":["Blood for Blood+1","Cleave+1","Perfected Strike+1"],"picked":"SKIP","floor":31.0},{"not_picked":["Bludgeon+1","Berserk"],"picked":"Juggernaut","floor":33.0},{"not_picked":["Sword Boomerang+1","True Grit+1"],"picked":"Evolve+1","floor":35.0},{"not_picked":["Whirlwind+1","Thunderclap+1"],"picked":"Body Slam+1","floor":38.0},{"not_picked":["Sever Soul+1","Sword Boomerang+1"],"picked":"Pommel Strike+1","floor":41.0},{"not_picked":["Perfected Strike+1","Armaments+1"],"picked":"Limit Break","floor":42.0},{"not_picked":["Wild Strike+1","Flex+1"],"picked":"Entrench","floor":47.0},{"not_picked":["Flex","Dual Wield","Twin Strike+1"],"picked":"SKIP","floor":48.0},{"not_picked":["Wild Strike+1","Reckless Charge+1","Heavy Blade+1"],"picked":"SKIP","floor":55.0}],"player_experience":851051,"relics_obtained":[{"floor":6.0,"key":"Regal Pillow"},{"floor":8.0,"key":"Molten Egg 2"},{"floor":24.0,"key":"War Paint"},{"floor":26.0,"key":"Bottled Tornado"},{"floor":28.0,"key":"Bronze Scales"},{"floor":31.0,"key":"Calipers"},{"floor":41.0,"key":"Ginger"},{"floor":42.0,"key":"PreservedInsect"},{"floor":43.0,"key":"Omamori"},{"floor":45.0,"key":"Incense Burner"},{"floor":47.0,"key":"Potion Belt"},{"floor":55.0,"key":"Unceasing Top"}],"event_choices":[{"damage_healed":0.0,"max_hp_gain":0.0,"max_hp_loss":0.0,"gold_gain":0.0,"cards_transformed":["Strike_R"],"event_name":"Living Wall","player_choice":"Change","floor":2.0,"gold_loss":0.0,"damage_taken":0.0,"cards_obtained":["Offering"]},{"cards_removed":["Shrug It Off"],"damage_healed":5.0,"max_hp_gain":0.0,"max_hp_loss":0.0,"gold_gain":0.0,"event_name":"Bonfire Elementals","player_choice":"Offered Common","floor":3.0,"gold_loss":0.0,"damage_taken":0.0},{"cards_removed":["Shrug It Off"],"damage_healed":5.0,"max_hp_gain":0.0,"max_hp_loss":0.0,"gold_gain":0.0,"event_name":"Bonfire Elementals","player_choice":"Offered Special","floor":3.0,"gold_loss":0.0,"damage_taken":0.0},{"damage_healed":0.0,"max_hp_gain":0.0,"max_hp_loss":0.0,"gold_gain":0.0,"event_name":"Accursed Blacksmith","player_choice":"Rummage","floor":12.0,"gold_loss":0.0,"damage_taken":0.0,"relics_obtained":["WarpedTongs"],"cards_obtained":["Pain"]},{"damage_healed":0.0,"max_hp_gain":0.0,"max_hp_loss":0.0,"gold_gain":0.0,"event_name":"Addict","player_choice":"Obtained Relic","floor":19.0,"gold_loss":85.0,"damage_taken":0.0,"relics_obtained":["Paper Frog"]},{"cards_removed":["Strike_R"],"damage_healed":0.0,"max_hp_gain":0.0,"max_hp_loss":0.0,"gold_gain":0.0,"event_name":"Back to Basics","player_choice":"Elegance","floor":22.0,"gold_loss":0.0,"damage_taken":0.0},{"damage_healed":0.0,"max_hp_gain":0.0,"max_hp_loss":0.0,"gold_gain":0.0,"event_name":"The Library","player_choice":"Read","floor":30.0,"gold_loss":0.0,"damage_taken":0.0,"cards_obtained":["Power Through"]},{"damage_healed":0.0,"max_hp_gain":0.0,"max_hp_loss":4.0,"gold_gain":0.0,"event_name":"Winding Halls","player_choice":"Max HP","floor":36.0,"gold_loss":0.0,"damage_taken":0.0},{"cards_removed":["Juggernaut"],"damage_healed":0.0,"max_hp_gain":0.0,"max_hp_loss":0.0,"gold_gain":0.0,"event_name":"Falling","player_choice":"Removed Power","floor":37.0,"gold_loss":0.0,"damage_taken":0.0},{"damage_healed":0.0,"max_hp_gain":0.0,"max_hp_loss":0.0,"gold_gain":0.0,"event_name":"MindBloom","player_choice":"Fight","floor":41.0,"gold_loss":0.0,"damage_taken":0.0},{"damage_healed":0.0,"max_hp_gain":0.0,"max_hp_loss":0.0,"gold_gain":0.0,"event_name":"Mysterious Sphere","player_choice":"Fight","floor":45.0,"gold_loss":0.0,"damage_taken":0.0}],"is_beta":false,"boss_relics":[{"not_picked":["Empty Cage","Calling Bell"],"picked":"Velvet Choker"},{"not_picked":["Sozu","Black Star"],"picked":"White Beast Statue"}],"items_purged_floors":[4,13,39,54],"is_endless":false,"potions_floor_spawned":[5,6,24,28,29,31,35,38,41,42,45,47,48,55],"ascension_level":20}