{"gold_per_floor":[118,118,134,153,165,192,209,209,236,74,74,85,111,111,111,213,213,223,239,239,339,354,354,372,372,372,372,372,387,387],"floor_reached":30,"playtime":2085,"items_purged":["Normality"],"score":328,"play_id":"15942957-eb62-444a-873f-691c7fb96361","local_time":"20190208074010","is_ascension_mode":true,"campfire_choices":[{"data":"Deadly Poison","floor":8,"key":"SMITH"},{"floor":11,"key":"REST"},{"floor":15,"key":"REST"},{"floor":23,"key":"REST"},{"floor":25,"key":"REST"}],"neow_cost":"CURSE","seed_source_timestamp":266363257531933,"circlet_count":0,"master_deck":["Defend_G","Defend_G","Defend_G","Defend_G","Survivor","Neutralize","Flash of Steel","Sadistic Nature","Leg Sweep","Flechettes+1","Deadly Poison+1","Terror","Crippling Poison","Bane+1","Burst","Footwork","Poisoned Stab","Poisoned Stab","Blur","Envenom","Injury","Poisoned Stab","Deflect","Bite","Bite","Bite","Bite","Bite","Prepared","Deflect","Necronomicurse","Predator"],"relics":["Ring of the Snake","Bird Faced Urn","Whetstone","Omamori","Darkstone Periapt","Calling Bell","Art of War","Kunai","Ginger","Dodecahedron","Necronomicon"],"potions_floor_usage":[6,6,16,16,18,22,30,30],"damage_taken":[{"damage":0,"enemies":"2 Louse","floor":1,"turns":2},{"damage":4,"enemies":"Cultist","floor":3,"turns":4},{"damage":0,"enemies":"Jaw Worm","floor":4,"turns":5},{"damage":5,"enemies":"Blue Slaver","floor":5,"turns":4},{"damage":14,"enemies":"Lagavulin","floor":6,"turns":5},{"damage":21,"enemies":"Lots of Slimes","floor":7,"turns":4},{"damage":11,"enemies":"2 Fungi Beasts","floor":12,"turns":3},{"damage":13,"enemies":"Gremlin Nob","floor":13,"turns":3},{"damage":30,"enemies":"Hexaghost","floor":16,"turns":6},{"damage":27,"enemies":"2 Thieves","floor":18,"turns":4},{"damage":7,"enemies":"Chosen","floor":19,"turns":3},{"damage":14,"enemies":"Snecko","floor":22,"turns":4},{"damage":41,"enemies":"3 Cultists","floor":24,"turns":6},{"damage":15,"enemies":"Snake Plant","floor":29,"turns":6},{"damage":31,"enemies":"Centurion and Healer","floor":30,"turns":5}],"seed_played":"-4221891454102384552","potions_obtained":[{"floor":4,"key":"AttackPotion"},{"floor":5,"key":"Regen Potion"},{"floor":7,"key":"GamblersBrew"},{"floor":12,"key":"Strength Potion"},{"floor":13,"key":"AttackPotion"},{"floor":18,"key":"LiquidBronze"},{"floor":19,"key":"Block Potion"},{"floor":29,"key":"GamblersBrew"}],"is_trial":false,"path_per_floor":["M","?","M","M","M","E","M","R","T","$","R","M","E","T","R","B",null,"M","M","?","?","M","R","M","R","T","?","?","M","M"],"character_chosen":"THE_SILENT","items_purchased":["Footwork","Poisoned Stab"],"campfire_rested":4,"item_purchase_floors":[10,10],"current_hp_per_floor":[70,70,66,66,61,61,42,42,42,42,63,54,45,45,66,40,69,46,43,43,43,37,52,18,33,33,23,23,16,0],"gold":387,"neow_bonus":"RANDOM_COLORLESS_2","is_prod":false,"is_daily":false,"chose_seed":false,"campfire_upgraded":1,"win_rate":0,"timestamp":1549582810,"path_taken":["M","?","?","M","M","E","M","R","T","$","R","M","E","?","R","BOSS","M","?","?","?","M","R","?","R","T","?","?","M","M"],"build_version":"2019-01-23","purchased_purges":1,"victory":false,"max_hp_per_floor":[70,70,70,70,70,70,70,70,70,70,70,70,70,70,70,70,76,76,76,53,53,53,53,53,53,53,59,59,59,59],"card_choices":[{"not_picked":["Flying Knee","Accuracy"],"picked":"Leg Sweep","floor":1},{"not_picked":["Terror","Quick Slash"],"picked":"Deadly Poison","floor":3},{"not_picked":["Underhanded Strike","Flechettes"],"picked":"Terror","floor":4},{"not_picked":["Caltrops","Prepared"],"picked":"Crippling Poison","floor":5},{"not_picked":["Concentrate","Slice"],"picked":"Bane","floor":6},{"not_picked":["Dagger Throw","Outmaneuver"],"picked":"Burst","floor":7},{"not_picked":["PiercingWail","Underhanded Strike"],"picked":"Poisoned Stab","floor":12},{"not_picked":["All Out Attack","Deflect"],"picked":"Blur","floor":13},{"not_picked":["Adrenaline","Glass Knife"],"picked":"Envenom","floor":16},{"not_picked":["Outmaneuver","Masterful Stab+1"],"picked":"Poisoned Stab","floor":18},{"not_picked":["Flying Knee","Acrobatics"],"picked":"Deflect","floor":19},{"not_picked":["Doppelganger","Blade Dance"],"picked":"Prepared","floor":22},{"not_picked":["Prepared","Blade Dance"],"picked":"Deflect","floor":24},{"not_picked":["Underhanded Strike","Slice"],"picked":"Predator","floor":29}],"player_experience":672089,"relics_obtained":[{"floor":6,"key":"Bird Faced Urn"},{"floor":9,"key":"Whetstone"},{"floor":13,"key":"Omamori"},{"floor":14,"key":"Darkstone Periapt"},{"floor":17,"key":"Art of War"},{"floor":17,"key":"Kunai"},{"floor":17,"key":"Ginger"},{"floor":26,"key":"Dodecahedron"},{"floor":27,"key":"Necronomicon"}],"event_choices":[{"damage_healed":0,"gold_gain":0,"cards_transformed":["Strike_G"],"player_choice":"Transformed","damage_taken":0,"max_hp_gain":0,"max_hp_loss":0,"event_name":"Transmorgrifier","floor":2,"gold_loss":0,"cards_obtained":["Flechettes"]},{"damage_healed":0,"gold_gain":0,"player_choice":"Became a vampire","damage_taken":0,"max_hp_gain":0,"max_hp_loss":23,"event_name":"Vampires","floor":20,"gold_loss":0,"cards_obtained":["Bite","Bite","Bite","Bite","Bite"]},{"damage_healed":0,"gold_gain":100,"player_choice":"Pray","damage_taken":0,"max_hp_gain":0,"max_hp_loss":0,"event_name":"Golden Shrine","floor":21,"gold_loss":0},{"damage_healed":0,"gold_gain":0,"player_choice":"Obtained Book","damage_taken":16,"max_hp_gain":0,"max_hp_loss":0,"event_name":"Cursed Tome","floor":27,"gold_loss":0},{"cards_removed":["Defend_G"],"damage_healed":0,"gold_gain":0,"player_choice":"Elegance","damage_taken":0,"max_hp_gain":0,"max_hp_loss":0,"event_name":"Back to Basics","floor":28,"gold_loss":0}],"is_beta":false,"boss_relics":[{"not_picked":["Runic Dome","Philosopher\u0027s Stone"],"picked":"Calling Bell"}],"items_purged_floors":[10],"is_endless":false,"potions_floor_spawned":[4,5,7,12,13,18,19,29],"killed_by":"Centurion and Healer","ascension_level":5}