{"gold_per_floor":[114,130,230,119,133,159,173,184,209,226,246,257,257,222,222,324,374,390,4,4,21,21,40,40],"floor_reached":24,"playtime":3646,"items_purged":["Defend_B","Defend_B"],"score":202,"play_id":"d1ce6dc0-04d6-45e5-8770-517b25cead72","local_time":"20181130163703","is_ascension_mode":false,"campfire_choices":[{"floor":13,"key":"REST"},{"floor":15,"key":"REST"}],"neow_cost":"NONE","seed_source_timestamp":1039183280661377,"circlet_count":0,"master_deck":["Strike_B","Strike_B","Strike_B","Defend_B","Defend_B","Zap","Dualcast+1","Melter","Reinforced Body","Go for the Eyes","Auto Shields","Coolheaded","Consume","Seek","Chaos","Cold Snap","Loop","Aggregate","Creative AI","Streamline","Static Discharge","Coolheaded+1","Redo+1","Flash of Steel","Hologram+1"],"relics":["Cracked Core","Ice Cream","Bag of Marbles","Tiny House","Toxic Egg 2"],"potions_floor_usage":[6,6,11,16,16,21,24],"damage_taken":[{"damage":12,"enemies":"Small Slimes","floor":1,"turns":4},{"damage":0,"enemies":"Cultist","floor":2,"turns":3},{"damage":0,"enemies":"Jaw Worm","floor":5,"turns":3},{"damage":31,"enemies":"Gremlin Nob","floor":6,"turns":6},{"damage":1,"enemies":"Exordium Wildlife","floor":7,"turns":5},{"damage":17,"enemies":"Lots of Slimes","floor":8,"turns":5},{"damage":0,"enemies":"Looter","floor":10,"turns":4},{"damage":0,"enemies":"Gremlin Gang","floor":11,"turns":5},{"damage":5,"enemies":"Blue Slaver","floor":12,"turns":3},{"damage":49,"enemies":"The Guardian","floor":16,"turns":17},{"damage":0,"enemies":"Spheric Guardian","floor":18,"turns":2},{"damage":16,"enemies":"Shell Parasite","floor":21,"turns":6},{"damage":7,"enemies":"Chosen and Byrds","floor":23,"turns":8},{"damage":44,"enemies":"Centurion and Healer","floor":24,"turns":10}],"seed_played":"6837738276560479485","potions_obtained":[{"floor":2,"key":"SteroidPotion"},{"floor":5,"key":"Swift Potion"},{"floor":6,"key":"SkillPotion"},{"floor":8,"key":"Dexterity Potion"},{"floor":11,"key":"Swift Potion"},{"floor":17,"key":"Swift Potion"},{"floor":23,"key":"Weak Potion"}],"is_trial":false,"path_per_floor":["M","M","?","$","M","E","M","M","T","M","M","M","R","?","R","B",null,"M","$","?","M","?","M","M"],"character_chosen":"DEFECT","items_purchased":["Auto Shields","Toxic Egg 2","Coolheaded+1"],"campfire_rested":2,"item_purchase_floors":[4,19,19],"current_hp_per_floor":[63,63,63,63,63,32,31,14,14,14,14,9,31,49,71,22,80,80,80,80,64,48,41,0],"gold":40,"neow_bonus":"TRANSFORM_CARD","is_prod":false,"is_daily":false,"chose_seed":false,"campfire_upgraded":0,"win_rate":0.0,"timestamp":1543556223,"path_taken":["M","M","?","$","?","E","?","M","T","M","M","M","R","?","R","BOSS","M","$","?","?","?","?","M"],"build_version":"2018-11-15","purchased_purges":2,"victory":false,"max_hp_per_floor":[75,75,75,75,75,75,75,75,75,75,75,75,75,75,75,75,80,80,80,80,80,80,80,80],"card_choices":[{"not_picked":["Leap","Go for the Eyes"],"picked":"Reinforced Body","floor":1},{"not_picked":["Steam","Rip and Tear"],"picked":"Go for the Eyes","floor":2},{"not_picked":["Barrage","Force Field"],"picked":"Coolheaded","floor":5},{"not_picked":["Barrage","Beam Cell"],"picked":"Consume","floor":6},{"not_picked":["Cold Snap","Leap"],"picked":"Seek","floor":7},{"not_picked":["Double Energy","Steam"],"picked":"Chaos","floor":8},{"not_picked":["Auto Shields","Defragment"],"picked":"Cold Snap","floor":10},{"not_picked":["Cold Snap","Stack"],"picked":"Loop","floor":11},{"not_picked":["Chaos","Cold Snap"],"picked":"Aggregate","floor":12},{"not_picked":["Thunder Strike","Multi-Cast"],"picked":"Creative AI","floor":16},{"not_picked":["Compile Driver","Sweeping Beam"],"picked":"Streamline","floor":17},{"not_picked":["Coolheaded+1","Hologram"],"picked":"Static Discharge","floor":18},{"not_picked":["Go for the Eyes","Rainbow+1"],"picked":"Redo+1","floor":21},{"not_picked":["Go for the Eyes","Doom and Gloom"],"picked":"Hologram+1","floor":23}],"player_experience":68201,"relics_obtained":[{"floor":6,"key":"Ice Cream"},{"floor":9,"key":"Bag of Marbles"}],"event_choices":[{"damage_healed":0,"gold_gain":100,"player_choice":"Pray","damage_taken":0,"max_hp_gain":0,"max_hp_loss":0,"event_name":"Golden Shrine","floor":3,"gold_loss":0},{"damage_healed":18,"gold_gain":0,"player_choice":"Healed","damage_taken":0,"max_hp_gain":0,"max_hp_loss":0,"event_name":"The Cleric","floor":14,"gold_loss":35},{"damage_healed":0,"gold_gain":0,"player_choice":"Ignored","damage_taken":0,"max_hp_gain":0,"max_hp_loss":0,"event_name":"N\u0027loth","floor":20,"gold_loss":0},{"damage_healed":0,"gold_gain":0,"player_choice":"CARD ","damage_taken":16,"max_hp_gain":0,"max_hp_loss":0,"event_name":"Knowing Skull","floor":22,"potions_obtained":[],"gold_loss":0,"cards_obtained":["Flash of Steel"]}],"is_beta":false,"boss_relics":[{"not_picked":["Ectoplasm","White Beast Statue"],"picked":"Tiny House"}],"items_purged_floors":[4,19],"is_endless":false,"potions_floor_spawned":[2,5,6,8,11,23],"killed_by":"Centurion and Healer","ascension_level":0}