{"gold_per_floor":[110,53,65,65,65,65,95,170,248,267,280,306,306,319,319,396,396,415,330,330,330,350,350,361,378,432,432,466,115,115,126,126,204,204,220,230,53,68,12,12,30,30,30,48,0,35,45,57,57,57,57,57,57,57,85,85],"floor_reached":57,"playtime":3760,"items_purged":["Lockon","Sweeping Beam"],"score":2708,"play_id":"d223e691-a940-44fd-9e75-e54972afbad0","local_time":"20190523225138","is_ascension_mode":true,"campfire_choices":[{"data":"Streamline","floor":6.0,"key":"SMITH"},{"data":"Coolheaded","floor":13.0,"key":"SMITH"},{"data":"Dualcast","floor":15.0,"key":"SMITH"},{"data":"Fission","floor":23.0,"key":"SMITH"},{"data":"Recycle","floor":27.0,"key":"SMITH"},{"data":"Turbo","floor":30.0,"key":"SMITH"},{"data":"Biased Cognition","floor":32.0,"key":"SMITH"},{"floor":40.0,"key":"RECALL"},{"data":"Seek","floor":49.0,"key":"SMITH"},{"data":"Hologram","floor":53.0,"key":"SMITH"}],"neow_cost":"NONE","seed_source_timestamp":0,"circlet_count":0,"master_deck":["AscendersBane","Zap","Dualcast+1","Coolheaded+1","Streamline+1","White Noise","Hologram+1","Chill","Fission+1","Echo Form","Sunder","Multi-Cast","Glacier","Biased Cognition+1","Self Repair","Coolheaded+1","Recycle+1","Loop+1","Turbo+1","Seek+1","Undo","Heatsinks+1","Double Energy"],"special_seed":0,"relics":["Cracked Core","NeowsBlessing","Odd Mushroom","Symbiotic Virus","Pantograph","Pandora\u0027s Box","Letter Opener","Cables","Lantern","Frozen Egg 2","OrangePellets","Coffee Dripper","Blue Candle","Red Mask","Kunai","Du-Vu Doll"],"potions_floor_usage":[56],"damage_taken":[{"damage":0.0,"enemies":"Cultist","floor":1.0,"turns":1.0},{"damage":0.0,"enemies":"Small Slimes","floor":3.0,"turns":1.0},{"damage":0.0,"enemies":"The Mushroom Lair","floor":7.0,"turns":1.0},{"damage":9.0,"enemies":"2 Louse","floor":10.0,"turns":3.0},{"damage":13.0,"enemies":"Large Slime","floor":11.0,"turns":4.0},{"damage":9.0,"enemies":"Gremlin Nob","floor":12.0,"turns":3.0},{"damage":26.0,"enemies":"Blue Slaver","floor":14.0,"turns":3.0},{"damage":27.0,"enemies":"Hexaghost","floor":16.0,"turns":8.0},{"damage":1.0,"enemies":"Spheric Guardian","floor":18.0,"turns":3.0},{"damage":10.0,"enemies":"Colosseum Slavers","floor":20.0,"turns":5.0},{"damage":15.0,"enemies":"Shell Parasite","floor":22.0,"turns":3.0},{"damage":6.0,"enemies":"Cultist and Chosen","floor":24.0,"turns":7.0},{"damage":7.0,"enemies":"Snake Plant","floor":25.0,"turns":5.0},{"damage":0.0,"enemies":"Slavers","floor":28.0,"turns":7.0},{"damage":0.0,"enemies":"3 Cultists","floor":31.0,"turns":3.0},{"damage":10.0,"enemies":"Champ","floor":33.0,"turns":4.0},{"damage":7.0,"enemies":"3 Shapes","floor":35.0,"turns":4.0},{"damage":0.0,"enemies":"3 Darklings","floor":36.0,"turns":6.0},{"damage":0.0,"enemies":"Writhing Mass","floor":38.0,"turns":4.0},{"damage":0.0,"enemies":"Transient","floor":41.0,"turns":6.0},{"damage":11.0,"enemies":"Sphere and 2 Shapes","floor":44.0,"turns":5.0},{"damage":29.0,"enemies":"Nemesis","floor":46.0,"turns":11.0},{"damage":0.0,"enemies":"Spire Growth","floor":47.0,"turns":2.0},{"damage":5.0,"enemies":"4 Shapes","floor":48.0,"turns":5.0},{"damage":0.0,"enemies":"Donu and Deca","floor":50.0,"turns":8.0},{"damage":10.0,"enemies":"Awakened One","floor":51.0,"turns":13.0},{"damage":22.0,"enemies":"Shield and Spear","floor":55.0,"turns":5.0},{"damage":32,"enemies":"The Heart","floor":56,"turns":9}],"seed_played":"5443391109002546218","potions_obtained":[{"floor":3.0,"key":"Dexterity Potion"},{"floor":10.0,"key":"Fruit Juice"},{"floor":12.0,"key":"SkillPotion"},{"floor":24.0,"key":"EssenceOfSteel"},{"floor":25.0,"key":"Energy Potion"},{"floor":44.0,"key":"GamblersBrew"}],"is_trial":false,"path_per_floor":["M","$","M","?","?","R","?","?","T","M","M","E","R","M","R","B",null,"M","?","?","T","M","R","M","M","T","R","E","$","R","M","R","B",null,"M","M","$","M","$","R","M","T","T","M","?","E","M","M","R","B","B",null,"R","$","E","B",null],"character_chosen":"DEFECT","items_purchased":["Coolheaded","Turbo","OrangePellets","Heatsinks+1","Swift Potion"],"campfire_rested":0,"item_purchase_floors":[2,29,29,37,39],"current_hp_per_floor":[64,64,64,69,69,69,69,58,58,54,41,32,32,6,6,4,62,61,61,58,58,43,43,51,51,51,51,58,58,58,65,65,81,81,81,81,81,81,81,81,81,81,81,81,81,66,73,81,81,81,78,80,80,80,65,56],"gold":85,"neow_bonus":"THREE_ENEMY_KILL","is_prod":false,"is_daily":false,"chose_seed":false,"campfire_upgraded":9,"win_rate":0,"timestamp":1558623098,"path_taken":["M","?","M","?","?","R","?","?","T","M","M","E","R","M","R","BOSS","M","?","?","?","M","R","M","M","T","R","E","$","R","M","R","BOSS","M","M","$","M","?","R","M","?","T","M","?","E","M","M","R","BOSS","BOSS","R","$","E","BOSS"],"build_version":"2019-01-23","purchased_purges":2,"victory":true,"max_hp_per_floor":[71,71,71,76,76,76,76,76,76,81,81,81,81,81,81,81,81,81,81,81,81,81,81,81,81,81,81,81,81,81,81,81,81,81,81,81,81,81,81,81,81,81,81,81,81,81,81,81,81,81,81,81,81,81,81,81],"card_choices":[{"not_picked":["Leap","Go for the Eyes","BootSequence"],"picked":"SKIP","floor":1.0},{"not_picked":["Conserve Battery","Stack"],"picked":"Streamline","floor":3.0},{"not_picked":["Sunder","Redo"],"picked":"White Noise","floor":7.0},{"not_picked":["Gash","Streamline","Rip and Tear"],"picked":"SKIP","floor":10.0},{"not_picked":["Tempest","Melter"],"picked":"Hologram","floor":11.0},{"not_picked":["Amplify","Leap","Auto Shields"],"picked":"SKIP","floor":12.0},{"not_picked":["Compile Driver","Streamline"],"picked":"Chill","floor":14.0},{"not_picked":["Amplify","Rainbow"],"picked":"Fission","floor":16.0},{"not_picked":["Force Field","Tempest","Redo+1"],"picked":"SKIP","floor":18.0},{"not_picked":["Barrage","Streamline+1"],"picked":"Coolheaded+1","floor":22.0},{"not_picked":["Steam","Cold Snap"],"picked":"Recycle","floor":24.0},{"not_picked":["Steam","Ball Lightning"],"picked":"Loop+1","floor":25.0},{"not_picked":["Lockon","Rainbow","White Noise"],"picked":"SKIP","floor":28.0},{"not_picked":["Redo+1","Rebound+1","Scrape"],"picked":"SKIP","floor":31.0},{"not_picked":["Electrodynamics+1","Hyperbeam"],"picked":"Seek","floor":33.0},{"not_picked":["Rebound","Streamline"],"picked":"Undo","floor":35.0},{"not_picked":["Static Discharge+1","Hello World+1","Auto Shields"],"picked":"SKIP","floor":36.0},{"not_picked":["Conserve Battery+1","Self Repair+1","Beam Cell+1"],"picked":"SKIP","floor":38.0},{"not_picked":["Redo+1","Stack","Tempest+1"],"picked":"SKIP","floor":41.0},{"not_picked":["Auto Shields+1","Sweeping Beam"],"picked":"Double Energy","floor":44.0},{"not_picked":["Scrape","Gash","All For One"],"picked":"SKIP","floor":46.0},{"not_picked":["Go for the Eyes","Rebound","Stack+1"],"picked":"SKIP","floor":47.0},{"not_picked":["Conserve Battery","Turbo","Cold Snap"],"picked":"SKIP","floor":48.0},{"not_picked":["Rip and Tear","Go for the Eyes+1","Chaos"],"picked":"SKIP","floor":55.0}],"player_experience":931011,"relics_obtained":[{"floor":7.0,"key":"Odd Mushroom"},{"floor":9.0,"key":"Symbiotic Virus"},{"floor":12.0,"key":"Pantograph"},{"floor":21.0,"key":"Cables"},{"floor":26.0,"key":"Lantern"},{"floor":28.0,"key":"Frozen Egg 2"},{"floor":43.0,"key":"Blue Candle"},{"floor":46.0,"key":"Kunai"},{"floor":55.0,"key":"Du-Vu Doll"}],"event_choices":[{"damage_healed":0.0,"max_hp_gain":5.0,"max_hp_loss":0.0,"gold_gain":0.0,"event_name":"Big Fish","player_choice":"Donut","floor":4.0,"gold_loss":0.0,"damage_taken":0.0},{"damage_healed":0.0,"max_hp_gain":0.0,"max_hp_loss":0.0,"gold_gain":0.0,"event_name":"Liars Game","player_choice":"Ignored","floor":5.0,"gold_loss":0.0,"damage_taken":0.0},{"damage_healed":0.0,"max_hp_gain":0.0,"max_hp_loss":0.0,"gold_gain":0.0,"event_name":"Mushrooms","player_choice":"Fought Mushrooms","floor":7.0,"gold_loss":0.0,"damage_taken":0.0},{"damage_healed":0.0,"max_hp_gain":0.0,"max_hp_loss":0.0,"gold_gain":75.0,"event_name":"World of Goop","player_choice":"Gather Gold","floor":8.0,"gold_loss":0.0,"damage_taken":11.0},{"damage_healed":0.0,"max_hp_gain":0.0,"max_hp_loss":0.0,"gold_gain":0.0,"event_name":"Addict","player_choice":"Obtained Relic","floor":19.0,"gold_loss":85.0,"damage_taken":0.0,"relics_obtained":["Letter Opener"]},{"damage_healed":0.0,"max_hp_gain":0.0,"max_hp_loss":0.0,"gold_gain":0.0,"event_name":"Colosseum","player_choice":"Fight","floor":20.0,"gold_loss":0.0,"damage_taken":0.0},{"damage_healed":0.0,"max_hp_gain":0.0,"max_hp_loss":0.0,"gold_gain":0.0,"event_name":"Colosseum","player_choice":"Fled From Nobs","floor":20.0,"gold_loss":0.0,"damage_taken":0.0},{"damage_healed":0.0,"max_hp_gain":0.0,"max_hp_loss":0.0,"gold_gain":0.0,"event_name":"Tomb of Lord Red Mask","player_choice":"Paid","floor":45.0,"gold_loss":48.0,"damage_taken":0.0,"relics_obtained":["Red Mask"]}],"is_beta":false,"boss_relics":[{"not_picked":["Orrery","Busted Crown"],"picked":"Pandora\u0027s Box"},{"not_picked":["Runic Pyramid","Calling Bell"],"picked":"Coffee Dripper"}],"items_purged_floors":[29,37],"is_endless":false,"potions_floor_spawned":[3,10,12,20,24,25,35,38,44,46,47],"ascension_level":20}