{"gold_per_floor":[360,360,360,379,314,340,340,351,351,363,375,412,349,379,391,475,487,518,547,365,365],"floor_reached":21,"playtime":691,"items_purged":[],"score":365,"play_id":"a2613e7f-4675-4699-9b70-678c93142d5a","local_time":"20190313232918","is_ascension_mode":true,"campfire_choices":[{"floor":7.0,"key":"REST"},{"floor":10.0,"key":"REST"},{"floor":15.0,"key":"REST"}],"neow_cost":"TEN_PERCENT_HP_LOSS","seed_source_timestamp":337484990697571,"circlet_count":0,"master_deck":["AscendersBane","Strike_R","Strike_R","Strike_R","Strike_R","Defend_R","Defend_R","Defend_R","Defend_R","Bash","Feel No Pain","Heavy Blade","Shrug It Off","Anger","Demon Form","Clothesline","Reaper","Sentinel","Cleave","Heavy Blade","Body Slam","Body Slam","Shrug It Off","Apotheosis"],"special_seed":0,"relics":["Burning Blood","Self Forming Clay","Lantern","MawBank","Magic Flower","Orrery"],"potions_floor_usage":[],"damage_taken":[{"damage":9.0,"enemies":"2 Louse","floor":1.0,"turns":2.0},{"damage":7.0,"enemies":"Small Slimes","floor":4.0,"turns":4.0},{"damage":50.0,"enemies":"Gremlin Nob","floor":6.0,"turns":5.0},{"damage":0.0,"enemies":"Cultist","floor":8.0,"turns":2.0},{"damage":21.0,"enemies":"Lagavulin","floor":12.0,"turns":6.0},{"damage":11.0,"enemies":"Looter","floor":14.0,"turns":3.0},{"damage":62.0,"enemies":"Hexaghost","floor":16.0,"turns":9.0},{"damage":39.0,"enemies":"Spheric Guardian","floor":18.0,"turns":6.0},{"damage":33.0,"enemies":"2 Thieves","floor":19.0,"turns":4.0},{"damage":51,"enemies":"3 Cultists","floor":21,"turns":4}],"seed_played":"-3749848281605367828","potions_obtained":[{"floor":6.0,"key":"Fire Potion"},{"floor":8.0,"key":"Energy Potion"},{"floor":16.0,"key":"GamblersBrew"},{"floor":18.0,"key":"SteroidPotion"}],"is_trial":false,"path_per_floor":["M","$","?","M","?","E","R","M","T","R","$","E","?","M","R","B",null,"M","M","$","M"],"character_chosen":"IRONCLAD","items_purchased":["Apotheosis"],"campfire_rested":3,"item_purchase_floors":[20],"current_hp_per_floor":[65,65,70,69,69,25,46,52,52,73,73,58,58,56,73,20,60,30,39,39,0],"gold":365,"neow_bonus":"TWO_FIFTY_GOLD","is_prod":false,"is_daily":false,"chose_seed":false,"campfire_upgraded":0,"win_rate":0,"timestamp":1552480158,"path_taken":["M","$","?","M","?","E","R","?","T","R","$","E","?","M","R","BOSS","M","M","$","M"],"build_version":"2019-01-23","purchased_purges":0,"victory":false,"max_hp_per_floor":[68,68,73,73,73,73,73,73,73,73,73,73,73,73,73,73,73,73,73,73,73],"card_choices":[{"not_picked":["Clothesline","Perfected Strike"],"picked":"Feel No Pain","floor":1.0},{"not_picked":["Rupture","Perfected Strike"],"picked":"Heavy Blade","floor":4.0},{"not_picked":["Perfected Strike","Bloodletting"],"picked":"Shrug It Off","floor":6.0},{"not_picked":["Iron Wave","Thunderclap"],"picked":"Anger","floor":8.0},{"not_picked":["Feel No Pain","Intimidate"],"picked":"Demon Form","floor":12.0},{"not_picked":["Headbutt","Perfected Strike"],"picked":"Clothesline","floor":14.0},{"not_picked":["Brutality","Juggernaut"],"picked":"Reaper","floor":16.0},{"not_picked":["Rage","Metallicize"],"picked":"Sentinel","floor":17.0},{"not_picked":["Clash","Rupture"],"picked":"Cleave","floor":17.0},{"not_picked":["Seeing Red","Warcry"],"picked":"Heavy Blade","floor":17.0},{"not_picked":["Headbutt","Hemokinesis"],"picked":"Body Slam","floor":17.0},{"not_picked":["Demon Form","Twin Strike"],"picked":"Body Slam","floor":17.0},{"not_picked":["Power Through","Havoc","Clothesline"],"picked":"SKIP","floor":18.0},{"not_picked":["Headbutt","Thunderclap"],"picked":"Shrug It Off","floor":19.0}],"player_experience":853243,"relics_obtained":[{"floor":6.0,"key":"Lantern"},{"floor":9.0,"key":"MawBank"},{"floor":12.0,"key":"Magic Flower"}],"event_choices":[{"damage_healed":0.0,"max_hp_gain":5.0,"max_hp_loss":0.0,"gold_gain":0.0,"event_name":"Big Fish","player_choice":"Donut","floor":3.0,"gold_loss":0.0,"damage_taken":0.0},{"damage_healed":0.0,"max_hp_gain":0.0,"max_hp_loss":0.0,"gold_gain":0.0,"event_name":"WeMeetAgain","player_choice":"Paid Gold","floor":5.0,"gold_loss":65.0,"damage_taken":0.0,"relics_obtained":["Self Forming Clay"]},{"cards_removed":["Strike_R"],"damage_healed":0.0,"max_hp_gain":0.0,"max_hp_loss":0.0,"gold_gain":0.0,"event_name":"The Cleric","player_choice":"Card Removal","floor":13.0,"gold_loss":75.0,"damage_taken":0.0}],"is_beta":false,"boss_relics":[{"not_picked":["Philosopher\u0027s Stone","Tiny House"],"picked":"Orrery"}],"items_purged_floors":[],"is_endless":false,"potions_floor_spawned":[6,8,16,18],"killed_by":"3 Cultists","ascension_level":19}