{"gold_per_floor":[217,217,242,257,222,255,255,255,255,49,85,85,100,144,144,269,269,283,283,283,382,382,416,416,327,379,379,397,191,216,231,231,350,350,366,699,324,342,342,342,371,371,371,371,371,387,413,427,427,427],"floor_reached":51,"playtime":4195,"items_purged":[],"score":1048,"play_id":"32a795d2-eab2-45bf-8b25-02eb82a82725","local_time":"20190203083733","is_ascension_mode":true,"campfire_choices":[{"floor":8.0,"key":"REST"},{"floor":15.0,"key":"REST"},{"floor":24.0,"key":"REST"},{"data":"Echo Form","floor":27.0,"key":"SMITH"},{"floor":32.0,"key":"REST"},{"data":"Electrodynamics","floor":40.0,"key":"SMITH"},{"floor":42.0,"key":"REST"},{"data":"Creative AI","floor":45.0,"key":"SMITH"},{"floor":49,"key":"REST"}],"neow_cost":"NONE","seed_source_timestamp":39504407317885,"circlet_count":0,"master_deck":["Zap+1","Dualcast","Rebound","Leap","Gash","Reinforced Body","Stack","Leap+1","Double Energy+1","Echo Form+1","Seek+1","Thunder Strike","Storm","Reprogram+1","Force Field+1","Fusion+1","Streamline","Lockon","Rip and Tear","Sunder+1","Conserve Battery+1","Melter","Coolheaded+1","Defragment","All For One","Stack+1","Double Energy+1","Turbo+1","Electrodynamics+1","Go for the Eyes","Stack+1","Creative AI+1","Gash","Transmutation+1","Redo+1","White Noise+1","Steam+1","Go for the Eyes+1"],"special_seed":0,"relics":["Cracked Core","FossilizedHelix","Ginger","Anchor","Odd Mushroom","Toxic Egg 2","Turnip","Pandora\u0027s Box","War Paint","Pear","Strawberry","Bag of Preparation","Busted Crown","Bag of Marbles","Dream Catcher","Dodecahedron","Letter Opener","Regal Pillow"],"potions_floor_usage":[50,50,50],"damage_taken":[{"damage":7.0,"enemies":"2 Louse","floor":1.0,"turns":3.0},{"damage":9.0,"enemies":"Jaw Worm","floor":3.0,"turns":3.0},{"damage":6.0,"enemies":"Small Slimes","floor":4.0,"turns":3.0},{"damage":26.0,"enemies":"3 Sentries","floor":6.0,"turns":7.0},{"damage":16.0,"enemies":"The Mushroom Lair","floor":11.0,"turns":5.0},{"damage":0.0,"enemies":"Looter","floor":13.0,"turns":3.0},{"damage":20.0,"enemies":"Lagavulin","floor":14.0,"turns":9.0},{"damage":27.0,"enemies":"Slime Boss","floor":16.0,"turns":17.0},{"damage":9.0,"enemies":"Chosen","floor":18.0,"turns":5.0},{"damage":9.0,"enemies":"Colosseum Slavers","floor":19.0,"turns":4.0},{"damage":20.0,"enemies":"Book of Stabbing","floor":23.0,"turns":5.0},{"damage":0.0,"enemies":"2 Thieves","floor":28.0,"turns":4.0},{"damage":12.0,"enemies":"Snake Plant","floor":31.0,"turns":5.0},{"damage":31.0,"enemies":"Automaton","floor":33.0,"turns":12.0},{"damage":0.0,"enemies":"3 Darklings","floor":35.0,"turns":4.0},{"damage":0.0,"enemies":"3 Shapes","floor":38.0,"turns":3.0},{"damage":9.0,"enemies":"Reptomancer","floor":41.0,"turns":6.0},{"damage":6.0,"enemies":"3 Darklings","floor":46.0,"turns":3.0},{"damage":47,"enemies":"Nemesis","floor":47,"turns":9},{"damage":0,"enemies":"Jaw Worm Horde","floor":48,"turns":2},{"damage":9,"enemies":"Awakened One","floor":50,"turns":10}],"seed_played":"6474594507565376782","potions_obtained":[{"floor":1.0,"key":"FocusPotion"},{"floor":4.0,"key":"Ancient Potion"},{"floor":16.0,"key":"SpeedPotion"},{"floor":31.0,"key":"Weak Potion"},{"floor":33.0,"key":"Dexterity Potion"},{"floor":35.0,"key":"FocusPotion"}],"is_trial":false,"path_per_floor":["M","?","M","M","?","E","?","R","T","$","?","T","M","E","R","B",null,"M","?","T","?","?","E","R","$","T","R","M","$","T","M","R","B",null,"M","?","$","M","?","R","E","R","T","?","R","M","E","M","R","B",null],"character_chosen":"DEFECT","items_purchased":["Anchor","Stack","Melter","Coolheaded+1","All For One","Stack+1","Double Energy+1","Bag of Marbles","Go for the Eyes","Beam Cell","Dream Catcher"],"campfire_rested":6,"item_purchase_floors":[10,10,25,25,29,29,29,37,37,37,37],"current_hp_per_floor":[61,43,34,28,46,20,25,49,49,49,33,33,33,13,37,10,63,54,45,45,45,45,35,62,62,69,69,69,69,69,57,86,55,87,87,87,87,87,87,87,78,97,97,97,97,91,44,44,88,79],"gold":427,"neow_bonus":"HUNDRED_GOLD","is_prod":false,"is_daily":false,"chose_seed":false,"campfire_upgraded":3,"win_rate":0,"timestamp":1549154253,"path_taken":["M","?","M","M","?","E","?","R","T","$","?","?","?","E","R","BOSS","M","?","?","?","?","E","R","?","T","R","?","$","?","M","R","BOSS","M","?","$","M","?","R","E","R","T","?","R","M","E","M","R","BOSS"],"build_version":"2019-01-23","purchased_purges":0,"victory":true,"max_hp_per_floor":[75,75,75,75,75,75,80,80,80,80,80,80,80,80,80,80,80,80,80,80,80,80,90,90,90,97,97,97,97,97,97,97,97,97,97,97,97,97,97,97,97,97,97,97,97,97,97,97,97,97],"card_choices":[{"not_picked":["Recycle","Reinforced Body"],"picked":"Rebound","floor":1.0},{"not_picked":["Aggregate","Recycle"],"picked":"Leap","floor":3.0},{"not_picked":["White Noise","Recycle"],"picked":"Gash","floor":4.0},{"not_picked":["Compile Driver","Leap"],"picked":"Reinforced Body","floor":6.0},{"not_picked":["Force Field","Streamline"],"picked":"Leap","floor":11.0},{"not_picked":["Genetic Algorithm+1","Reinforced Body+1"],"picked":"Double Energy+1","floor":13.0},{"not_picked":["Melter","Cold Snap"],"picked":"Echo Form","floor":14.0},{"not_picked":["Fission+1","Hyperbeam"],"picked":"Seek+1","floor":16.0},{"not_picked":["Hello World","Blizzard+1"],"picked":"Sunder+1","floor":18.0},{"not_picked":["Barrage","Redo+1"],"picked":"Conserve Battery+1","floor":23.0},{"not_picked":["Go for the Eyes","Leap+1"],"picked":"Defragment","floor":28.0},{"not_picked":["White Noise+1","Melter"],"picked":"Turbo+1","floor":31.0},{"not_picked":["Seek+1","Amplify+1"],"picked":"Electrodynamics","floor":33.0},{"not_picked":["Rebound+1"],"picked":"SKIP","floor":35.0},{"not_picked":[],"picked":"Stack+1","floor":38.0},{"not_picked":[],"picked":"Creative AI","floor":41.0},{"not_picked":[],"picked":"Gash","floor":42.0},{"not_picked":[],"picked":"Transmutation+1","floor":44.0},{"not_picked":[],"picked":"Redo+1","floor":46.0},{"not_picked":[],"picked":"White Noise+1","floor":47},{"not_picked":[],"picked":"Steam+1","floor":48},{"not_picked":[],"picked":"Go for the Eyes+1","floor":49}],"player_experience":610162,"relics_obtained":[{"floor":6.0,"key":"FossilizedHelix"},{"floor":9.0,"key":"Ginger"},{"floor":11.0,"key":"Odd Mushroom"},{"floor":12.0,"key":"Toxic Egg 2"},{"floor":14.0,"key":"Turnip"},{"floor":20.0,"key":"War Paint"},{"floor":23.0,"key":"Pear"},{"floor":26.0,"key":"Strawberry"},{"floor":30.0,"key":"Bag of Preparation"},{"floor":41.0,"key":"Dodecahedron"},{"floor":43.0,"key":"Letter Opener"},{"floor":47,"key":"Regal Pillow"}],"event_choices":[{"damage_healed":0.0,"max_hp_gain":0.0,"max_hp_loss":0.0,"gold_gain":0.0,"event_name":"Golden Idol","player_choice":"Take Damage","floor":2.0,"gold_loss":0.0,"damage_taken":18.0,"relics_obtained":["Golden Idol"]},{"damage_healed":18.0,"max_hp_gain":0.0,"max_hp_loss":0.0,"gold_gain":0.0,"event_name":"The Cleric","player_choice":"Healed","floor":5.0,"gold_loss":35.0,"damage_taken":0.0},{"damage_healed":0.0,"max_hp_gain":5.0,"max_hp_loss":0.0,"gold_gain":0.0,"event_name":"Big Fish","player_choice":"Donut","floor":7.0,"gold_loss":0.0,"damage_taken":0.0},{"damage_healed":0.0,"max_hp_gain":0.0,"max_hp_loss":0.0,"gold_gain":0.0,"event_name":"Mushrooms","player_choice":"Fought Mushrooms","floor":11.0,"gold_loss":0.0,"damage_taken":0.0},{"damage_healed":0.0,"max_hp_gain":0.0,"max_hp_loss":0.0,"gold_gain":0.0,"event_name":"Colosseum","player_choice":"Fight","floor":19.0,"gold_loss":0.0,"damage_taken":0.0},{"damage_healed":0.0,"max_hp_gain":0.0,"max_hp_loss":0.0,"gold_gain":0.0,"event_name":"Colosseum","player_choice":"Fled From Nobs","floor":19.0,"gold_loss":0.0,"damage_taken":0.0},{"damage_healed":0.0,"max_hp_gain":0.0,"max_hp_loss":0.0,"gold_gain":99.0,"event_name":"Nest","player_choice":"Stole From Cult","floor":21.0,"gold_loss":0.0,"damage_taken":0.0},{"damage_healed":0.0,"max_hp_gain":0.0,"max_hp_loss":0.0,"gold_gain":0.0,"event_name":"Vampires","player_choice":"Ignored","floor":22.0,"gold_loss":0.0,"damage_taken":0.0},{"damage_healed":0.0,"max_hp_gain":0.0,"max_hp_loss":0.0,"gold_gain":333.0,"event_name":"The Moai Head","player_choice":"Gave Idol","floor":36.0,"relics_lost":["Golden Idol"],"gold_loss":0.0,"damage_taken":0.0},{"cards_removed":["Beam Cell"],"damage_healed":0.0,"max_hp_gain":0.0,"max_hp_loss":0.0,"gold_gain":0.0,"event_name":"Falling","player_choice":"Removed Attack","floor":39.0,"gold_loss":0.0,"damage_taken":0.0},{"damage_healed":0.0,"max_hp_gain":0.0,"max_hp_loss":0.0,"gold_gain":0.0,"event_name":"SensoryStone","player_choice":"Memory 1","floor":44.0,"gold_loss":0.0,"damage_taken":0.0}],"is_beta":false,"boss_relics":[{"not_picked":["Tiny House","White Beast Statue"],"picked":"Pandora\u0027s Box"},{"not_picked":["Runic Dome","Sozu"],"picked":"Busted Crown"}],"items_purged_floors":[],"is_endless":false,"potions_floor_spawned":[1,4,16,19,31,33,35,38,46,48],"ascension_level":7}