{"gold_per_floor":[117,117,267,192,204,204,24,24,24,43,57,73,99,112,112,187,237,255,209,209,134,134],"floor_reached":22,"playtime":781,"items_purged":["Strike_B"],"score":372,"play_id":"7e9d58b7-0478-40b7-aa78-2e20cf30a113","local_time":"20190525004357","is_ascension_mode":true,"campfire_choices":[{"data":"Streamline","floor":6.0,"key":"SMITH"},{"data":"Loop","floor":8.0,"key":"SMITH"},{"data":"Recycle","floor":15.0,"key":"SMITH"}],"neow_cost":"NONE","seed_source_timestamp":308706588352786,"circlet_count":0,"master_deck":["AscendersBane","Strike_B","Strike_B","Defend_B","Defend_B","Defend_B+1","Defend_B","Zap","Dualcast","Hello World","Streamline+1","Recycle+1","Loop+1","Turbo","Coolheaded","Coolheaded","Core Surge","Hologram+1"],"special_seed":0,"relics":["Cracked Core","Question Card","Juzu Bracelet","Tiny House","FaceOfCleric"],"potions_floor_usage":[22],"damage_taken":[{"damage":16.0,"enemies":"Small Slimes","floor":1.0,"turns":4.0},{"damage":4.0,"enemies":"Jaw Worm","floor":5.0,"turns":4.0},{"damage":0.0,"enemies":"Cultist","floor":10.0,"turns":3.0},{"damage":10.0,"enemies":"Exordium Wildlife","floor":11.0,"turns":4.0},{"damage":0.0,"enemies":"3 Louse","floor":12.0,"turns":2.0},{"damage":25.0,"enemies":"3 Sentries","floor":13.0,"turns":6.0},{"damage":0.0,"enemies":"Large Slime","floor":14.0,"turns":5.0},{"damage":20.0,"enemies":"Hexaghost","floor":16.0,"turns":9.0},{"damage":17.0,"enemies":"Shell Parasite","floor":18.0,"turns":8.0},{"damage":20.0,"enemies":"2 Thieves","floor":19.0,"turns":5.0},{"damage":36,"enemies":"Centurion and Healer","floor":22,"turns":3}],"seed_played":"1817668209043546780","potions_obtained":[{"floor":5.0,"key":"Dexterity Potion"},{"floor":10.0,"key":"SteroidPotion"},{"floor":12.0,"key":"FearPotion"},{"floor":14.0,"key":"Swift Potion"},{"floor":17.0,"key":"SkillPotion"},{"floor":18.0,"key":"AttackPotion"},{"floor":19.0,"key":"Swift Potion"}],"is_trial":false,"path_per_floor":["M","?","?","?","M","R","$","R","T","M","M","M","E","M","R","B",null,"M","M","?","$","M"],"character_chosen":"DEFECT","items_purchased":["Recycle","Loop","Turbo"],"campfire_rested":0,"item_purchase_floors":[7,7,7],"current_hp_per_floor":[48,71,71,71,67,67,67,67,67,67,57,57,32,32,32,12,61,44,24,24,24,0],"gold":134,"neow_bonus":"TRANSFORM_CARD","is_prod":false,"is_daily":false,"chose_seed":false,"campfire_upgraded":3,"win_rate":0,"timestamp":1558716237,"path_taken":["M","?","?","?","M","R","$","R","T","M","M","M","E","M","R","BOSS","M","M","?","$","M"],"build_version":"2019-01-23","purchased_purges":1,"victory":false,"max_hp_per_floor":[71,71,71,71,71,71,71,71,71,71,71,71,71,71,71,71,76,76,76,76,76,76],"card_choices":[{"not_picked":["Sweeping Beam","Gash","Stack"],"picked":"SKIP","floor":1.0},{"not_picked":["Genetic Algorithm","Compile Driver"],"picked":"Streamline","floor":5.0},{"not_picked":["Doom and Gloom","Hologram","Loop","Compile Driver"],"picked":"SKIP","floor":10.0},{"not_picked":["Steam","Gash","Stack"],"picked":"Coolheaded","floor":11.0},{"not_picked":["Leap","Cold Snap","Rainbow","Rebound"],"picked":"SKIP","floor":12.0},{"not_picked":["Rebound","Blizzard","Barrage"],"picked":"Coolheaded","floor":13.0},{"not_picked":["Beam Cell","Blizzard","Go for the Eyes","Compile Driver"],"picked":"SKIP","floor":14.0},{"not_picked":["Meteor Strike","Machine Learning","All For One"],"picked":"Core Surge","floor":16.0},{"not_picked":["Conserve Battery","Sweeping Beam","Reprogram"],"picked":"Hologram+1","floor":18.0},{"not_picked":["Redo","Turbo","Sweeping Beam","Amplify"],"picked":"SKIP","floor":19.0}],"player_experience":944013,"relics_obtained":[{"floor":9.0,"key":"Question Card"},{"floor":13.0,"key":"Juzu Bracelet"}],"event_choices":[{"damage_healed":23.0,"max_hp_gain":0.0,"max_hp_loss":0.0,"gold_gain":0.0,"event_name":"Big Fish","player_choice":"Banana","floor":2.0,"gold_loss":0.0,"damage_taken":0.0},{"damage_healed":0.0,"max_hp_gain":0.0,"max_hp_loss":0.0,"gold_gain":150.0,"event_name":"Liars Game","player_choice":"AGREE","floor":3.0,"gold_loss":0.0,"damage_taken":0.0,"cards_obtained":["Doubt"]},{"cards_removed":["Doubt"],"damage_healed":0.0,"max_hp_gain":0.0,"max_hp_loss":0.0,"gold_gain":0.0,"event_name":"The Cleric","player_choice":"Card Removal","floor":4.0,"gold_loss":75.0,"damage_taken":0.0},{"damage_healed":0,"gold_gain":0,"player_choice":"Trade","damage_taken":0,"relics_obtained":["FaceOfCleric"],"max_hp_gain":0,"max_hp_loss":0,"event_name":"FaceTrader","floor":20,"gold_loss":0}],"is_beta":false,"boss_relics":[{"not_picked":["Philosopher\u0027s Stone","Snecko Eye"],"picked":"Tiny House"}],"items_purged_floors":[21],"is_endless":false,"potions_floor_spawned":[5,10,12,14,18,19],"killed_by":"Centurion and Healer","ascension_level":20}