{"gold_per_floor":[115,190,84,33,52,52,4,4,4,35,35,46,60,10,10,110,110,120,170,189,18,18,18,18],"floor_reached":24,"playtime":1512,"items_purged":[],"score":211,"play_id":"7ed8b2b8-1c8d-4e89-a93e-c221b252bef3","local_time":"20190103012310","is_ascension_mode":true,"campfire_choices":[{"floor":6,"key":"REST"},{"floor":8,"key":"REST"},{"floor":11,"key":"REST"},{"floor":15,"key":"REST"},{"floor":23,"key":"REST"}],"neow_cost":"PERCENT_DAMAGE","seed_source_timestamp":222596550685739,"circlet_count":0,"master_deck":["Defend_R","Defend_R","Defend_R","Bash","Shrug It Off","Armaments","Inflame","Body Slam","Armaments","Searing Blow","Heavy Blade","Clothesline","Corruption","Juggernaut","Pummel+1","Combust+1","Infernal Blade+1","Anger","True Grit","Limit Break","Flex","Dark Shackles"],"relics":["Burning Blood","Kunai","Singing Bowl","Prayer Wheel","Astrolabe"],"potions_floor_usage":[16,18,20],"damage_taken":[{"damage":19,"enemies":"Small Slimes","floor":1,"turns":5},{"damage":6,"enemies":"Cultist","floor":5,"turns":3},{"damage":49,"enemies":"Gremlin Nob","floor":10,"turns":6},{"damage":9,"enemies":"2 Louse","floor":12,"turns":2},{"damage":9,"enemies":"2 Fungi Beasts","floor":13,"turns":4},{"damage":65,"enemies":"The Guardian","floor":16,"turns":17},{"damage":22,"enemies":"Spheric Guardian","floor":18,"turns":5},{"damage":31,"enemies":"3 Byrds","floor":20,"turns":5},{"damage":59,"enemies":"Slavers","floor":24,"turns":4}],"seed_played":"-7412211168195899527","potions_obtained":[{"floor":12,"key":"GamblersBrew"},{"floor":13,"key":"Explosive Potion"},{"floor":16,"key":"Swift Potion"}],"is_trial":false,"path_per_floor":["M","?","$","?","M","R","$","R","T","E","R","M","M","?","R","B",null,"M","?","M","$","?","R","E"],"character_chosen":"IRONCLAD","items_purchased":["Armaments","Inflame","Armaments","Limit Break","Flex"],"campfire_rested":5,"item_purchase_floors":[3,3,7,21,21],"current_hp_per_floor":[43,32,32,32,32,56,56,80,80,37,61,58,57,57,81,22,82,68,68,45,45,29,54,0],"gold":18,"neow_bonus":"REMOVE_TWO","is_prod":false,"is_daily":false,"chose_seed":false,"campfire_upgraded":0,"win_rate":0,"timestamp":1546438990,"path_taken":["M","?","$","?","?","R","$","R","T","E","R","M","M","?","R","BOSS","M","?","?","$","?","R","E"],"build_version":"2018-12-20","purchased_purges":0,"victory":false,"max_hp_per_floor":[80,80,80,80,80,80,80,80,80,80,80,80,82,82,82,82,82,84,84,86,86,86,86,86],"card_choices":[{"not_picked":["Perfected Strike","Shockwave"],"picked":"Shrug It Off","floor":1},{"not_picked":["Rupture","Twin Strike"],"picked":"Body Slam","floor":5},{"not_picked":["Flex","Corruption"],"picked":"Searing Blow","floor":10},{"not_picked":["Spot Weakness","Immolate"],"picked":"Heavy Blade","floor":12},{"not_picked":["Evolve","Twin Strike"],"picked":"Clothesline","floor":12},{"not_picked":["Pommel Strike","Searing Blow"],"picked":"Corruption","floor":13},{"not_picked":["Rupture","Sword Boomerang","Evolve"],"picked":"Singing Bowl","floor":13},{"not_picked":["Feed","Reaper"],"picked":"Juggernaut","floor":16},{"not_picked":["Blood for Blood","Sentinel+1"],"picked":"Anger","floor":18},{"not_picked":["Clothesline","Anger","Bloodletting"],"picked":"Singing Bowl","floor":18},{"not_picked":["Shrug It Off","Iron Wave","Intimidate+1"],"picked":"Singing Bowl","floor":20},{"not_picked":["Sword Boomerang+1","Armaments"],"picked":"True Grit","floor":20}],"player_experience":388999,"relics_obtained":[{"floor":9,"key":"Singing Bowl"},{"floor":10,"key":"Prayer Wheel"}],"event_choices":[{"damage_healed":0,"gold_gain":75,"player_choice":"Gather Gold","damage_taken":11,"max_hp_gain":0,"max_hp_loss":0,"event_name":"World of Goop","floor":2,"gold_loss":0},{"damage_healed":0,"gold_gain":0,"player_choice":"Paid Gold","damage_taken":0,"relics_obtained":["Kunai"],"max_hp_gain":0,"max_hp_loss":0,"event_name":"WeMeetAgain","floor":4,"gold_loss":51},{"cards_removed":["Strike_R"],"damage_healed":0,"gold_gain":0,"player_choice":"Card Removal","damage_taken":0,"max_hp_gain":0,"max_hp_loss":0,"event_name":"The Cleric","floor":14,"gold_loss":50},{"damage_healed":0,"gold_gain":100,"player_choice":"Bet on Murderer","damage_taken":0,"max_hp_gain":0,"max_hp_loss":0,"event_name":"The Joust","floor":19,"gold_loss":50},{"damage_healed":0,"gold_gain":0,"player_choice":"CARD ","damage_taken":16,"max_hp_gain":0,"max_hp_loss":0,"event_name":"Knowing Skull","floor":22,"potions_obtained":[],"gold_loss":0,"cards_obtained":["Dark Shackles"]},{"damage_healed":0,"gold_gain":0,"player_choice":"CARD ","damage_taken":16,"max_hp_gain":0,"max_hp_loss":0,"event_name":"Knowing Skull","floor":22,"potions_obtained":[],"gold_loss":0,"cards_obtained":["Dark Shackles"]}],"is_beta":false,"boss_relics":[{"not_picked":["Lizard Tail","Empty Cage"],"picked":"Astrolabe"}],"items_purged_floors":[],"is_endless":false,"potions_floor_spawned":[12,13,16],"killed_by":"Slavers","ascension_level":2}