{"gold_per_floor":[119,129,146,166,183,218,218,235,235,270,270,270,270,282,282,378,378,390,390,406,417,443,443],"floor_reached":23,"playtime":4812,"items_purged":[],"score":205,"play_id":"e7241a65-4da2-4310-8d40-c3dd8bbb6b45","local_time":"20190223135651","is_ascension_mode":false,"campfire_choices":[{"floor":7,"key":"REST"},{"floor":11,"key":"REST"},{"floor":13,"key":"REST"},{"floor":15,"key":"REST"}],"neow_cost":"NONE","seed_source_timestamp":335525323821800,"circlet_count":0,"master_deck":["Defend_G","Defend_G","Defend_G","Defend_G","Defend_G","Strike_G","Strike_G","Strike_G","Strike_G","Strike_G","Survivor","Neutralize","Underhanded Strike","Calculated Gamble","Flying Knee","Infinite Blades","All Out Attack","Riddle With Holes","Blade Dance","Leg Sweep","Heel Hook","A Thousand Cuts","Doubt","Parasite","Parasite","Deadly Poison","RitualDagger","Flechettes","Choke+1","All Out Attack"],"relics":["Ring of the Snake","Mummified Hand","Sundial","Pen Nib","Calling Bell","Happy Flower","Pantograph","Thread and Needle","Red Mask"],"potions_floor_usage":[6,6,6,18,18,21,23],"damage_taken":[{"damage":0,"enemies":"Cultist","floor":1,"turns":4},{"damage":0,"enemies":"Small Slimes","floor":2,"turns":4},{"damage":2,"enemies":"Jaw Worm","floor":3,"turns":5},{"damage":13,"enemies":"2 Fungi Beasts","floor":4,"turns":4},{"damage":12,"enemies":"3 Louse","floor":5,"turns":4},{"damage":9,"enemies":"3 Sentries","floor":6,"turns":4},{"damage":8,"enemies":"Large Slime","floor":8,"turns":5},{"damage":35,"enemies":"Lagavulin","floor":10,"turns":6},{"damage":36,"enemies":"Gremlin Gang","floor":14,"turns":6},{"damage":42,"enemies":"Slime Boss","floor":16,"turns":10},{"damage":7,"enemies":"Spheric Guardian","floor":18,"turns":5},{"damage":7,"enemies":"3 Byrds","floor":20,"turns":4},{"damage":6,"enemies":"Centurion and Healer","floor":21,"turns":6},{"damage":43,"enemies":"Masked Bandits","floor":22,"turns":7},{"damage":28,"enemies":"Cultist and Chosen","floor":23,"turns":6}],"seed_played":"-6075676743073405971","potions_obtained":[{"floor":1,"key":"SkillPotion"},{"floor":2,"key":"AttackPotion"},{"floor":5,"key":"Weak Potion"},{"floor":6,"key":"Dexterity Potion"},{"floor":14,"key":"Strength Potion"},{"floor":20,"key":"EssenceOfSteel"},{"floor":22,"key":"FearPotion"}],"is_trial":false,"path_per_floor":["M","M","M","M","M","E","R","M","T","E","R","?","R","M","R","B",null,"M","?","M","M","?","M"],"character_chosen":"THE_SILENT","items_purchased":[],"campfire_rested":4,"item_purchase_floors":[],"current_hp_per_floor":[77,77,75,62,50,41,64,56,56,21,44,44,67,31,54,12,77,70,64,57,51,8,0],"gold":443,"neow_bonus":"TEN_PERCENT_HP_BONUS","is_prod":false,"is_daily":false,"chose_seed":false,"campfire_upgraded":0,"win_rate":1,"timestamp":1550955411,"path_taken":["M","M","M","M","?","E","R","M","T","E","R","?","R","M","R","BOSS","M","?","M","M","?","M"],"build_version":"2019-01-23","purchased_purges":0,"victory":false,"max_hp_per_floor":[77,77,77,77,77,77,77,77,77,77,77,77,77,77,77,77,77,77,77,77,77,77,77],"card_choices":[{"not_picked":["Caltrops","Eviscerate"],"picked":"Underhanded Strike","floor":1},{"not_picked":["Sucker Punch","PiercingWail"],"picked":"Calculated Gamble","floor":2},{"not_picked":["A Thousand Cuts","Bane"],"picked":"Flying Knee","floor":3},{"not_picked":["Prepared","Backflip"],"picked":"Infinite Blades","floor":4},{"not_picked":["Underhanded Strike","Skewer"],"picked":"All Out Attack","floor":5},{"not_picked":["Underhanded Strike","Backflip"],"picked":"Riddle With Holes","floor":6},{"not_picked":["Underhanded Strike","PiercingWail"],"picked":"Blade Dance","floor":8},{"not_picked":["Blur","Dodge and Roll"],"picked":"Leg Sweep","floor":10},{"not_picked":["Tactician","Outmaneuver"],"picked":"Heel Hook","floor":14},{"not_picked":["Corpse Explosion","Phantasmal Killer"],"picked":"A Thousand Cuts","floor":16},{"not_picked":["Prepared","Dagger Throw"],"picked":"Deadly Poison","floor":18},{"not_picked":["All Out Attack","Dagger Spray"],"picked":"Flechettes","floor":20},{"not_picked":["Catalyst","Dash+1"],"picked":"Choke+1","floor":21},{"not_picked":["PiercingWail","Blade Dance"],"picked":"All Out Attack","floor":22}],"player_experience":11572,"relics_obtained":[{"floor":6,"key":"Mummified Hand"},{"floor":9,"key":"Sundial"},{"floor":10,"key":"Pen Nib"},{"floor":17,"key":"Happy Flower"},{"floor":17,"key":"Pantograph"},{"floor":17,"key":"Thread and Needle"},{"floor":22,"key":"Red Mask"}],"event_choices":[{"damage_healed":0,"gold_gain":0,"player_choice":"Ignored","damage_taken":0,"max_hp_gain":0,"max_hp_loss":0,"event_name":"Shining Light","floor":12,"gold_loss":0},{"damage_healed":0,"gold_gain":0,"player_choice":"Joined the Cult","damage_taken":6,"max_hp_gain":0,"max_hp_loss":0,"event_name":"Nest","floor":19,"gold_loss":0,"cards_obtained":["RitualDagger"]},{"damage_healed":0,"gold_gain":0,"player_choice":"Fought Bandits","damage_taken":0,"max_hp_gain":0,"max_hp_loss":0,"event_name":"Masked Bandits","floor":22,"gold_loss":0}],"is_beta":false,"boss_relics":[{"not_picked":["Runic Pyramid","Philosopher\u0027s Stone"],"picked":"Calling Bell"}],"items_purged_floors":[],"is_endless":false,"potions_floor_spawned":[1,2,5,6,14,20,22],"killed_by":"Cultist and Chosen","ascension_level":0}