{"gold_per_floor":[113,131,206,224,224,224,244,244,244,274,293,310,327,344,344,446,446,446,90,60,60,0,0,0,0,0,0,0,0,0,0,0,0],"floor_reached":33,"playtime":4269,"items_purged":["Strike_G"],"score":310,"play_id":"cb4a1f63-9b07-4083-a8f8-6a9464060e68","local_time":"20190312090921","is_ascension_mode":true,"campfire_choices":[{"data":"Noxious Fumes","floor":6.0,"key":"SMITH"},{"floor":8.0,"key":"REST"},{"floor":15.0,"key":"REST"},{"data":"Wraith Form v2","floor":23,"key":"SMITH"},{"floor":25,"key":"RECALL"},{"floor":28,"key":"REST"},{"floor":32,"key":"REST"}],"neow_cost":"CURSE","seed_source_timestamp":0,"circlet_count":0,"master_deck":["Defend_G","Defend_G","Defend_G","Defend_G","Strike_G","Strike_G","Survivor","Neutralize","Noxious Fumes+1","Calculated Gamble","Dagger Spray","Finisher","Poisoned Stab","Deadly Poison","Blade Dance","Wraith Form v2+1","Cloak And Dagger","Adrenaline","Catalyst","Accuracy","Blade Dance","Glass Knife","Phantasmal Killer","Leg Sweep"],"special_seed":0,"relics":["Ring of the Snake","Spirit Poop","PreservedInsect","The Courier","Ectoplasm","MealTicket","Girya"],"potions_floor_usage":[24,24,27,31,33,33],"damage_taken":[{"damage":0.0,"enemies":"Jaw Worm","floor":1.0,"turns":5.0},{"damage":0.0,"enemies":"Small Slimes","floor":2.0,"turns":4.0},{"damage":0.0,"enemies":"Cultist","floor":4.0,"turns":4.0},{"damage":15.0,"enemies":"Exordium Thugs","floor":7.0,"turns":5.0},{"damage":10.0,"enemies":"Gremlin Nob","floor":10.0,"turns":3.0},{"damage":7.0,"enemies":"Lots of Slimes","floor":11.0,"turns":2.0},{"damage":1.0,"enemies":"Exordium Wildlife","floor":12.0,"turns":4.0},{"damage":4.0,"enemies":"Large Slime","floor":13.0,"turns":5.0},{"damage":2.0,"enemies":"Looter","floor":14.0,"turns":2.0},{"damage":31.0,"enemies":"The Guardian","floor":16.0,"turns":10.0},{"damage":4,"enemies":"Shell Parasite","floor":18,"turns":5},{"damage":10,"enemies":"2 Thieves","floor":20,"turns":4},{"damage":19,"enemies":"Cultist and Chosen","floor":24,"turns":5},{"damage":38,"enemies":"Sentry and Sphere","floor":27,"turns":6},{"damage":0,"enemies":"Gremlin Leader","floor":29,"turns":5},{"damage":21,"enemies":"Centurion and Healer","floor":31,"turns":5},{"damage":104,"enemies":"Automaton","floor":33,"turns":12}],"seed_played":"-8471830267658284042","potions_obtained":[{"floor":1.0,"key":"FearPotion"},{"floor":2.0,"key":"PowerPotion"},{"floor":7.0,"key":"AttackPotion"},{"floor":12.0,"key":"SpeedPotion"},{"floor":16.0,"key":"Regen Potion"},{"floor":18,"key":"GhostInAJar"},{"floor":20,"key":"Energy Potion"},{"floor":24,"key":"GamblersBrew"},{"floor":29,"key":"SkillPotion"},{"floor":31,"key":"EssenceOfSteel"}],"is_trial":false,"path_per_floor":["M","M","?","M","?","R","M","R","T","E","M","M","M","M","R","B",null,"M","$","M","?","$","R","M","R","T","M","R","E","$","M","R","B"],"character_chosen":"THE_SILENT","items_purchased":["Accuracy","Blade Dance","Glass Knife","MealTicket"],"campfire_rested":4,"item_purchase_floors":[19,19,19,19],"current_hp_per_floor":[70,70,59,59,59,59,44,65,65,55,48,47,43,41,62,31,70,66,66,56,56,70,70,56,56,56,18,39,39,54,33,54,0],"gold":0,"neow_bonus":"TRANSFORM_TWO_CARDS","is_prod":false,"is_daily":false,"chose_seed":false,"campfire_upgraded":2,"win_rate":0,"timestamp":1552406961,"path_taken":["M","M","?","M","?","R","M","R","T","E","M","M","M","?","R","BOSS","M","$","M","?","$","R","M","R","T","M","R","E","$","M","R","BOSS"],"build_version":"2019-01-23","purchased_purges":1,"victory":false,"max_hp_per_floor":[70,70,70,70,70,70,70,70,70,70,70,70,70,70,70,70,70,70,70,70,70,70,70,70,70,70,70,70,70,70,70,70,70],"card_choices":[{"not_picked":["Underhanded Strike","Reflex"],"picked":"Dagger Spray","floor":1.0},{"not_picked":["Calculated Gamble","Dagger Spray"],"picked":"Finisher","floor":2.0},{"not_picked":["PiercingWail","Deflect","Outmaneuver"],"picked":"SKIP","floor":4.0},{"not_picked":["Dagger Spray","Skewer"],"picked":"Poisoned Stab","floor":7.0},{"not_picked":["Grand Finale","Dagger Spray"],"picked":"Deadly Poison","floor":10.0},{"not_picked":["Outmaneuver","Slice"],"picked":"Blade Dance","floor":11.0},{"not_picked":["Dagger Spray","Dagger Throw","Acrobatics"],"picked":"SKIP","floor":12.0},{"not_picked":["Slice","Reflex"],"picked":"Wraith Form v2","floor":13.0},{"not_picked":["Deflect","Predator"],"picked":"Cloak And Dagger","floor":14.0},{"not_picked":["Grand Finale","Bullet Time"],"picked":"Adrenaline","floor":16.0},{"not_picked":["Acrobatics","Flying Knee"],"picked":"Catalyst","floor":18},{"not_picked":["Poisoned Stab","Backstab","Calculated Gamble"],"picked":"SKIP","floor":20},{"not_picked":["Acrobatics+1","Accuracy+1","Quick Slash+1"],"picked":"SKIP","floor":24},{"not_picked":["Slice","Acrobatics","Outmaneuver"],"picked":"SKIP","floor":27},{"not_picked":["Infinite Blades","Caltrops"],"picked":"Phantasmal Killer","floor":29},{"not_picked":["Distraction+1","Deflect+1"],"picked":"Leg Sweep","floor":31}],"player_experience":212076,"relics_obtained":[{"floor":9.0,"key":"PreservedInsect"},{"floor":10.0,"key":"The Courier"},{"floor":29,"key":"Girya"}],"event_choices":[{"damage_healed":0.0,"max_hp_gain":0.0,"max_hp_loss":0.0,"gold_gain":75.0,"event_name":"World of Goop","player_choice":"Gather Gold","floor":3.0,"gold_loss":0.0,"damage_taken":11.0},{"cards_removed":["Clumsy"],"damage_healed":0.0,"max_hp_gain":0.0,"max_hp_loss":0.0,"gold_gain":0.0,"event_name":"Bonfire Elementals","player_choice":"Offered Curse","floor":5.0,"gold_loss":0.0,"damage_taken":0.0,"relics_obtained":["Spirit Poop"]},{"cards_removed":["Strike_G"],"damage_healed":0,"gold_gain":0,"player_choice":"Purged","damage_taken":0,"max_hp_gain":0,"max_hp_loss":0,"event_name":"Purifier","floor":21,"gold_loss":0}],"is_beta":false,"boss_relics":[{"not_picked":["Tiny House","Sozu"],"picked":"Ectoplasm"}],"items_purged_floors":[22],"is_endless":false,"potions_floor_spawned":[1,2,7,12,13,16,18,20,24,29,31],"killed_by":"Automaton","ascension_level":1}