{"gold_per_floor":[110,110,110,39,4,4,35,53,80,80,104,104,134,162,162,258,258,275,289,289,289,307,307,340,340,367,390,430,27,27,27,27,127,127,137,137,137],"floor_reached":37,"playtime":2238,"items_purged":[],"score":564,"play_id":"1b37015e-1e95-49f8-a44a-bcb43769c5da","local_time":"20190213165007","is_ascension_mode":true,"campfire_choices":[{"data":"Noxious Fumes","floor":6.0,"key":"SMITH"},{"data":"Poisoned Stab","floor":10.0,"key":"SMITH"},{"data":"Cloak And Dagger","floor":12.0,"key":"SMITH"},{"floor":15.0,"key":"REST"},{"floor":23.0,"key":"REST"},{"floor":25.0,"key":"REST"},{"floor":32.0,"key":"REST"}],"neow_cost":"NONE","seed_source_timestamp":143602421195577,"circlet_count":0,"master_deck":["Survivor","Neutralize","Poisoned Stab+1","Noxious Fumes+1","Cloak And Dagger+1","Flying Knee","Bullet Time","Burst+1","Sucker Punch","Blur","Storm of Steel","Flying Knee","Deflect","Dash","Deflect","Dagger Spray","Deadly Poison","Backflip","Deadly Poison+1","Finisher","Cloak And Dagger","Bane","Bouncing Flask+1","Cloak And Dagger","Accuracy","Prepared","Wraith Form v2","Flechettes+1"],"special_seed":0,"relics":["Ring of the Serpent","NeowsBlessing","Gambling Chip","Blood Vial","Snake Skull","Oddly Smooth Stone","Omamori","Letter Opener","Pandora\u0027s Box","Art of War","MawBank","War Paint","FossilizedHelix","MutagenicStrength"],"potions_floor_usage":[],"damage_taken":[{"damage":0.0,"enemies":"Cultist","floor":1.0,"turns":1.0},{"damage":0.0,"enemies":"3 Sentries","floor":7.0,"turns":1.0},{"damage":0.0,"enemies":"Jaw Worm","floor":8.0,"turns":1.0},{"damage":21.0,"enemies":"Lagavulin","floor":14.0,"turns":4.0},{"damage":12.0,"enemies":"Slime Boss","floor":16.0,"turns":9.0},{"damage":8.0,"enemies":"Shell Parasite","floor":18.0,"turns":4.0},{"damage":25.0,"enemies":"2 Thieves","floor":19.0,"turns":4.0},{"damage":3.0,"enemies":"Colosseum Slavers","floor":20.0,"turns":3.0},{"damage":5.0,"enemies":"Sentry and Sphere","floor":22.0,"turns":5.0},{"damage":24.0,"enemies":"Gremlin Leader","floor":24.0,"turns":6.0},{"damage":11.0,"enemies":"Snecko","floor":27.0,"turns":4.0},{"damage":44.0,"enemies":"Slavers","floor":28.0,"turns":5.0},{"damage":19.0,"enemies":"Collector","floor":33.0,"turns":4.0},{"damage":0.0,"enemies":"3 Shapes","floor":35.0,"turns":5.0},{"damage":61,"enemies":"Awakened One","floor":37,"turns":6}],"seed_played":"5033654207993430675","potions_obtained":[{"floor":1.0,"key":"Swift Potion"},{"floor":7.0,"key":"Weak Potion"},{"floor":16.0,"key":"EssenceOfSteel"},{"floor":19.0,"key":"EssenceOfSteel"}],"is_trial":false,"path_per_floor":["M","?","?","$","?","R","E","M","T","R","T","R","?","E","R","B",null,"M","M","?","?","M","R","E","R","T","M","E","$","?","?","R","B",null,"M","?","B"],"character_chosen":"THE_SILENT","items_purchased":["Noxious Fumes","Accuracy","Prepared","FossilizedHelix"],"campfire_rested":4,"item_purchase_floors":[4,29,29,29],"current_hp_per_floor":[63,60,53,53,70,70,70,70,70,70,70,70,70,49,70,58,67,61,38,37,37,34,55,33,54,54,45,3,3,3,3,24,7,54,56,56,0],"gold":137,"neow_bonus":"THREE_ENEMY_KILL","is_prod":false,"is_daily":false,"chose_seed":false,"campfire_upgraded":3,"win_rate":0,"timestamp":1550037007,"path_taken":["M","?","?","$","?","R","E","?","T","R","?","R","?","E","R","BOSS","M","M","?","?","M","R","E","R","T","?","E","$","?","?","R","BOSS","M","?","BOSS"],"build_version":"2019-01-23","purchased_purges":0,"victory":false,"max_hp_per_floor":[70,70,70,70,70,70,70,70,70,70,70,70,70,70,70,70,70,70,70,70,70,70,70,70,70,70,70,70,70,70,70,70,70,70,70,70,70],"card_choices":[{"not_picked":["Heel Hook","Escape Plan"],"picked":"Poisoned Stab","floor":1.0},{"not_picked":["All Out Attack","Deadly Poison"],"picked":"Cloak And Dagger","floor":7.0},{"not_picked":["Caltrops","Quick Slash"],"picked":"Flying Knee","floor":8.0},{"not_picked":["Infinite Blades","Backstab"],"picked":"Bullet Time","floor":14.0},{"not_picked":["Bullet Time","Malaise"],"picked":"Burst","floor":16.0},{"not_picked":["Blade Dance+1","Slice"],"picked":"Backflip","floor":18.0},{"not_picked":["PiercingWail","Poisoned Stab"],"picked":"Deadly Poison+1","floor":19.0},{"not_picked":["Blade Dance","Underhanded Strike"],"picked":"Cloak And Dagger","floor":22.0},{"not_picked":["Bouncing Flask","Riddle With Holes"],"picked":"Bane","floor":24.0},{"not_picked":["Flying Knee","Backstab"],"picked":"Bouncing Flask","floor":27.0},{"not_picked":["Sucker Punch+1","Flying Knee"],"picked":"Cloak And Dagger","floor":28.0},{"not_picked":["Bullet Time","Doppelganger"],"picked":"Wraith Form v2","floor":33.0},{"not_picked":["Poisoned Stab","Choke"],"picked":"Flechettes+1","floor":35.0}],"player_experience":700802,"relics_obtained":[{"floor":7.0,"key":"Blood Vial"},{"floor":9.0,"key":"Snake Skull"},{"floor":11.0,"key":"Oddly Smooth Stone"},{"floor":14.0,"key":"Letter Opener"},{"floor":24.0,"key":"Art of War"},{"floor":26.0,"key":"MawBank"},{"floor":28.0,"key":"War Paint"}],"event_choices":[{"damage_healed":0.0,"max_hp_gain":0.0,"max_hp_loss":0.0,"gold_gain":0.0,"event_name":"Scrap Ooze","player_choice":"Success","floor":2.0,"gold_loss":0.0,"damage_taken":3.0,"relics_obtained":["Gambling Chip"]},{"cards_removed":["Strike_G"],"damage_healed":0.0,"max_hp_gain":0.0,"max_hp_loss":0.0,"gold_gain":0.0,"event_name":"Golden Wing","player_choice":"Card Removal","floor":3.0,"gold_loss":0.0,"damage_taken":7.0},{"damage_healed":17.0,"max_hp_gain":0.0,"max_hp_loss":0.0,"gold_gain":0.0,"event_name":"The Cleric","player_choice":"Healed","floor":5.0,"gold_loss":35.0,"damage_taken":0.0},{"damage_healed":0.0,"max_hp_gain":0.0,"max_hp_loss":0.0,"gold_gain":30.0,"event_name":"Dead Adventurer","player_choice":"Searched \u00272\u0027 times","floor":13.0,"gold_loss":0.0,"damage_taken":0.0,"relics_obtained":["Omamori"]},{"damage_healed":0.0,"max_hp_gain":0.0,"max_hp_loss":0.0,"gold_gain":0.0,"event_name":"Colosseum","player_choice":"Fight","floor":20.0,"gold_loss":0.0,"damage_taken":0.0},{"damage_healed":0.0,"max_hp_gain":0.0,"max_hp_loss":0.0,"gold_gain":0.0,"event_name":"Colosseum","player_choice":"Fled From Nobs","floor":20.0,"gold_loss":0.0,"damage_taken":0.0},{"damage_healed":0.0,"max_hp_gain":0.0,"max_hp_loss":0.0,"gold_gain":0.0,"event_name":"Match and Keep!","player_choice":"1 cards matched","floor":21.0,"gold_loss":0.0,"damage_taken":0.0,"cards_obtained":["Finisher"]},{"damage_healed":0.0,"max_hp_gain":0.0,"max_hp_loss":0.0,"gold_gain":0.0,"event_name":"Drug Dealer","player_choice":"Inject Mutagens","floor":30.0,"gold_loss":0.0,"damage_taken":0.0,"relics_obtained":["MutagenicStrength"]},{"damage_healed":0.0,"max_hp_gain":0.0,"max_hp_loss":0.0,"gold_gain":0.0,"event_name":"Purifier","player_choice":"Ignored","floor":31.0,"gold_loss":0.0,"damage_taken":0.0},{"damage_healed":0.0,"max_hp_gain":0.0,"max_hp_loss":0.0,"gold_gain":0.0,"event_name":"SecretPortal","player_choice":"Took Portal","floor":36.0,"gold_loss":0.0,"damage_taken":0.0}],"is_beta":false,"boss_relics":[{"not_picked":["HoveringKite","Black Star"],"picked":"Pandora\u0027s Box"},{"not_picked":["Cursed Key","Orrery"],"picked":"Ring of the Serpent"}],"items_purged_floors":[],"is_endless":false,"potions_floor_spawned":[1,7,16,19,20,24],"killed_by":"Awakened One","ascension_level":6}