{"gold_per_floor":[117,117,117,117,42,42,60,103,152,186,186],"floor_reached":11,"playtime":453,"items_purged":[],"score":198,"play_id":"3f76dd48-3cf8-49dd-9e4f-420a866fa6d8","local_time":"20190312145224","is_ascension_mode":true,"campfire_choices":[{"data":"Feel No Pain","floor":6,"key":"SMITH"}],"neow_cost":"NONE","seed_source_timestamp":233628574777728,"circlet_count":0,"master_deck":["AscendersBane","Strike_R","Strike_R","Strike_R","Strike_R","Defend_R","Defend_R","Defend_R","Defend_R","Bash","Cleave","Hemokinesis","Feel No Pain+1","Corruption","Spot Weakness"],"relics":["Burning Blood","NeowsBlessing","Golden Idol","Dodecahedron","Potion Belt","Bottled Tornado"],"potions_floor_usage":[10],"damage_taken":[{"damage":0,"enemies":"2 Louse","floor":1,"turns":1},{"damage":0,"enemies":"Small Slimes","floor":7,"turns":2},{"damage":0,"enemies":"3 Sentries","floor":8,"turns":1},{"damage":56,"enemies":"Lagavulin","floor":10,"turns":9},{"damage":10,"enemies":"Jaw Worm","floor":11,"turns":2}],"seed_played":"6987522917605570352","potions_obtained":[{"floor":7,"key":"SkillPotion"}],"is_trial":false,"path_per_floor":["M","$","?","?","$","R","M","E","T","E","M"],"character_chosen":"IRONCLAD","items_purchased":["Feel No Pain"],"campfire_rested":0,"item_purchase_floors":[5],"current_hp_per_floor":[74,74,48,48,48,48,54,60,60,10,0],"gold":186,"neow_bonus":"THREE_ENEMY_KILL","is_prod":false,"is_daily":false,"chose_seed":false,"campfire_upgraded":1,"win_rate":0,"timestamp":1552362744,"path_taken":["M","$","?","?","$","R","M","E","T","E","M"],"build_version":"2019-01-23","purchased_purges":0,"victory":false,"max_hp_per_floor":[75,75,75,75,75,75,75,75,75,75,75],"card_choices":[{"not_picked":["Clash","Hemokinesis"],"picked":"Cleave","floor":1},{"not_picked":["Havoc","Wild Strike","Hemokinesis"],"picked":"SKIP","floor":7},{"not_picked":["Twin Strike","Sever Soul"],"picked":"Corruption","floor":8},{"not_picked":["Dropkick","Carnage"],"picked":"Spot Weakness","floor":10}],"player_experience":832507,"relics_obtained":[{"floor":8,"key":"Dodecahedron"},{"floor":9,"key":"Potion Belt"},{"floor":10,"key":"Bottled Tornado"}],"event_choices":[{"damage_healed":0,"gold_gain":0,"player_choice":"Take Damage","damage_taken":26,"relics_obtained":["Golden Idol"],"max_hp_gain":0,"max_hp_loss":0,"event_name":"Golden Idol","floor":3,"gold_loss":0},{"damage_healed":0,"gold_gain":0,"cards_transformed":["Strike_R"],"player_choice":"Change","damage_taken":0,"max_hp_gain":0,"max_hp_loss":0,"event_name":"Living Wall","floor":4,"gold_loss":0,"cards_obtained":["Hemokinesis"]}],"is_beta":false,"boss_relics":[],"items_purged_floors":[],"is_endless":false,"potions_floor_spawned":[7],"killed_by":"Jaw Worm","ascension_level":18}