{"gold_per_floor":[112,129,146,146,166,166],"floor_reached":6,"playtime":385,"items_purged":[],"score":38,"play_id":"908903a4-537c-4c4f-81a5-9274f8131cf2","local_time":"20190803023834","daily_mods":["Draft"],"is_ascension_mode":false,"campfire_choices":[],"neow_cost":"","seed_source_timestamp":0,"circlet_count":0,"master_deck":["Power Through","Anger","Infernal Blade","Wild Strike","Armaments","Clothesline","Wild Strike","True Grit","Feel No Pain","Pommel Strike","Searing Blow","Body Slam","Cleave","Wild Strike","Headbutt","Shrug It Off","Fire Breathing"],"relics":["Burning Blood","Pear"],"potions_floor_usage":[],"damage_taken":[{"damage":0,"enemies":"Cultist","floor":1,"turns":2},{"damage":0,"enemies":"Small Slimes","floor":2,"turns":2},{"damage":0,"enemies":"2 Louse","floor":3,"turns":2},{"damage":1,"enemies":"2 Fungi Beasts","floor":5,"turns":3}],"seed_played":"-2530626574525817983","potions_obtained":[{"floor":1,"key":"AttackPotion"},{"floor":2,"key":"SneckoOil"}],"is_trial":true,"path_per_floor":["M","M","M","T","M","R"],"character_chosen":"IRONCLAD","items_purchased":[],"campfire_rested":0,"item_purchase_floors":[],"current_hp_per_floor":[80,80,80,90,90,90],"gold":166,"neow_bonus":"","is_prod":false,"is_daily":false,"chose_seed":false,"campfire_upgraded":0,"win_rate":1,"timestamp":1564821514,"path_taken":["M","M","M","?","M","R"],"build_version":"2019-07-18","purchased_purges":0,"victory":false,"max_hp_per_floor":[80,80,80,90,90,90],"card_choices":[{"not_picked":["Warcry","Second Wind"],"picked":"Power Through","floor":0},{"not_picked":["Infernal Blade","Heavy Blade"],"picked":"Anger","floor":0},{"not_picked":["Warcry","Bloodletting"],"picked":"Infernal Blade","floor":0},{"not_picked":["Sentinel","Heavy Blade"],"picked":"Wild Strike","floor":0},{"not_picked":["Infernal Blade","Warcry"],"picked":"Armaments","floor":0},{"not_picked":["Warcry","Headbutt"],"picked":"Clothesline","floor":0},{"not_picked":["Body Slam","Infernal Blade"],"picked":"Wild Strike","floor":0},{"not_picked":["Thunderclap","Wild Strike"],"picked":"True Grit","floor":0},{"not_picked":["Flex","Thunderclap"],"picked":"Feel No Pain","floor":0},{"not_picked":["Clash","Armaments"],"picked":"Pommel Strike","floor":0},{"not_picked":["Havoc","Heavy Blade"],"picked":"Searing Blow","floor":0},{"not_picked":["Sword Boomerang","Flex"],"picked":"Body Slam","floor":0},{"not_picked":["Bloodletting","Body Slam"],"picked":"Cleave","floor":0},{"not_picked":["Anger","Cleave"],"picked":"Wild Strike","floor":0},{"not_picked":["Anger","Thunderclap"],"picked":"Headbutt","floor":0},{"not_picked":["Heavy Blade","Perfected Strike","Inflame"],"picked":"SKIP","floor":1},{"not_picked":["Sever Soul","Twin Strike"],"picked":"Shrug It Off","floor":2},{"not_picked":["Heavy Blade","Combust"],"picked":"Fire Breathing","floor":3},{"not_picked":["Perfected Strike","Armaments","Warcry"],"picked":"SKIP","floor":5}],"player_experience":70847,"relics_obtained":[{"floor":4,"key":"Pear"}],"event_choices":[],"is_beta":true,"boss_relics":[],"items_purged_floors":[],"is_endless":false,"potions_floor_spawned":[1,2],"ascension_level":0}