{"gold_per_floor":[118,136,136,136,152,182,257,257,257,257,182,198,198,214,214,289,289,303,163,177,191,191,191,210,210,210,210,210,223,223],"floor_reached":30,"playtime":977,"items_purged":["Strike_B","Strike_B"],"score":560,"play_id":"79fb0b84-9b46-42af-bc46-6f9f76fc9318","local_time":"20190525014044","is_ascension_mode":true,"campfire_choices":[{"data":"Coolheaded","floor":8.0,"key":"SMITH"},{"data":"Dualcast","floor":10.0,"key":"SMITH"},{"floor":15.0,"key":"REST"},{"floor":23.0,"key":"REST"},{"data":"Recycle","floor":25.0,"key":"SMITH"},{"data":"Skim","floor":28.0,"key":"SMITH"}],"neow_cost":"NONE","seed_source_timestamp":311863521044640,"circlet_count":0,"master_deck":["AscendersBane","Strike_B","Defend_B","Defend_B","Defend_B","Defend_B","Zap","Dualcast+1","Coolheaded+1","Ball Lightning","Electrodynamics","Loop+1","Meteor Strike","Self Repair","Glacier","Skim+1","Double Energy","Heatsinks","Recycle+1","Seek","Doubt"],"special_seed":0,"relics":["Cursed Key","Art of War","Orrery"],"potions_floor_usage":[29,30],"damage_taken":[{"damage":3.0,"enemies":"2 Louse","floor":1.0,"turns":3.0},{"damage":2.0,"enemies":"Jaw Worm","floor":2.0,"turns":4.0},{"damage":0.0,"enemies":"Cultist","floor":5.0,"turns":3.0},{"damage":10.0,"enemies":"3 Sentries","floor":6.0,"turns":4.0},{"damage":0.0,"enemies":"3 Louse","floor":12.0,"turns":2.0},{"damage":18.0,"enemies":"Large Slime","floor":14.0,"turns":3.0},{"damage":0.0,"enemies":"Slime Boss","floor":16.0,"turns":6.0},{"damage":13.0,"enemies":"3 Byrds","floor":18.0,"turns":2.0},{"damage":16.0,"enemies":"Spheric Guardian","floor":20.0,"turns":5.0},{"damage":37.0,"enemies":"3 Cultists","floor":21.0,"turns":5.0},{"damage":8.0,"enemies":"Centurion and Healer","floor":24.0,"turns":6.0},{"damage":16,"enemies":"Shelled Parasite and Fungi","floor":29,"turns":7},{"damage":25,"enemies":"Sentry and Sphere","floor":30,"turns":3}],"seed_played":"-839379460205973471","potions_obtained":[{"floor":2.0,"key":"SkillPotion"},{"floor":6.0,"key":"GamblersBrew"},{"floor":12.0,"key":"Fire Potion"},{"floor":16.0,"key":"Ancient Potion"},{"floor":24.0,"key":"GamblersBrew"}],"is_trial":false,"path_per_floor":["M","M","?","?","M","E","?","R","T","R","$","M","?","M","R","B",null,"M","$","M","M","?","R","M","R","T","?","R","M","M"],"character_chosen":"DEFECT","items_purchased":["Double Energy"],"campfire_rested":2,"item_purchase_floors":[19],"current_hp_per_floor":[61,59,59,52,52,42,31,31,31,31,31,31,31,13,34,34,62,56,56,47,10,10,31,30,30,30,30,30,21,0],"gold":223,"neow_bonus":"BOSS_RELIC","is_prod":false,"is_daily":false,"chose_seed":false,"campfire_upgraded":4,"win_rate":0,"timestamp":1558719644,"path_taken":["M","M","?","?","M","E","?","R","T","R","$","M","?","M","R","BOSS","M","$","M","M","?","R","M","R","T","?","R","M","M"],"build_version":"2019-01-23","purchased_purges":2,"victory":false,"max_hp_per_floor":[71,71,71,71,71,71,71,71,71,71,71,71,71,71,71,71,71,71,71,71,71,71,71,71,71,71,71,71,71,71],"card_choices":[{"not_picked":["Go for the Eyes","Barrage"],"picked":"Coolheaded","floor":1.0},{"not_picked":["Scrape","Go for the Eyes"],"picked":"Ball Lightning","floor":2.0},{"not_picked":["Chill","Turbo"],"picked":"Electrodynamics","floor":5.0},{"not_picked":["Tempest","Darkness","Compile Driver"],"picked":"SKIP","floor":6.0},{"not_picked":["Go for the Eyes","Ball Lightning"],"picked":"Loop","floor":12.0},{"not_picked":["Force Field","Chaos","Melter"],"picked":"SKIP","floor":14.0},{"not_picked":["Multi-Cast","Thunder Strike"],"picked":"Meteor Strike","floor":16.0},{"not_picked":["Gash","Coolheaded"],"picked":"Self Repair","floor":17.0},{"not_picked":["Self Repair","Cold Snap"],"picked":"Glacier","floor":17.0},{"not_picked":["Go for the Eyes","Chill"],"picked":"Skim","floor":18.0},{"not_picked":["Skim","Go for the Eyes+1"],"picked":"Heatsinks","floor":20.0},{"not_picked":["Leap","Double Energy"],"picked":"Recycle","floor":21.0},{"not_picked":["Stack","Lockon"],"picked":"Seek","floor":24.0},{"not_picked":["Redo","Force Field","Conserve Battery"],"picked":"SKIP","floor":29}],"player_experience":946720,"relics_obtained":[{"floor":6.0,"key":"Art of War"}],"event_choices":[{"damage_healed":0.0,"max_hp_gain":0.0,"max_hp_loss":0.0,"gold_gain":0.0,"event_name":"Liars Game","player_choice":"Ignored","floor":3.0,"gold_loss":0.0,"damage_taken":0.0},{"cards_removed":["Strike_B"],"damage_healed":0.0,"max_hp_gain":0.0,"max_hp_loss":0.0,"gold_gain":0.0,"event_name":"Golden Wing","player_choice":"Card Removal","floor":4.0,"gold_loss":0.0,"damage_taken":7.0},{"damage_healed":0.0,"max_hp_gain":0.0,"max_hp_loss":0.0,"gold_gain":75.0,"event_name":"World of Goop","player_choice":"Gather Gold","floor":7.0,"gold_loss":0.0,"damage_taken":11.0},{"damage_healed":0.0,"max_hp_gain":0.0,"max_hp_loss":0.0,"gold_gain":0.0,"event_name":"Accursed Blacksmith","player_choice":"Forge","floor":13.0,"gold_loss":0.0,"damage_taken":0.0,"cards_upgraded":["Loop"]},{"damage_healed":0.0,"max_hp_gain":0.0,"max_hp_loss":0.0,"gold_gain":0.0,"event_name":"Cursed Tome","player_choice":"Ignored","floor":22.0,"gold_loss":0.0,"damage_taken":0.0},{"damage_healed":0.0,"max_hp_gain":0.0,"max_hp_loss":0.0,"gold_gain":0.0,"event_name":"Vampires","player_choice":"Ignored","floor":27.0,"gold_loss":0.0,"damage_taken":0.0}],"is_beta":false,"boss_relics":[{"not_picked":["Lizard Tail","Eternal Feather"],"picked":"Orrery"}],"items_purged_floors":[11,19],"is_endless":false,"potions_floor_spawned":[2,6,12,14,16,21,24],"killed_by":"Sentry and Sphere","ascension_level":20}