{"gold_per_floor":[117,23,36,66,66,66,89,118,118,135,151,426,445,83,83,155,155,169,89,89,89],"floor_reached":21,"playtime":642,"items_purged":["Regret"],"score":354,"play_id":"af0dc138-8a5f-4494-9703-889e8e626052","local_time":"20190517215922","is_ascension_mode":true,"campfire_choices":[{"data":"Uppercut","floor":6.0,"key":"SMITH"},{"data":"Inflame","floor":15.0,"key":"SMITH"}],"neow_cost":"NONE","seed_source_timestamp":81539480239069,"circlet_count":0,"master_deck":["AscendersBane","Strike_R","Strike_R","Strike_R","Strike_R","Defend_R","Defend_R","Defend_R","Defend_R","Uppercut+1","Shrug It Off","Feed","Dropkick","Inflame+1","Burning Pact","Immolate","Second Wind"],"special_seed":0,"relics":["Burning Blood","Bag of Marbles","Tiny Chest","Shuriken","Darkstone Periapt","Happy Flower","Empty Cage","Paper Frog"],"potions_floor_usage":[],"damage_taken":[{"damage":11.0,"enemies":"Jaw Worm","floor":1.0,"turns":5.0},{"damage":3.0,"enemies":"2 Louse","floor":3.0,"turns":3.0},{"damage":30.0,"enemies":"Lagavulin","floor":8.0,"turns":9.0},{"damage":1.0,"enemies":"Small Slimes","floor":10.0,"turns":5.0},{"damage":5.0,"enemies":"Red Slaver","floor":11.0,"turns":2.0},{"damage":11.0,"enemies":"Lots of Slimes","floor":13.0,"turns":3.0},{"damage":38.0,"enemies":"Slime Boss","floor":16.0,"turns":9.0},{"damage":51,"enemies":"Shell Parasite","floor":18,"turns":7},{"damage":25,"enemies":"Spheric Guardian","floor":21,"turns":5}],"seed_played":"4109061649636881553","potions_obtained":[{"floor":8.0,"key":"LiquidBronze"},{"floor":11.0,"key":"Explosive Potion"},{"floor":18,"key":"Swift Potion"}],"is_trial":false,"path_per_floor":["M","$","M","?","?","R","T","E","T","M","M","?","M","$","R","B",null,"M","$","T","M"],"character_chosen":"IRONCLAD","items_purchased":["Uppercut","Shrug It Off","Fire Potion","Happy Flower","Burning Pact","Second Wind"],"campfire_rested":0,"item_purchase_floors":[2,2,14,14,14,19],"current_hp_per_floor":[63,63,66,48,48,48,48,24,24,32,36,42,40,40,40,11,73,28,28,28,3],"gold":89,"neow_bonus":"RANDOM_COMMON_RELIC","is_prod":false,"is_daily":false,"chose_seed":false,"campfire_upgraded":2,"win_rate":0,"timestamp":1558101562,"path_taken":["M","$","M","?","?","R","?","E","T","M","M","?","M","$","R","BOSS","M","$","?","?"],"build_version":"2019-01-23","purchased_purges":1,"victory":false,"max_hp_per_floor":[75,75,75,75,75,75,75,75,75,78,81,87,90,90,90,93,93,93,93,93,93],"card_choices":[{"not_picked":["Wild Strike","Body Slam","Thunderclap"],"picked":"SKIP","floor":1.0},{"not_picked":["Reckless Charge","Clash","Entrench"],"picked":"SKIP","floor":3.0},{"not_picked":["Anger","Thunderclap"],"picked":"Feed","floor":8.0},{"not_picked":["Perfected Strike","Heavy Blade","Dropkick"],"picked":"SKIP","floor":10.0},{"not_picked":["Perfected Strike","Heavy Blade"],"picked":"Dropkick","floor":10.0},{"not_picked":["Hemokinesis","Armaments"],"picked":"Inflame","floor":11.0},{"not_picked":["Combust","Cleave","Heavy Blade"],"picked":"SKIP","floor":13.0},{"not_picked":["Impervious","Bludgeon"],"picked":"Immolate","floor":16.0},{"not_picked":["Body Slam","Bloodletting+1","Fire Breathing"],"picked":"SKIP","floor":18}],"player_experience":863196,"relics_obtained":[{"floor":8.0,"key":"Shuriken"},{"floor":9.0,"key":"Darkstone Periapt"},{"floor":20,"key":"Paper Frog"}],"event_choices":[{"damage_healed":0.0,"max_hp_gain":0.0,"max_hp_loss":0.0,"gold_gain":0.0,"event_name":"Scrap Ooze","player_choice":"Success","floor":4.0,"gold_loss":0.0,"damage_taken":18.0,"relics_obtained":["Tiny Chest"]},{"damage_healed":0.0,"max_hp_gain":0.0,"max_hp_loss":0.0,"gold_gain":0.0,"event_name":"Liars Game","player_choice":"Ignored","floor":5.0,"gold_loss":0.0,"damage_taken":0.0},{"damage_healed":0.0,"max_hp_gain":0.0,"max_hp_loss":0.0,"gold_gain":275.0,"event_name":"Golden Shrine","player_choice":"Desecrate","floor":12.0,"gold_loss":0.0,"damage_taken":0.0,"cards_obtained":["Regret"]}],"is_beta":false,"boss_relics":[{"not_picked":["Astrolabe","Orrery"],"picked":"Empty Cage"}],"items_purged_floors":[14],"is_endless":false,"potions_floor_spawned":[8,11,18],"killed_by":"Spheric Guardian","ascension_level":20}