{"gold_per_floor":[116,129,146,166,177,177,177,205,259,259,277,310,328,357,357,455,455,466,482,495,82,100,400,432,432,481,497,497,512,547,149,149,248,248,267,277,291,302,315,315,349,362,412,423,423,18,18,31,31,31],"floor_reached":51,"playtime":3915,"items_purged":["Defend_R","Defend_R","Defend_R"],"score":1039,"play_id":"b00b7ea9-c898-406c-92f1-23cbe76a8c30","local_time":"20190804234418","is_ascension_mode":true,"campfire_choices":[{"data":"Feed","floor":6.0,"key":"SMITH"},{"data":"Spot Weakness","floor":10.0,"key":"SMITH"},{"data":"Bash","floor":15,"key":"SMITH"},{"floor":23,"key":"DIG"},{"floor":25,"key":"DIG"},{"floor":32,"key":"DIG"},{"floor":40,"key":"DIG"},{"floor":45,"key":"DIG"},{"floor":47,"key":"DIG"},{"floor":49,"key":"DIG"}],"neow_cost":"TEN_PERCENT_HP_LOSS","seed_source_timestamp":2166276608210800,"circlet_count":0,"master_deck":["Strike_R","Strike_R","Strike_R","Strike_R","Strike_R","Bash+1","Feed+1","Cleave","Spot Weakness+1","Pummel","Clothesline","Entrench+1","Seeing Red","Rage+1","Headbutt","Demon Form+1","Infernal Blade+1","Warcry+1","Ghostly Armor+1","Warcry+1","Sword Boomerang","Ghostly Armor+1","Flame Barrier+1","Warcry+1","Pummel","Inflame+1","Flame Barrier+1","Mayhem+1","Reaper","Battle Trance+1","Iron Wave+1","Sword Boomerang+1","Spot Weakness+1","Metallicize+1","Shrug It Off+1"],"special_seed":0,"relics":["Burning Blood","Frozen Egg 2","Oddly Smooth Stone","Toxic Egg 2","Anchor","Coffee Dripper","Shovel","Old Coin","Vajra","PreservedInsect","Kunai","Strawberry","Sozu","Lantern","Happy Flower","Bag of Marbles","Potion Belt","Brimstone","Question Card","Bottled Flame"],"potions_floor_usage":[22,24,30,50],"damage_taken":[{"damage":1.0,"enemies":"Cultist","floor":1.0,"turns":4.0},{"damage":9.0,"enemies":"Jaw Worm","floor":2.0,"turns":5.0},{"damage":9.0,"enemies":"2 Louse","floor":3.0,"turns":5.0},{"damage":17.0,"enemies":"Red Slaver","floor":4.0,"turns":4.0},{"damage":0.0,"enemies":"Lots of Slimes","floor":5.0,"turns":1.0},{"damage":30.0,"enemies":"Lagavulin","floor":8.0,"turns":7.0},{"damage":9.0,"enemies":"Gremlin Gang","floor":11.0,"turns":3.0},{"damage":21.0,"enemies":"Gremlin Nob","floor":12.0,"turns":4.0},{"damage":10,"enemies":"3 Louse","floor":13,"turns":3},{"damage":26,"enemies":"3 Sentries","floor":14,"turns":8},{"damage":17,"enemies":"Hexaghost","floor":16,"turns":9},{"damage":0,"enemies":"Chosen","floor":18,"turns":4},{"damage":14,"enemies":"Shell Parasite","floor":19,"turns":4},{"damage":31,"enemies":"Snecko","floor":20,"turns":5},{"damage":5,"enemies":"Centurion and Healer","floor":22,"turns":5},{"damage":72,"enemies":"Slavers","floor":24,"turns":6},{"damage":10,"enemies":"Shelled Parasite and Fungi","floor":27,"turns":4},{"damage":8,"enemies":"3 Cultists","floor":29,"turns":5},{"damage":0,"enemies":"Gremlin Leader","floor":30,"turns":4},{"damage":44,"enemies":"Champ","floor":33,"turns":8},{"damage":50,"enemies":"3 Darklings","floor":35,"turns":6},{"damage":1,"enemies":"Orb Walker","floor":36,"turns":3},{"damage":19,"enemies":"Maw","floor":37,"turns":7},{"damage":22,"enemies":"Jaw Worm Horde","floor":38,"turns":4},{"damage":2,"enemies":"Sphere and 2 Shapes","floor":39,"turns":3},{"damage":14,"enemies":"Nemesis","floor":41,"turns":5},{"damage":11,"enemies":"Writhing Mass","floor":42,"turns":4},{"damage":0,"enemies":"Transient","floor":44,"turns":5},{"damage":0,"enemies":"3 Darklings","floor":48,"turns":4},{"damage":92,"enemies":"Time Eater","floor":50,"turns":10}],"seed_played":"-7342542554597518897","potions_obtained":[{"floor":2.0,"key":"BloodPotion"},{"floor":5.0,"key":"EntropicBrew"},{"floor":8.0,"key":"SpeedPotion"},{"floor":11.0,"key":"AttackPotion"},{"floor":12,"key":"PowerPotion"},{"floor":24,"key":"Weak Potion"},{"floor":27,"key":"SmokeBomb"},{"floor":33,"key":"Fire Potion"}],"is_trial":false,"path_per_floor":["M","M","M","M","M","R","?","E","T","R","M","E","M","E","R","B",null,"M","M","M","$","M","R","E","R","T","M","?","M","E","$","R","B",null,"M","M","M","M","M","R","E","M","T","M","R","$","R","M","R","B",null],"character_chosen":"IRONCLAD","items_purchased":["Shovel","Warcry+1","Inflame+1","Flame Barrier+1","Mayhem+1","Metallicize+1","Brimstone"],"campfire_rested":0,"item_purchase_floors":[21,21,31,31,31,46,46],"current_hp_per_floor":[75,75,75,67,76,76,76,52,52,52,53,64,64,44,44,33,83,89,85,64,64,95,95,48,48,48,48,48,50,60,60,67,29,108,110,124,124,136,144,144,150,150,150,150,150,150,150,154,154,97],"gold":31,"neow_bonus":"THREE_RARE_CARDS","is_prod":false,"is_daily":false,"chose_seed":false,"campfire_upgraded":3,"win_rate":0,"timestamp":1564983858,"path_taken":["M","M","M","M","?","R","?","E","T","R","?","E","M","E","R","BOSS","M","M","M","$","M","R","E","R","T","M","?","?","E","$","R","BOSS","M","M","M","M","M","R","E","M","T","M","R","$","R","M","R","BOSS"],"build_version":"2019-07-18","purchased_purges":3,"victory":true,"max_hp_per_floor":[75,78,81,84,87,87,87,87,87,87,91,95,99,99,99,99,99,99,103,107,107,111,111,115,115,115,119,119,123,127,127,134,134,134,138,138,142,142,146,146,150,150,150,150,150,150,150,154,154,154],"card_choices":[{"not_picked":["Demon Form","Exhume"],"picked":"Feed","floor":0.0},{"not_picked":["Warcry","True Grit"],"picked":"Cleave","floor":1.0},{"not_picked":["Feel No Pain","Wild Strike"],"picked":"Spot Weakness","floor":2.0},{"not_picked":["Flex","Blood for Blood"],"picked":"Pummel","floor":3.0},{"not_picked":["Havoc","Flex"],"picked":"Clothesline","floor":4.0},{"not_picked":["Clothesline","Dropkick","Sever Soul"],"picked":"SKIP","floor":5.0},{"not_picked":["Wild Strike","Anger","Cleave"],"picked":"SKIP","floor":8.0},{"not_picked":["Perfected Strike","Power Through"],"picked":"Seeing Red","floor":11.0},{"not_picked":["Perfected Strike","Armaments"],"picked":"Rage","floor":12},{"not_picked":["Entrench+1","Carnage","Sever Soul"],"picked":"SKIP","floor":13},{"not_picked":["Clothesline","Second Wind+1"],"picked":"Headbutt","floor":14},{"not_picked":["Exhume+1","Bludgeon"],"picked":"Demon Form+1","floor":16},{"not_picked":["Armaments+1","Sever Soul+1"],"picked":"Infernal Blade+1","floor":18},{"not_picked":["Anger","Blood for Blood"],"picked":"Warcry+1","floor":19},{"not_picked":["Combust+1","Dropkick"],"picked":"Ghostly Armor+1","floor":20},{"not_picked":["Body Slam+1","Dual Wield+1"],"picked":"Sword Boomerang","floor":22},{"not_picked":["Perfected Strike+1","Clash"],"picked":"Ghostly Armor+1","floor":24},{"not_picked":["Cleave+1","Pommel Strike"],"picked":"Flame Barrier+1","floor":27},{"not_picked":["Body Slam","Havoc+1"],"picked":"Warcry+1","floor":29},{"not_picked":["Body Slam","Dual Wield+1"],"picked":"Pummel","floor":30},{"not_picked":["Demon Form+1","Impervious+1"],"picked":"Reaper","floor":33},{"not_picked":["Armaments+1","Pommel Strike+1"],"picked":"Battle Trance+1","floor":35},{"not_picked":["Headbutt","Body Slam","Bloodletting+1"],"picked":"SKIP","floor":36},{"not_picked":["Sword Boomerang","Perfected Strike+1","Warcry+1"],"picked":"SKIP","floor":37},{"not_picked":["Uppercut","Spot Weakness+1"],"picked":"Iron Wave+1","floor":38},{"not_picked":["Seeing Red+1","Heavy Blade+1"],"picked":"Sword Boomerang+1","floor":39},{"not_picked":["Feed","Uppercut","Cleave+1"],"picked":"SKIP","floor":41},{"not_picked":["Anger","Sever Soul","Sword Boomerang"],"picked":"SKIP","floor":42},{"not_picked":["True Grit+1","Perfected Strike"],"picked":"Spot Weakness+1","floor":44},{"not_picked":["Hemokinesis+1","Wild Strike+1","Evolve+1"],"picked":"Shrug It Off+1","floor":48}],"player_experience":111558,"relics_obtained":[{"floor":8.0,"key":"Frozen Egg 2"},{"floor":9.0,"key":"Oddly Smooth Stone"},{"floor":12,"key":"Toxic Egg 2"},{"floor":14,"key":"Anchor"},{"floor":23,"key":"Old Coin"},{"floor":24,"key":"Vajra"},{"floor":25,"key":"PreservedInsect"},{"floor":30,"key":"Kunai"},{"floor":32,"key":"Strawberry"},{"floor":40,"key":"Lantern"},{"floor":41,"key":"Happy Flower"},{"floor":43,"key":"Bag of Marbles"},{"floor":45,"key":"Potion Belt"},{"floor":47,"key":"Question Card"},{"floor":49,"key":"Bottled Flame"}],"event_choices":[{"damage_healed":0.0,"max_hp_gain":0.0,"max_hp_loss":0.0,"gold_gain":0.0,"cards_transformed":["Defend_R"],"event_name":"Transmorgrifier","player_choice":"Transformed","floor":7.0,"gold_loss":0.0,"damage_taken":0.0,"cards_obtained":["Entrench"]},{"damage_healed":0,"gold_gain":0,"player_choice":"Forge","damage_taken":0,"max_hp_gain":0,"max_hp_loss":0,"event_name":"Accursed Blacksmith","floor":28,"gold_loss":0,"cards_upgraded":["Entrench"]}],"is_beta":true,"boss_relics":[{"not_picked":["Runic Dome","Lizard Tail"],"picked":"Coffee Dripper"},{"not_picked":["Cursed Key","Velvet Choker"],"picked":"Sozu"}],"items_purged_floors":[21,31,46],"is_endless":false,"potions_floor_spawned":[2,5,8,11,12,20,24,27,33,37,38,39,42],"ascension_level":6}