{"gold_per_floor":[20,20,20,20,40,40,54,54,54,92,116,41,54,54,54,147,147,168,168,82,7,25,25,43,68,68,88,138,138,187,206,206,277,277,293,293,303,403,403,403,434,434,434,465,489,535,567,590,602,614,626],"floor_reached":51,"playtime":3524,"items_purged":["Strike_B"],"score":1831,"play_id":"2db6a40d-4f83-419f-9310-9171d1f07e8f","local_time":"20190619105609","is_ascension_mode":true,"campfire_choices":[{"data":"Zap","floor":6.0,"key":"SMITH"},{"data":"Defragment","floor":8.0,"key":"SMITH"},{"data":"Dualcast","floor":15.0,"key":"SMITH"},{"floor":23.0,"key":"REST"},{"data":"Heatsinks","floor":32.0,"key":"SMITH"},{"floor":40.0,"key":"RECALL"},{"data":"Turbo","floor":42.0,"key":"SMITH"},{"data":"Echo Form","floor":49.0,"key":"SMITH"}],"neow_cost":"NO_GOLD","seed_source_timestamp":81155445000122,"circlet_count":0,"master_deck":["AscendersBane","Zap+1","Dualcast+1","All For One","Gash","Heatsinks+1","Turbo+1","Defragment+1","Redo+1","Coolheaded+1","Echo Form+1","Redo+1","Core Surge+1","Fission+1","Recycle+1","Chill+1","White Noise+1","Hologram+1","Fission+1","Glacier+1","Double Energy+1","Glacier+1","White Noise+1","Steam Power+1"],"special_seed":0,"relics":["Cracked Core","Bloody Idol","Toxic Egg 2","Vajra","Question Card","Astrolabe","Anchor","Mummified Hand","Coffee Dripper","Calipers","Gambling Chip","Kunai","Oddly Smooth Stone","MawBank","Cables"],"potions_floor_usage":[],"damage_taken":[{"damage":2.0,"enemies":"Jaw Worm","floor":1.0,"turns":4.0},{"damage":3.0,"enemies":"Small Slimes","floor":5.0,"turns":3.0},{"damage":3.0,"enemies":"2 Louse","floor":7.0,"turns":2.0},{"damage":15.0,"enemies":"Lagavulin","floor":10.0,"turns":7.0},{"damage":17.0,"enemies":"Lots of Slimes","floor":11.0,"turns":4.0},{"damage":1.0,"enemies":"Exordium Wildlife","floor":13.0,"turns":2.0},{"damage":7.0,"enemies":"Hexaghost","floor":16.0,"turns":8.0},{"damage":25.0,"enemies":"Shell Parasite","floor":18.0,"turns":3.0},{"damage":1.0,"enemies":"2 Thieves","floor":22.0,"turns":2.0},{"damage":22.0,"enemies":"Centurion and Healer","floor":24.0,"turns":6.0},{"damage":13.0,"enemies":"Gremlin Leader","floor":25.0,"turns":6.0},{"damage":0.0,"enemies":"Cultist and Chosen","floor":27.0,"turns":3.0},{"damage":0.0,"enemies":"Snecko","floor":31.0,"turns":7.0},{"damage":0.0,"enemies":"Collector","floor":33.0,"turns":4.0},{"damage":16.0,"enemies":"3 Shapes","floor":35.0,"turns":3.0},{"damage":0.0,"enemies":"3 Darklings","floor":37.0,"turns":4.0},{"damage":0.0,"enemies":"Mind Bloom Boss Battle","floor":38.0,"turns":5.0},{"damage":0.0,"enemies":"Giant Head","floor":41.0,"turns":8.0},{"damage":0.0,"enemies":"Nemesis","floor":44.0,"turns":9.0},{"damage":0.0,"enemies":"Reptomancer","floor":46.0,"turns":5.0},{"damage":0.0,"enemies":"Spire Growth","floor":47.0,"turns":3.0},{"damage":0.0,"enemies":"Transient","floor":48.0,"turns":6.0},{"damage":0.0,"enemies":"Donu and Deca","floor":50.0,"turns":5.0},{"damage":72,"enemies":"Time Eater","floor":51,"turns":17}],"seed_played":"-5501830189882300203","potions_obtained":[{"floor":1.0,"key":"Block Potion"},{"floor":10.0,"key":"PowerPotion"},{"floor":25.0,"key":"Block Potion"},{"floor":27.0,"key":"Ancient Potion"},{"floor":33.0,"key":"AttackPotion"},{"floor":35.0,"key":"Poison Potion"},{"floor":37.0,"key":"Ancient Potion"}],"is_trial":false,"path_per_floor":["M","?","?","?","M","R","M","R","T","E","M","$","M","T","R","B",null,"M","?","$","?","M","R","M","E","T","M","?","?","T","M","R","B",null,"M","?","M","?","?","R","E","R","T","E","T","E","M","M","R","B","B"],"character_chosen":"DEFECT","items_purchased":["GamblersBrew"],"campfire_rested":1,"item_purchase_floors":[20],"current_hp_per_floor":[62,62,62,62,59,59,56,56,56,41,24,24,23,23,23,16,52,27,27,27,27,36,55,38,30,30,35,40,40,45,50,50,55,62,51,51,56,61,61,61,64,64,64,64,64,64,64,64,64,64,0],"gold":626,"neow_bonus":"THREE_RARE_CARDS","is_prod":false,"is_daily":false,"chose_seed":false,"campfire_upgraded":6,"win_rate":0,"timestamp":1560912969,"path_taken":["M","?","?","?","?","R","M","R","T","E","M","$","?","?","R","BOSS","M","?","$","?","M","R","M","E","T","M","?","?","?","M","R","BOSS","M","?","M","?","?","R","E","R","T","E","?","E","?","M","R","BOSS","BOSS"],"build_version":"2019-01-23","purchased_purges":1,"victory":false,"max_hp_per_floor":[71,71,64,64,64,64,64,64,64,64,64,64,64,64,64,64,64,64,64,64,64,64,64,64,64,64,64,64,64,64,64,64,64,64,64,64,64,64,64,64,64,64,64,64,64,64,64,64,64,64,64],"card_choices":[{"not_picked":["Machine Learning","Thunder Strike"],"picked":"All For One","floor":0.0},{"not_picked":["Reinforced Body","Barrage"],"picked":"Gash","floor":1.0},{"not_picked":["Barrage","Storm"],"picked":"Turbo","floor":5.0},{"not_picked":["Go for the Eyes","Conserve Battery"],"picked":"Defragment","floor":7.0},{"not_picked":["Auto Shields+1","Chaos+1"],"picked":"Redo+1","floor":10.0},{"not_picked":["Conserve Battery+1","Rebound"],"picked":"Capacitor","floor":11.0},{"not_picked":["Blizzard","Beam Cell"],"picked":"Coolheaded+1","floor":13.0},{"not_picked":["Machine Learning","Creative AI","Reboot+1"],"picked":"Echo Form","floor":16.0},{"not_picked":["Gash","Genetic Algorithm+1","Steam+1","Fusion+1"],"picked":"SKIP","floor":18.0},{"not_picked":["Conserve Battery+1","Double Energy+1","Coolheaded+1"],"picked":"Recycle+1","floor":22.0},{"not_picked":["Ball Lightning","Leap+1","Steam+1"],"picked":"Chill+1","floor":24.0},{"not_picked":["Steam+1","Reboot+1","Sweeping Beam"],"picked":"White Noise+1","floor":25.0},{"not_picked":["Redo+1","Stack+1","Heatsinks"],"picked":"Hologram+1","floor":27.0},{"not_picked":["Steam+1","Redo+1","Barrage","Ball Lightning"],"picked":"SKIP","floor":31.0},{"not_picked":["Echo Form","Rainbow+1","Reboot+1"],"picked":"Fission+1","floor":33.0},{"not_picked":["Darkness+1","Beam Cell","Barrage"],"picked":"Glacier+1","floor":35.0},{"not_picked":["Go for the Eyes","Hologram+1","Conserve Battery+1"],"picked":"Double Energy+1","floor":37.0},{"not_picked":["Rebound","Rainbow+1","Redo+1"],"picked":"Glacier+1","floor":38.0},{"not_picked":["Ball Lightning","Fusion+1","Hologram+1","Compile Driver"],"picked":"SKIP","floor":41.0},{"not_picked":["Chill+1","Beam Cell+1","BootSequence+1"],"picked":"White Noise+1","floor":44.0},{"not_picked":["Rebound","Amplify+1","Fusion+1","Doom and Gloom"],"picked":"SKIP","floor":46.0},{"not_picked":["Leap+1","Ball Lightning","Aggregate+1","Gash"],"picked":"SKIP","floor":47.0},{"not_picked":["Compile Driver","Steam+1","Doom and Gloom"],"picked":"Steam Power+1","floor":48.0}],"player_experience":976192,"relics_obtained":[{"floor":9.0,"key":"Toxic Egg 2"},{"floor":10.0,"key":"Vajra"},{"floor":14.0,"key":"Question Card"},{"floor":25.0,"key":"Anchor"},{"floor":26.0,"key":"Mummified Hand"},{"floor":38.0,"key":"Calipers"},{"floor":41.0,"key":"Gambling Chip"},{"floor":43.0,"key":"Kunai"},{"floor":44.0,"key":"Oddly Smooth Stone"},{"floor":45.0,"key":"MawBank"},{"floor":46.0,"key":"Cables"}],"event_choices":[{"damage_healed":0.0,"max_hp_gain":0.0,"max_hp_loss":0.0,"gold_gain":0.0,"cards_transformed":["Strike_B"],"event_name":"Living Wall","player_choice":"Change","floor":2.0,"gold_loss":0.0,"damage_taken":0.0,"cards_obtained":["Heatsinks"]},{"damage_healed":0.0,"max_hp_gain":0.0,"max_hp_loss":7.0,"gold_gain":0.0,"event_name":"Golden Idol","player_choice":"Lose Max HP","floor":3.0,"gold_loss":0.0,"damage_taken":0.0,"relics_obtained":["Golden Idol"]},{"cards_removed":["Strike_B"],"damage_healed":0.0,"max_hp_gain":0.0,"max_hp_loss":0.0,"gold_gain":0.0,"event_name":"Purifier","player_choice":"Purged","floor":4.0,"gold_loss":0.0,"damage_taken":0.0},{"damage_healed":0.0,"max_hp_gain":0.0,"max_hp_loss":0.0,"gold_gain":0.0,"event_name":"Forgotten Altar","player_choice":"Gave Idol","floor":19.0,"relics_lost":["Golden Idol"],"gold_loss":0.0,"damage_taken":0.0,"relics_obtained":["Bloody Idol"]},{"cards_removed":["Defend_B"],"damage_healed":0.0,"max_hp_gain":0.0,"max_hp_loss":0.0,"gold_gain":0.0,"event_name":"Beggar","player_choice":"Gave Gold","floor":21.0,"gold_loss":75.0,"damage_taken":0.0},{"damage_healed":0.0,"max_hp_gain":0.0,"max_hp_loss":0.0,"gold_gain":50.0,"event_name":"Nest","player_choice":"Stole From Cult","floor":28.0,"gold_loss":0.0,"damage_taken":0.0},{"cards_removed":["Defend_B"],"damage_healed":0.0,"max_hp_gain":0.0,"max_hp_loss":0.0,"gold_gain":0.0,"event_name":"Back to Basics","player_choice":"Elegance","floor":29.0,"gold_loss":0.0,"damage_taken":0.0},{"cards_removed":["Capacitor"],"damage_healed":0.0,"max_hp_gain":0.0,"max_hp_loss":0.0,"gold_gain":0.0,"event_name":"Falling","player_choice":"Removed Power","floor":36.0,"gold_loss":0.0,"damage_taken":0.0},{"damage_healed":0.0,"max_hp_gain":0.0,"max_hp_loss":0.0,"gold_gain":0.0,"event_name":"MindBloom","player_choice":"Fight","floor":38.0,"gold_loss":0.0,"damage_taken":0.0},{"damage_healed":0.0,"max_hp_gain":0.0,"max_hp_loss":0.0,"gold_gain":0.0,"event_name":"Tomb of Lord Red Mask","player_choice":"Ignored","floor":39.0,"gold_loss":0.0,"damage_taken":0.0}],"is_beta":false,"boss_relics":[{"not_picked":["Eternal Feather","Black Star"],"picked":"Astrolabe"},{"not_picked":["Fusion Hammer","Philosopher\u0027s Stone"],"picked":"Coffee Dripper"}],"items_purged_floors":[12],"is_endless":false,"potions_floor_spawned":[1,10,25,27,33,35,37,41,47,48],"killed_by":"Time Eater","ascension_level":20}