{"gold_per_floor":[13,27,27,45,45,45,145,176,176,206,206,217,243,87,87,188,188,203,217,237,12,22,54,64,64,64,64,89,109,109,140,140,237,237,248,267,267,267,59,109,122,157,210,210,227,227,76,91,91,91],"floor_reached":50,"playtime":4024,"items_purged":["Strike_R","Strike_R"],"score":600,"play_id":"60d786ca-2bd9-4167-ba4c-40d65fba21d7","local_time":"20190807171427","is_ascension_mode":false,"campfire_choices":[{"floor":6.0,"key":"RECALL"},{"floor":11.0,"key":"REST"},{"floor":15.0,"key":"REST"},{"data":"Immolate","floor":27,"key":"SMITH"},{"data":"Heavy Blade","floor":32,"key":"SMITH"},{"data":"1","floor":44,"key":"LIFT"},{"data":"2","floor":46,"key":"LIFT"},{"floor":49,"key":"REST"}],"neow_cost":"NO_GOLD","seed_source_timestamp":0,"circlet_count":0,"master_deck":["Strike_R","Strike_R","Strike_R","Defend_R","Defend_R","Defend_R","Defend_R","Bash","Inflame+1","Headbutt","Feed","Bloodletting","Blood for Blood","Bandage Up","Immolate+1","Pummel","Offering","Flash of Steel","Feed","Shame","Heavy Blade+1","Heavy Blade","Immolate","Headbutt","Offering","Purity","Rupture","Seeing Red","Flex+1","Thunderclap+1","Pain","Pommel Strike+1","Double Tap"],"special_seed":0,"relics":["Burning Blood","Gambling Chip","Strawberry","Self Forming Clay","Centennial Puzzle","Regal Pillow","Cursed Key","Letter Opener","Du-Vu Doll","Ice Cream","Oddly Smooth Stone","Philosopher\u0027s Stone","Girya","Pantograph","Ancient Tea Set"],"potions_floor_usage":[20,20,23,31,33,33,35,42,42,45,48],"damage_taken":[{"damage":6.0,"enemies":"Jaw Worm","floor":1.0,"turns":4.0},{"damage":1.0,"enemies":"Cultist","floor":2.0,"turns":3.0},{"damage":1.0,"enemies":"2 Louse","floor":4.0,"turns":3.0},{"damage":42.0,"enemies":"Gremlin Nob","floor":8.0,"turns":5.0},{"damage":23.0,"enemies":"Lagavulin","floor":10.0,"turns":7.0},{"damage":13.0,"enemies":"Lots of Slimes","floor":12.0,"turns":3.0},{"damage":19.0,"enemies":"Gremlin Nob","floor":13.0,"turns":4.0},{"damage":47.0,"enemies":"Slime Boss","floor":16.0,"turns":13.0},{"damage":3.0,"enemies":"Chosen","floor":18.0,"turns":3.0},{"damage":8.0,"enemies":"Spheric Guardian","floor":19.0,"turns":3.0},{"damage":3,"enemies":"Cultist and Chosen","floor":20,"turns":3},{"damage":9,"enemies":"3 Cultists","floor":22,"turns":2},{"damage":30,"enemies":"Book of Stabbing","floor":23,"turns":5},{"damage":12,"enemies":"Snake Plant","floor":24,"turns":3},{"damage":17,"enemies":"Gremlin Leader","floor":28,"turns":4},{"damage":0,"enemies":"Sentry and Sphere","floor":29,"turns":2},{"damage":19,"enemies":"Slavers","floor":31,"turns":2},{"damage":31,"enemies":"Champ","floor":33,"turns":6},{"damage":24,"enemies":"3 Darklings","floor":35,"turns":3},{"damage":5,"enemies":"Orb Walker","floor":36,"turns":2},{"damage":18,"enemies":"2 Orb Walkers","floor":40,"turns":3},{"damage":11,"enemies":"Sphere and 2 Shapes","floor":41,"turns":3},{"damage":40,"enemies":"Giant Head","floor":42,"turns":5},{"damage":11,"enemies":"Transient","floor":45,"turns":5},{"damage":6,"enemies":"Spire Growth","floor":48,"turns":2},{"damage":126,"enemies":"Awakened One","floor":50,"turns":6}],"seed_played":"219280826186410681","potions_obtained":[{"floor":1.0,"key":"Energy Potion"},{"floor":8.0,"key":"Strength Potion"},{"floor":16.0,"key":"AttackPotion"},{"floor":19.0,"key":"Weak Potion"},{"floor":24,"key":"FearPotion"},{"floor":28,"key":"SkillPotion"},{"floor":29,"key":"Regen Potion"},{"floor":31,"key":"Swift Potion"},{"floor":33,"key":"SkillPotion"},{"floor":35,"key":"SteroidPotion"},{"floor":36,"key":"Weak Potion"},{"floor":45,"key":"SkillPotion"}],"is_trial":false,"path_per_floor":["M","M","$","M","?","R","?","E","T","E","R","M","E","$","R","B",null,"M","M","M","$","M","E","M","?","T","R","E","M","?","E","R","B",null,"M","M","?","?","$","?","M","E","T","R","M","R","$","M","R","B"],"character_chosen":"IRONCLAD","items_purchased":["Bandage Up","Offering","Flash of Steel","Rupture","Seeing Red","Double Tap"],"campfire_rested":3,"item_purchase_floors":[14,21,21,39,39,47],"current_hp_per_floor":[80,80,80,80,75,75,75,39,39,25,52,48,35,35,77,40,93,96,96,99,99,102,85,86,86,86,86,79,91,91,85,85,78,117,103,108,108,108,108,100,99,65,65,65,64,64,64,64,114,0],"gold":91,"neow_bonus":"ONE_RARE_RELIC","is_prod":false,"is_daily":false,"chose_seed":false,"campfire_upgraded":2,"win_rate":0,"timestamp":1565212467,"path_taken":["M","M","$","M","?","R","?","E","T","E","R","?","E","$","R","BOSS","M","M","M","$","M","E","M","?","T","R","E","?","?","E","R","BOSS","M","M","?","?","?","?","?","E","T","R","M","R","?","M","R","BOSS"],"build_version":"2019-07-17","purchased_purges":2,"victory":false,"max_hp_per_floor":[80,80,80,80,87,87,87,87,87,90,90,93,93,93,93,93,93,96,96,99,99,102,105,108,108,108,108,108,114,114,117,117,117,117,117,117,117,117,117,117,117,117,117,117,117,117,117,117,117,117],"card_choices":[{"not_picked":["Clash","Bloodletting","Anger"],"picked":"SKIP","floor":1.0},{"not_picked":["Warcry","Blood for Blood"],"picked":"Inflame","floor":2.0},{"not_picked":["Shrug It Off","True Grit"],"picked":"Headbutt","floor":4.0},{"not_picked":["Metallicize","Flex"],"picked":"Feed","floor":8.0},{"not_picked":["Anger","Evolve"],"picked":"Bloodletting","floor":10.0},{"not_picked":["Disarm","Bloodletting","Infernal Blade"],"picked":"SKIP","floor":12.0},{"not_picked":["Armaments","Clothesline"],"picked":"Blood for Blood","floor":13.0},{"not_picked":["Fiend Fire","Dark Embrace"],"picked":"Immolate","floor":16.0},{"not_picked":["Twin Strike","Body Slam","Flame Barrier"],"picked":"SKIP","floor":18.0},{"not_picked":["Warcry+1","Clothesline"],"picked":"Pummel","floor":19.0},{"not_picked":["Power Through","Feel No Pain+1","Body Slam"],"picked":"SKIP","floor":20},{"not_picked":["Sever Soul+1","Clothesline","Uppercut+1"],"picked":"SKIP","floor":22},{"not_picked":["Body Slam","Dropkick"],"picked":"Feed","floor":23},{"not_picked":["Entrench","Wild Strike","Disarm"],"picked":"SKIP","floor":24},{"not_picked":["Dropkick+1","Twin Strike"],"picked":"Heavy Blade","floor":28},{"not_picked":["Body Slam","Infernal Blade+1","Iron Wave"],"picked":"SKIP","floor":29},{"not_picked":["Fiend Fire","Shrug It Off"],"picked":"Heavy Blade","floor":31},{"not_picked":["Impervious","Dark Embrace"],"picked":"Immolate","floor":33},{"not_picked":["Cleave","Iron Wave+1"],"picked":"Headbutt","floor":35},{"not_picked":["Combust+1","Flex"],"picked":"Offering","floor":36},{"not_picked":["Dark Shackles","Swift Strike"],"picked":"Purity","floor":37},{"not_picked":["Anger","Reckless Charge"],"picked":"Flex+1","floor":40},{"not_picked":["Disarm","Body Slam+1","Sword Boomerang"],"picked":"SKIP","floor":41},{"not_picked":["Pommel Strike","Body Slam"],"picked":"Thunderclap+1","floor":42},{"not_picked":["Anger+1","Juggernaut"],"picked":"Pommel Strike+1","floor":45},{"not_picked":["Clothesline","Armaments","Warcry+1"],"picked":"SKIP","floor":48}],"player_experience":61252,"relics_obtained":[{"floor":8.0,"key":"Self Forming Clay"},{"floor":10.0,"key":"Centennial Puzzle"},{"floor":13.0,"key":"Regal Pillow"},{"floor":23,"key":"Letter Opener"},{"floor":26,"key":"Du-Vu Doll"},{"floor":28,"key":"Ice Cream"},{"floor":31,"key":"Oddly Smooth Stone"},{"floor":40,"key":"Girya"},{"floor":42,"key":"Pantograph"},{"floor":43,"key":"Ancient Tea Set"}],"event_choices":[{"damage_healed":0.0,"max_hp_gain":0.0,"max_hp_loss":0.0,"gold_gain":0.0,"event_name":"Scrap Ooze","player_choice":"Success","floor":5.0,"gold_loss":0.0,"damage_taken":12.0,"relics_obtained":["Strawberry"]},{"damage_healed":0.0,"max_hp_gain":0.0,"max_hp_loss":0.0,"gold_gain":100.0,"event_name":"Golden Shrine","player_choice":"Pray","floor":7.0,"gold_loss":0.0,"damage_taken":0.0},{"damage_healed":0,"gold_gain":0,"player_choice":"Forge","damage_taken":0,"max_hp_gain":0,"max_hp_loss":0,"event_name":"Accursed Blacksmith","floor":25,"gold_loss":0,"cards_upgraded":["Inflame"]},{"damage_healed":0,"gold_gain":0,"player_choice":"Ignored","damage_taken":0,"max_hp_gain":0,"max_hp_loss":0,"event_name":"Ghosts","floor":30,"gold_loss":0},{"damage_healed":0,"gold_gain":0,"player_choice":"Memory 1","damage_taken":0,"max_hp_gain":0,"max_hp_loss":0,"event_name":"SensoryStone","floor":37,"gold_loss":0},{"damage_healed":0,"gold_gain":0,"player_choice":"Ignored","damage_taken":0,"max_hp_gain":0,"max_hp_loss":0,"event_name":"Tomb of Lord Red Mask","floor":38,"gold_loss":0},{"damage_healed":0,"gold_gain":0,"player_choice":"Fight","damage_taken":0,"max_hp_gain":0,"max_hp_loss":0,"event_name":"Mysterious Sphere","floor":40,"gold_loss":0}],"is_beta":false,"boss_relics":[{"not_picked":["Lizard Tail","Velvet Choker"],"picked":"Cursed Key"},{"not_picked":["Tiny House","White Beast Statue"],"picked":"Philosopher\u0027s Stone"}],"items_purged_floors":[14,39],"is_endless":false,"potions_floor_spawned":[1,8,16,19,24,28,29,31,33,35,36,45],"killed_by":"Awakened One","ascension_level":0}