{"gold_per_floor":[113,288,143,143,39,71,71,71,71,71,99,119,134,152,152,254,254,267,267,90,103,31,59,59,85,111,111,134,153,153,164,164,266,266,285,298,344,344,41,41,60,92,92,105,139,139,172,4,4,4],"floor_reached":51,"playtime":3998,"items_purged":["Doubt"],"score":1036,"play_id":"e1f90f87-bd77-486c-b564-b58b08db4b9d","local_time":"20190125125109","is_ascension_mode":true,"campfire_choices":[{"data":"Defragment","floor":7,"key":"SMITH"},{"data":"Capacitor","floor":10,"key":"SMITH"},{"data":"Hologram","floor":15,"key":"SMITH"},{"floor":24,"key":"REST"},{"floor":30,"key":"REST"},{"floor":32,"key":"REST"},{"floor":40,"key":"REST"},{"floor":46,"key":"REST"},{"data":"Buffer","floor":49,"key":"SMITH"}],"neow_cost":"NONE","seed_source_timestamp":194994052733202,"circlet_count":0,"master_deck":["Strike_B","Strike_B","Defend_B","Defend_B","Defend_B","Defend_B","Zap","Dualcast","Capacitor+1","Consume","Defragment+1","Stack","Stack","Coolheaded","Sweeping Beam","Hologram+1","Chill","Machine Learning","Hello World","Rebound+1","Redo+1","Sunder","Melter","Blizzard","Coolheaded","Leap","Rebound","Go for the Eyes","Buffer+1","Cold Snap+1","Glacier","Loop","Coolheaded+1","FTL","Sweeping Beam","Gash","Darkness+1","Chill","Gash+1","Aggregate","Leap","Static Discharge"],"relics":["Cracked Core","NeowsBlessing","Incense Burner","Lantern","Ice Cream","Symbiotic Virus","Nuclear Battery","Happy Flower","DataDisk","Whetstone","Ornamental Fan","Dream Catcher","Bag of Marbles","Eternal Feather","Emotion Chip","Toy Ornithopter","Centennial Puzzle","Bottled Tornado","Vajra","Oddly Smooth Stone"],"potions_floor_usage":[16,16,18,31,37,41,42,42,44],"damage_taken":[{"damage":0,"enemies":"2 Louse","floor":1,"turns":1},{"damage":0,"enemies":"Gremlin Nob","floor":6,"turns":1},{"damage":0,"enemies":"3 Sentries","floor":11,"turns":1},{"damage":2,"enemies":"Jaw Worm","floor":12,"turns":2},{"damage":0,"enemies":"Cultist","floor":13,"turns":3},{"damage":0,"enemies":"Large Slime","floor":14,"turns":5},{"damage":23,"enemies":"Slime Boss","floor":16,"turns":17},{"damage":4,"enemies":"Shell Parasite","floor":18,"turns":6},{"damage":0,"enemies":"Chosen","floor":21,"turns":6},{"damage":21,"enemies":"Gremlin Leader","floor":23,"turns":7},{"damage":34,"enemies":"Book of Stabbing","floor":25,"turns":6},{"damage":17,"enemies":"Snecko","floor":29,"turns":4},{"damage":0,"enemies":"Centurion and Healer","floor":31,"turns":9},{"damage":0,"enemies":"Champ","floor":33,"turns":15},{"damage":9,"enemies":"3 Shapes","floor":35,"turns":3},{"damage":1,"enemies":"Orb Walker","floor":36,"turns":7},{"damage":43,"enemies":"2 Orb Walkers","floor":37,"turns":9},{"damage":7,"enemies":"3 Darklings","floor":41,"turns":5},{"damage":33,"enemies":"Nemesis","floor":42,"turns":11},{"damage":1,"enemies":"4 Shapes","floor":44,"turns":6},{"damage":0,"enemies":"Giant Head","floor":45,"turns":11},{"damage":8,"enemies":"Reptomancer","floor":47,"turns":7},{"damage":24,"enemies":"Time Eater","floor":50,"turns":13}],"seed_played":"4729923234949306628","potions_obtained":[{"floor":1,"key":"Swift Potion"},{"floor":11,"key":"Explosive Potion"},{"floor":16,"key":"Weak Potion"},{"floor":18,"key":"Ancient Potion"},{"floor":29,"key":"SkillPotion"},{"floor":35,"key":"Explosive Potion"},{"floor":37,"key":"AttackPotion"},{"floor":42,"key":"Energy Potion"},{"floor":47,"key":"SteroidPotion"}],"is_trial":false,"path_per_floor":["M","?","$","?","$","E","R","T","T","R","E","M","M","M","R","B",null,"M","?","$","M","$","E","R","E","T","?","T","M","R","M","R","B",null,"M","M","?","?","$","R","M","E","T","M","E","R","E","$","R","B",null],"character_chosen":"DEFECT","items_purchased":["Consume","Defragment","Stack","DataDisk","Rebound","Sunder","Toy Ornithopter","Block Potion","Poison Potion","Aggregate","Leap","Static Discharge"],"campfire_rested":5,"item_purchase_floors":[3,5,5,20,20,22,39,39,39,48,48,48],"current_hp_per_floor":[75,75,75,75,75,75,75,75,75,75,75,73,73,73,73,50,75,71,71,71,71,71,50,72,38,38,38,38,21,43,43,65,65,75,66,65,22,22,22,62,60,37,37,41,41,75,67,67,75,51],"gold":4,"neow_bonus":"THREE_ENEMY_KILL","is_prod":false,"is_daily":false,"chose_seed":false,"campfire_upgraded":4,"win_rate":0,"timestamp":1548381069,"path_taken":["M","?","$","?","$","E","R","?","T","R","E","M","?","M","R","BOSS","M","?","$","M","?","E","R","E","T","?","?","M","R","M","R","BOSS","M","M","?","?","$","R","M","E","T","M","E","R","E","$","R","BOSS"],"build_version":"2019-01-23","purchased_purges":1,"victory":true,"max_hp_per_floor":[75,75,75,75,75,75,75,75,75,75,75,75,75,75,75,75,75,75,75,75,75,75,75,75,75,75,75,75,75,75,75,75,75,75,75,75,75,75,75,75,75,75,75,75,75,75,75,75,75,75],"card_choices":[{"not_picked":["BootSequence","Turbo"],"picked":"Capacitor","floor":1},{"not_picked":["Darkness","Barrage"],"picked":"Stack","floor":6},{"not_picked":["Gash","Rebound"],"picked":"Coolheaded","floor":11},{"not_picked":["Chaos","Scrape"],"picked":"Sweeping Beam","floor":12},{"not_picked":["Tempest","Redo"],"picked":"Hologram","floor":13},{"not_picked":["Redo","Aggregate"],"picked":"Chill","floor":14},{"not_picked":["Core Surge","Meteor Strike"],"picked":"Machine Learning","floor":16},{"not_picked":["White Noise","Barrage"],"picked":"Hello World","floor":18},{"not_picked":["Hologram","Lockon"],"picked":"Redo+1","floor":21},{"not_picked":["Tempest","FTL+1"],"picked":"Melter","floor":23},{"not_picked":["Reboot","Scrape"],"picked":"Blizzard","floor":25},{"not_picked":["Reinforced Body+1","Rebound+1"],"picked":"Coolheaded","floor":29},{"not_picked":["Ball Lightning","Barrage"],"picked":"Leap","floor":30},{"not_picked":["Steam","Stack"],"picked":"Rebound","floor":31},{"not_picked":["Stack+1","Leap+1"],"picked":"Go for the Eyes","floor":32},{"not_picked":["Meteor Strike","All For One"],"picked":"Buffer","floor":33},{"not_picked":["BootSequence+1","Rip and Tear+1"],"picked":"Cold Snap+1","floor":35},{"not_picked":["Skim+1","Barrage+1"],"picked":"Glacier","floor":36},{"not_picked":["Conserve Battery+1","Heatsinks+1"],"picked":"Loop","floor":37},{"not_picked":["Darkness+1","Sunder+1"],"picked":"Coolheaded+1","floor":40},{"not_picked":["Recycle","BootSequence+1"],"picked":"FTL","floor":41},{"not_picked":["Steam+1","Biased Cognition"],"picked":"Sweeping Beam","floor":42},{"not_picked":["Darkness","Skim"],"picked":"Gash","floor":44},{"not_picked":["Melter","Recycle+1"],"picked":"Darkness+1","floor":45},{"not_picked":["Recycle","Fusion+1"],"picked":"Chill","floor":46},{"not_picked":["Hyperbeam","Static Discharge+1"],"picked":"Gash+1","floor":47}],"player_experience":549791,"relics_obtained":[{"floor":6,"key":"Incense Burner"},{"floor":8,"key":"Lantern"},{"floor":9,"key":"Ice Cream"},{"floor":11,"key":"Symbiotic Virus"},{"floor":23,"key":"Whetstone"},{"floor":25,"key":"Ornamental Fan"},{"floor":26,"key":"Dream Catcher"},{"floor":28,"key":"Bag of Marbles"},{"floor":37,"key":"Emotion Chip"},{"floor":42,"key":"Centennial Puzzle"},{"floor":43,"key":"Bottled Tornado"},{"floor":45,"key":"Vajra"},{"floor":47,"key":"Oddly Smooth Stone"}],"event_choices":[{"damage_healed":0,"gold_gain":175,"player_choice":"AGREE","damage_taken":0,"max_hp_gain":0,"max_hp_loss":0,"event_name":"Liars Game","floor":2,"gold_loss":0,"cards_obtained":["Doubt"]},{"damage_healed":0,"gold_gain":0,"player_choice":"Ignored","damage_taken":0,"max_hp_gain":0,"max_hp_loss":0,"event_name":"Shining Light","floor":4,"gold_loss":0},{"damage_healed":0,"gold_gain":0,"player_choice":"Gave Potion","damage_taken":0,"relics_obtained":["Happy Flower"],"max_hp_gain":0,"max_hp_loss":0,"event_name":"WeMeetAgain","floor":19,"gold_loss":0},{"cards_removed":["Strike_B"],"damage_healed":0,"gold_gain":0,"player_choice":"Elegance","damage_taken":0,"max_hp_gain":0,"max_hp_loss":0,"event_name":"Back to Basics","floor":27,"gold_loss":0},{"damage_healed":0,"gold_gain":0,"player_choice":"Fight","damage_taken":0,"max_hp_gain":0,"max_hp_loss":0,"event_name":"Mysterious Sphere","floor":37,"gold_loss":0},{"cards_removed":["Strike_B"],"damage_healed":0,"gold_gain":0,"player_choice":"Removed Attack","damage_taken":0,"max_hp_gain":0,"max_hp_loss":0,"event_name":"Falling","floor":38,"gold_loss":0}],"is_beta":false,"boss_relics":[{"not_picked":["Black Star","Fusion Hammer"],"picked":"Nuclear Battery"},{"not_picked":["Inserter","Velvet Choker"],"picked":"Eternal Feather"}],"items_purged_floors":[3],"is_endless":false,"potions_floor_spawned":[1,11,16,18,29,35,37,42,47],"ascension_level":3}