{"gold_per_floor":[219,236,248,55,71,71,101,133,145,157,189,219,260,290,302,314],"floor_reached":16,"playtime":1406,"items_purged":[],"score":122,"play_id":"faf8b453-b32d-45d2-9f6c-c7e417ec74d9","local_time":"20190805001432","is_ascension_mode":true,"campfire_choices":[{"floor":6,"key":"RECALL"},{"floor":10,"key":"REST"},{"floor":15,"key":"REST"}],"neow_cost":"NONE","seed_source_timestamp":792371401394834,"circlet_count":0,"master_deck":["Strike_R","Strike_R","Strike_R","Strike_R","Strike_R","Defend_R","Defend_R","Defend_R","Defend_R","Bash","Iron Wave","Cleave","Iron Wave","Infernal Blade","Iron Wave"],"relics":["Burning Blood","Toy Ornithopter","MawBank","Ancient Tea Set"],"potions_floor_usage":[8,13,16,16,16],"damage_taken":[{"damage":1,"enemies":"Cultist","floor":1,"turns":3},{"damage":1,"enemies":"Jaw Worm","floor":2,"turns":3},{"damage":2,"enemies":"2 Louse","floor":3,"turns":4},{"damage":23,"enemies":"Exordium Wildlife","floor":5,"turns":8},{"damage":39,"enemies":"3 Sentries","floor":7,"turns":12},{"damage":20,"enemies":"Large Slime","floor":8,"turns":8},{"damage":8,"enemies":"Lots of Slimes","floor":11,"turns":3},{"damage":0,"enemies":"3 Louse","floor":12,"turns":2},{"damage":56,"enemies":"Lagavulin","floor":13,"turns":10},{"damage":14,"enemies":"2 Fungi Beasts","floor":14,"turns":4},{"damage":50,"enemies":"Slime Boss","floor":16,"turns":10}],"seed_played":"2888291862341059455","potions_obtained":[{"floor":2,"key":"Regen Potion"},{"floor":5,"key":"LiquidBronze"},{"floor":8,"key":"Block Potion"},{"floor":12,"key":"SkillPotion"},{"floor":13,"key":"FearPotion"}],"is_trial":false,"path_per_floor":["M","M","M","$","M","R","E","M","T","R","M","M","E","M","R","B"],"character_chosen":"IRONCLAD","items_purchased":["Toy Ornithopter"],"campfire_rested":2,"item_purchase_floors":[4],"current_hp_per_floor":[80,80,80,80,63,63,30,36,36,60,58,64,19,11,35,0],"gold":314,"neow_bonus":"HUNDRED_GOLD","is_prod":false,"is_daily":false,"chose_seed":false,"campfire_upgraded":0,"win_rate":0,"timestamp":1564956872,"path_taken":["M","M","M","$","?","R","E","M","T","R","M","?","E","M","R","BOSS"],"build_version":"2019-07-17","purchased_purges":0,"victory":false,"max_hp_per_floor":[80,80,80,80,80,80,80,80,80,80,80,80,80,80,80,80],"card_choices":[{"not_picked":["Perfected Strike","Sword Boomerang"],"picked":"Iron Wave","floor":1},{"not_picked":["Clash","Rampage","Thunderclap"],"picked":"SKIP","floor":2},{"not_picked":["Warcry","Fire Breathing","Rage"],"picked":"SKIP","floor":3},{"not_picked":["Reckless Charge","Havoc","Flex"],"picked":"SKIP","floor":5},{"not_picked":["Flex","Second Wind"],"picked":"Cleave","floor":7},{"not_picked":["Demon Form","Cleave"],"picked":"Iron Wave","floor":8},{"not_picked":["Heavy Blade","Pommel Strike"],"picked":"Infernal Blade","floor":11},{"not_picked":["Warcry","Armaments"],"picked":"Iron Wave","floor":12},{"not_picked":["Headbutt","Rampage","Anger"],"picked":"SKIP","floor":13},{"not_picked":["Thunderclap","Corruption","Evolve"],"picked":"SKIP","floor":14}],"player_experience":145034,"relics_obtained":[{"floor":7,"key":"MawBank"},{"floor":13,"key":"Ancient Tea Set"}],"event_choices":[],"is_beta":false,"boss_relics":[],"items_purged_floors":[],"is_endless":false,"potions_floor_spawned":[2,5,8,12,13],"killed_by":"Slime Boss","ascension_level":1}