{"gold_per_floor":[111,186,186,186,203,203,236,248,248,267,277,277,290,132,132,132],"floor_reached":16,"playtime":440,"items_purged":["Strike_B"],"score":204,"play_id":"d41f24cd-83e2-4a20-b682-910ddccbad5e","local_time":"20190619113336","is_ascension_mode":true,"campfire_choices":[{"floor":6.0,"key":"REST"},{"data":"Coolheaded","floor":12.0,"key":"SMITH"},{"data":"Chaos","floor":15.0,"key":"SMITH"}],"neow_cost":"NONE","seed_source_timestamp":87218598416327,"circlet_count":0,"master_deck":["AscendersBane","Strike_B","Strike_B+1","Strike_B","Defend_B+1","Defend_B","Defend_B","Defend_B","Zap","Dualcast","Streamline+1","Hologram","Coolheaded+1","Chaos+1","Ball Lightning","Hello World"],"special_seed":0,"relics":["White Beast Statue","Question Card","Omamori"],"potions_floor_usage":[16,16],"damage_taken":[{"damage":11.0,"enemies":"Small Slimes","floor":1.0,"turns":4.0},{"damage":5.0,"enemies":"2 Louse","floor":5.0,"turns":2.0},{"damage":8.0,"enemies":"Gremlin Nob","floor":7.0,"turns":3.0},{"damage":2.0,"enemies":"Jaw Worm","floor":8.0,"turns":3.0},{"damage":2.0,"enemies":"Large Slime","floor":10.0,"turns":6.0},{"damage":2.0,"enemies":"Looter","floor":11.0,"turns":4.0},{"damage":6.0,"enemies":"Blue Slaver","floor":13.0,"turns":4.0},{"damage":18,"enemies":"Hexaghost","floor":16,"turns":7}],"seed_played":"-5246547595914861270","potions_obtained":[{"floor":1.0,"key":"FocusPotion"},{"floor":5.0,"key":"Block Potion"},{"floor":7.0,"key":"Poison Potion"},{"floor":8.0,"key":"EssenceOfSteel"},{"floor":10.0,"key":"SteroidPotion"},{"floor":11.0,"key":"EssenceOfSteel"},{"floor":13.0,"key":"LiquidBronze"}],"is_trial":false,"path_per_floor":["M","?","?","?","M","R","E","M","T","M","M","R","M","$","R","B"],"character_chosen":"DEFECT","items_purchased":["Hello World"],"campfire_rested":1,"item_purchase_floors":[14],"current_hp_per_floor":[53,42,21,21,16,37,29,27,27,25,23,23,17,17,17,0],"gold":132,"neow_bonus":"BOSS_RELIC","is_prod":false,"is_daily":false,"chose_seed":false,"campfire_upgraded":2,"win_rate":0,"timestamp":1560915216,"path_taken":["M","?","?","?","M","R","E","M","T","M","M","R","M","$","R","BOSS"],"build_version":"2019-01-23","purchased_purges":1,"victory":false,"max_hp_per_floor":[71,71,71,71,71,71,71,71,71,71,71,71,71,71,71,71],"card_choices":[{"not_picked":["Melter","Darkness"],"picked":"Streamline","floor":1.0},{"not_picked":["Cold Snap","Hello World"],"picked":"Hologram","floor":5.0},{"not_picked":["Rip and Tear","Leap"],"picked":"Coolheaded","floor":7.0},{"not_picked":["Lockon","Gash","Compile Driver","Steam Power"],"picked":"SKIP","floor":8.0},{"not_picked":["Compile Driver","Blizzard","Conserve Battery"],"picked":"Chaos","floor":10.0},{"not_picked":["Reboot","Streamline","Hologram"],"picked":"Ball Lightning","floor":11.0},{"not_picked":["Steam","Force Field","Barrage","Coolheaded"],"picked":"SKIP","floor":13.0}],"player_experience":980645,"relics_obtained":[{"floor":7.0,"key":"Question Card"},{"floor":9.0,"key":"Omamori"}],"event_choices":[{"damage_healed":0.0,"max_hp_gain":0.0,"max_hp_loss":0.0,"gold_gain":75.0,"event_name":"World of Goop","player_choice":"Gather Gold","floor":2.0,"gold_loss":0.0,"damage_taken":11.0},{"damage_healed":0.0,"max_hp_gain":0.0,"max_hp_loss":0.0,"gold_gain":0.0,"event_name":"Shining Light","player_choice":"Entered Light","floor":3.0,"gold_loss":0.0,"damage_taken":21.0,"cards_upgraded":["Defend_B","Strike_B"]},{"damage_healed":0.0,"max_hp_gain":0.0,"max_hp_loss":0.0,"gold_gain":0.0,"event_name":"Living Wall","player_choice":"Grow","floor":4.0,"gold_loss":0.0,"damage_taken":0.0,"cards_upgraded":["Streamline"]}],"is_beta":false,"boss_relics":[],"items_purged_floors":[14],"is_endless":false,"potions_floor_spawned":[1,5,7,8,10,11,13],"killed_by":"Hexaghost","ascension_level":20}