{"gold_per_floor":[110,185,185,8,28,60,60,60,60,77,77,77,96,96,96,221,221,236,39,59,82,96,96,110,110,110,110,126,147,160,160,160,285,285,300,300,150,168,293,293,333,333,333,333,333],"floor_reached":45,"playtime":7321,"items_purged":["Pain"],"score":468,"play_id":"89e8f13a-e216-4874-8950-36449b964c41","local_time":"20190305215338","is_ascension_mode":false,"campfire_choices":[{"floor":7.0,"key":"REST"},{"floor":11.0,"key":"REST"},{"data":"Genetic Algorithm","floor":15.0,"key":"SMITH"},{"floor":23,"key":"REST"},{"floor":25,"key":"REST"},{"floor":27,"key":"REST"},{"floor":32,"key":"REST"},{"floor":40,"key":"RECALL"},{"floor":42,"key":"REST"},{"data":"Self Repair","floor":44,"key":"SMITH"}],"neow_cost":"NONE","seed_source_timestamp":0,"circlet_count":0,"master_deck":["Defend_B","Defend_B","Defend_B","Defend_B","Zap","Dualcast","Reboot","Fusion","White Noise","Storm","Barrage","Meteor Strike+1","Static Discharge","Genetic Algorithm+1","Echo Form","Clumsy","Doubt","BootSequence","Leap","Blizzard+1","Cold Snap+1","Capacitor","Self Repair","Bite+1","Bite+1","Bite+1","Bite+1","Bite+1","Thunder Strike+1","Self Repair+1"],"special_seed":0,"relics":["Cracked Core","GremlinMask","Molten Egg 2","Bottled Tornado","Pear","Golden Idol","Calling Bell","Pen Nib","Kunai","Unceasing Top","Lee\u0027s Waffle","Shuriken","Lizard Tail","Torii","Blue Candle"],"potions_floor_usage":[24,24,29,33,41],"damage_taken":[{"damage":0.0,"enemies":"Small Slimes","floor":1.0,"turns":3.0},{"damage":1.0,"enemies":"2 Louse","floor":5.0,"turns":3.0},{"damage":26.0,"enemies":"3 Sentries","floor":6.0,"turns":5.0},{"damage":10.0,"enemies":"Cultist","floor":10.0,"turns":4.0},{"damage":25.0,"enemies":"Exordium Thugs","floor":13.0,"turns":4.0},{"damage":34.0,"enemies":"The Guardian","floor":16.0,"turns":9.0},{"damage":30.0,"enemies":"Chosen","floor":18.0,"turns":6.0},{"damage":13.0,"enemies":"3 Byrds","floor":20.0,"turns":3.0},{"damage":19.0,"enemies":"Snecko","floor":21.0,"turns":5.0},{"damage":31.0,"enemies":"Centurion and Healer","floor":22.0,"turns":15.0},{"damage":41,"enemies":"3 Cultists","floor":24,"turns":6},{"damage":1,"enemies":"Snecko","floor":28,"turns":4},{"damage":20,"enemies":"Centurion and Healer","floor":29,"turns":5},{"damage":36,"enemies":"Cultist and Chosen","floor":30,"turns":6},{"damage":43,"enemies":"Champ","floor":33,"turns":11},{"damage":51,"enemies":"3 Darklings","floor":35,"turns":7},{"damage":0,"enemies":"3 Shapes","floor":38,"turns":3},{"damage":35,"enemies":"Mind Bloom Boss Battle","floor":39,"turns":9},{"damage":70,"enemies":"Nemesis","floor":41,"turns":9},{"damage":85,"enemies":"Maw","floor":45,"turns":8}],"seed_played":"-530198008922589034","potions_obtained":[{"floor":1.0,"key":"AttackPotion"},{"floor":6.0,"key":"Swift Potion"},{"floor":13.0,"key":"Dexterity Potion"},{"floor":16.0,"key":"Explosive Potion"},{"floor":20.0,"key":"EntropicBrew"},{"floor":22,"key":"SkillPotion"},{"floor":24,"key":"PowerPotion"},{"floor":29,"key":"AttackPotion"},{"floor":33,"key":"GamblersBrew"},{"floor":35,"key":"Ancient Potion"},{"floor":41,"key":"FearPotion"}],"is_trial":false,"path_per_floor":["M","?","?","$","M","E","R","T","T","M","R","?","M","?","R","B",null,"M","$","M","M","M","R","M","R","T","R","M","M","M","?","R","B",null,"M","?","$","M","?","R","E","R","T","R","M"],"character_chosen":"DEFECT","items_purchased":["White Noise","Storm","Regen Potion","Lee\u0027s Waffle","Self Repair"],"campfire_rested":7,"item_purchase_floors":[4,4,4,19,37],"current_hp_per_floor":[75,64,64,64,63,37,59,59,69,59,84,84,59,52,52,18,85,55,92,79,60,29,56,15,42,42,69,68,55,19,19,38,51,64,34,34,34,37,37,37,39,58,58,58,0],"gold":333,"neow_bonus":"ONE_RANDOM_RARE_CARD","is_prod":false,"is_daily":false,"chose_seed":false,"campfire_upgraded":2,"win_rate":0,"timestamp":1551848018,"path_taken":["M","?","?","$","?","E","R","?","T","M","R","?","M","?","R","BOSS","M","$","M","M","M","R","M","R","T","R","M","M","M","?","R","BOSS","M","?","$","M","?","R","E","R","T","R","M"],"build_version":"2019-01-23","purchased_purges":1,"victory":false,"max_hp_per_floor":[75,75,75,75,75,75,75,75,85,85,85,85,85,85,85,85,85,85,92,92,92,92,92,92,92,92,92,92,92,92,64,64,64,64,64,64,64,64,64,64,64,64,64,64,64],"card_choices":[{"not_picked":["Force Field","Conserve Battery"],"picked":"Fusion","floor":1.0},{"not_picked":["Compile Driver","Streamline"],"picked":"Barrage","floor":5.0},{"not_picked":["Ball Lightning","Genetic Algorithm"],"picked":"Meteor Strike","floor":6.0},{"not_picked":["Sweeping Beam+1","Compile Driver+1"],"picked":"Static Discharge","floor":10.0},{"not_picked":["Coolheaded","Stack"],"picked":"Genetic Algorithm","floor":13.0},{"not_picked":["Multi-Cast","Creative AI"],"picked":"Echo Form","floor":16.0},{"not_picked":["Steam Power","Hologram"],"picked":"BootSequence","floor":18.0},{"not_picked":["Chaos","Sunder+1"],"picked":"Leap","floor":20.0},{"not_picked":["Turbo","Ball Lightning+1"],"picked":"Blizzard+1","floor":21.0},{"not_picked":["Go for the Eyes+1","Leap"],"picked":"Cold Snap+1","floor":22},{"not_picked":["Gash+1","Hologram+1"],"picked":"Capacitor","floor":24},{"not_picked":["Storm","Go for the Eyes+1"],"picked":"Self Repair","floor":28},{"not_picked":["Genetic Algorithm","Reprogram","Hologram+1"],"picked":"SKIP","floor":29},{"not_picked":["Turbo","Loop","Conserve Battery+1"],"picked":"SKIP","floor":30},{"not_picked":["Hyperbeam+1","Creative AI"],"picked":"Thunder Strike+1","floor":33},{"not_picked":["Steam Power+1","Go for the Eyes+1","Coolheaded+1"],"picked":"SKIP","floor":35},{"not_picked":["Steam","Go for the Eyes+1","Ball Lightning+1"],"picked":"SKIP","floor":38},{"not_picked":["Rebound+1","Fusion+1","Consume+1"],"picked":"SKIP","floor":41}],"player_experience":189851,"relics_obtained":[{"floor":6.0,"key":"Molten Egg 2"},{"floor":8.0,"key":"Bottled Tornado"},{"floor":9.0,"key":"Pear"},{"floor":17.0,"key":"Pen Nib"},{"floor":17.0,"key":"Kunai"},{"floor":17.0,"key":"Unceasing Top"},{"floor":26,"key":"Shuriken"},{"floor":39,"key":"Torii"},{"floor":41,"key":"Blue Candle"}],"event_choices":[{"damage_healed":0.0,"max_hp_gain":0.0,"max_hp_loss":0.0,"gold_gain":75.0,"event_name":"World of Goop","player_choice":"Gather Gold","floor":2.0,"gold_loss":0.0,"damage_taken":11.0},{"damage_healed":0.0,"max_hp_gain":0.0,"max_hp_loss":0.0,"gold_gain":0.0,"event_name":"FaceTrader","player_choice":"Trade","floor":3.0,"gold_loss":0.0,"damage_taken":0.0,"relics_obtained":["GremlinMask"]},{"damage_healed":0.0,"max_hp_gain":0.0,"max_hp_loss":0.0,"gold_gain":0.0,"event_name":"Golden Idol","player_choice":"Take Wound","floor":12.0,"gold_loss":0.0,"damage_taken":0.0,"relics_obtained":["Golden Idol"],"cards_obtained":["Injury"]},{"cards_removed":["Injury"],"damage_healed":0.0,"max_hp_gain":0.0,"max_hp_loss":0.0,"gold_gain":0.0,"event_name":"Golden Wing","player_choice":"Card Removal","floor":14.0,"gold_loss":0.0,"damage_taken":7.0},{"damage_healed":0,"gold_gain":0,"player_choice":"Became a vampire","damage_taken":0,"max_hp_gain":0,"max_hp_loss":28,"event_name":"Vampires","floor":31,"gold_loss":0,"cards_obtained":["Bite","Bite","Bite","Bite","Bite"]},{"damage_healed":0,"gold_gain":0,"player_choice":"Ignored","damage_taken":0,"max_hp_gain":0,"max_hp_loss":0,"event_name":"Tomb of Lord Red Mask","floor":36,"gold_loss":0},{"damage_healed":0,"gold_gain":0,"player_choice":"Fight","damage_taken":0,"max_hp_gain":0,"max_hp_loss":0,"event_name":"MindBloom","floor":39,"gold_loss":0}],"is_beta":false,"boss_relics":[{"not_picked":["Busted Crown","White Beast Statue"],"picked":"Calling Bell"},{"not_picked":["Coffee Dripper","Tiny House"],"picked":"Lizard Tail"}],"items_purged_floors":[37],"is_endless":false,"potions_floor_spawned":[1,6,13,16,20,22,24,29,33,35,41],"killed_by":"Maw","ascension_level":0}