{"gold_per_floor":[115,115,134,94,94,138,138,162,187,210,251,276,276],"floor_reached":13,"playtime":585,"items_purged":[],"score":95,"play_id":"9c7f36d2-10e8-485d-aa25-61cdf72615ff","local_time":"20181225142348","is_ascension_mode":false,"campfire_choices":[{"floor":7,"key":"REST"}],"neow_cost":"NONE","seed_source_timestamp":2148126817456540,"circlet_count":0,"master_deck":["Defend_G","Defend_G","Defend_G","Defend_G","Defend_G","Strike_G","Strike_G","Strike_G","Strike_G","Strike_G","Survivor","Neutralize","Backflip","Flying Knee","Infinite Blades","Night Terror","PiercingWail","Acrobatics","Prepared","Deflect","Deflect"],"relics":["Ring of the Snake","Golden Idol","Strawberry","Vajra"],"potions_floor_usage":[11,11],"damage_taken":[{"damage":6,"enemies":"2 Louse","floor":1,"turns":2},{"damage":7,"enemies":"Jaw Worm","floor":3,"turns":5},{"damage":39,"enemies":"Gremlin Nob","floor":6,"turns":6},{"damage":1,"enemies":"Cultist","floor":8,"turns":4},{"damage":4,"enemies":"Blue Slaver","floor":10,"turns":5},{"damage":28,"enemies":"Lagavulin","floor":11,"turns":10},{"damage":1,"enemies":"3 Louse","floor":12,"turns":4}],"seed_played":"-1735554041261957907","potions_obtained":[{"floor":8,"key":"Weak Potion"},{"floor":10,"key":"AttackPotion"},{"floor":11,"key":"FearPotion"}],"is_trial":false,"path_per_floor":["M","?","M","$","?","E","R","M","T","M","E","M","?"],"character_chosen":"THE_SILENT","items_purchased":["Infinite Blades"],"campfire_rested":1,"item_purchase_floors":[4],"current_hp_per_floor":[71,52,45,45,45,13,38,37,37,33,5,4,0],"gold":276,"neow_bonus":"TEN_PERCENT_HP_BONUS","is_prod":false,"is_daily":false,"chose_seed":false,"campfire_upgraded":0,"win_rate":0,"timestamp":1545708228,"path_taken":["M","?","M","$","?","E","R","M","T","M","E","?","?"],"build_version":"2018-12-20","purchased_purges":0,"victory":false,"max_hp_per_floor":[77,77,77,77,77,84,84,84,84,84,84,84,84],"card_choices":[{"not_picked":["Dagger Spray","Leg Sweep"],"picked":"Backflip","floor":1},{"not_picked":["Eviscerate","Dash"],"picked":"Flying Knee","floor":3},{"not_picked":["Predator","Setup","Dagger Spray"],"picked":"SKIP","floor":6},{"not_picked":["Flying Knee","Backflip"],"picked":"Acrobatics","floor":8},{"not_picked":["Well Laid Plans","Sucker Punch"],"picked":"Prepared","floor":10},{"not_picked":["Escape Plan","Tools of the Trade"],"picked":"Deflect","floor":11},{"not_picked":["Quick Slash","Sucker Punch"],"picked":"Deflect","floor":12}],"player_experience":304320,"relics_obtained":[{"floor":6,"key":"Strawberry"},{"floor":11,"key":"Vajra"}],"event_choices":[{"damage_healed":0,"gold_gain":0,"player_choice":"Take Damage","damage_taken":19,"relics_obtained":["Golden Idol"],"max_hp_gain":0,"max_hp_loss":0,"event_name":"Golden Idol","floor":2,"gold_loss":0},{"damage_healed":0,"gold_gain":0,"player_choice":"2 cards matched","damage_taken":0,"max_hp_gain":0,"max_hp_loss":0,"event_name":"Match and Keep!","floor":5,"gold_loss":0,"cards_obtained":["Night Terror","PiercingWail"]}],"is_beta":false,"boss_relics":[],"items_purged_floors":[],"is_endless":false,"potions_floor_spawned":[8,10,11],"ascension_level":0}