{"gold_per_floor":[115,115,37,37,53,79,90,104,104,104,104,104,117,129,129,233,233,243,243,168,179,78,78,78,93,117,216,234,234,234,247,247,247],"floor_reached":33,"playtime":3390,"items_purged":["Decay"],"score":247,"play_id":"a52ed727-2196-4c88-b452-782bf98f7c59","local_time":"20190728045855","is_ascension_mode":false,"campfire_choices":[{"data":"Bouncing Flask","floor":10,"key":"SMITH"},{"floor":15,"key":"REST"},{"data":"Adrenaline","floor":23,"key":"SMITH"},{"data":"Bouncing Flask","floor":30,"key":"SMITH"},{"floor":32,"key":"REST"}],"neow_cost":"NONE","seed_source_timestamp":116093615831966,"circlet_count":0,"master_deck":["Strike_G","Strike_G","Strike_G","Strike_G","Strike_G","Defend_G","Defend_G","Defend_G","Defend_G","Defend_G+1","Survivor+1","Neutralize","Deadly Poison","Escape Plan","Deadly Poison","Bane","Bouncing Flask+1","Deadly Poison","Terror","Adrenaline+1","Parasite","Writhe","Flying Knee+1","Bouncing Flask+1","Glass Knife+1","Poisoned Stab+1","Bane+1","Catalyst+1","Catalyst"],"relics":["Ring of the Snake","War Paint","Anchor","Gremlin Horn","Calling Bell","Vajra","Molten Egg 2","Du-Vu Doll","Enchiridion","Potion Belt","Mercury Hourglass"],"potions_floor_usage":[6,6,16,21,28,28,33],"damage_taken":[{"damage":0,"enemies":"Jaw Worm","floor":1,"turns":4},{"damage":0,"enemies":"Cultist","floor":5,"turns":4},{"damage":8,"enemies":"3 Sentries","floor":6,"turns":8},{"damage":0,"enemies":"2 Louse","floor":7,"turns":2},{"damage":7,"enemies":"Blue Slaver","floor":8,"turns":3},{"damage":13,"enemies":"Large Slime","floor":13,"turns":5},{"damage":1,"enemies":"2 Fungi Beasts","floor":14,"turns":2},{"damage":13,"enemies":"The Guardian","floor":16,"turns":7},{"damage":16,"enemies":"Spheric Guardian","floor":18,"turns":4},{"damage":2,"enemies":"Chosen","floor":21,"turns":4},{"damage":6,"enemies":"Snake Plant","floor":25,"turns":2},{"damage":8,"enemies":"Shelled Parasite and Fungi","floor":28,"turns":4},{"damage":8,"enemies":"3 Cultists","floor":31,"turns":4},{"damage":95,"enemies":"Automaton","floor":33,"turns":6}],"seed_played":"-2438693033925624151","potions_obtained":[{"floor":1,"key":"Block Potion"},{"floor":2,"key":"AttackPotion"},{"floor":2,"key":"SmokeBomb"},{"floor":8,"key":"PowerPotion"},{"floor":14,"key":"Dexterity Potion"},{"floor":16,"key":"SkillPotion"},{"floor":25,"key":"Fire Potion"},{"floor":28,"key":"Regen Potion"}],"is_trial":false,"path_per_floor":["M","?","$","$","M","E","M","M","T","R","?","?","M","M","R","B",null,"M","?","?","M","$","R","?","M","T","?","M","T","R","M","R","B"],"character_chosen":"THE_SILENT","items_purchased":["Escape Plan","Poisoned Stab+1"],"campfire_rested":2,"item_purchase_floors":[3,22],"current_hp_per_floor":[77,77,77,77,77,69,69,62,62,62,62,50,37,36,59,46,77,61,61,61,59,59,59,43,37,37,37,29,29,29,21,44,0],"gold":247,"neow_bonus":"TEN_PERCENT_HP_BONUS","is_prod":false,"is_daily":false,"chose_seed":false,"campfire_upgraded":3,"win_rate":0.0,"timestamp":1564282735,"path_taken":["M","?","?","$","M","E","?","M","T","R","?","?","M","M","R","BOSS","M","?","?","M","$","R","?","M","T","?","M","?","R","M","R","BOSS"],"build_version":"2019-07-17","purchased_purges":1,"victory":false,"max_hp_per_floor":[77,77,77,77,77,77,77,77,77,77,77,77,77,77,77,77,77,77,77,77,77,77,77,77,77,77,77,77,77,77,77,77,77],"card_choices":[{"not_picked":["Finisher","Sucker Punch"],"picked":"Deadly Poison","floor":1},{"not_picked":["Slice","Caltrops"],"picked":"Deadly Poison","floor":5},{"not_picked":["Predator","Flechettes"],"picked":"Bane","floor":6},{"not_picked":["Slice","Prepared"],"picked":"Bouncing Flask","floor":7},{"not_picked":["Deflect","Riddle With Holes"],"picked":"Deadly Poison","floor":8},{"not_picked":["Masterful Stab","Underhanded Strike","Prepared"],"picked":"SKIP","floor":13},{"not_picked":["Footwork","Underhanded Strike"],"picked":"Terror","floor":14},{"not_picked":["Bullet Time","Doppelganger"],"picked":"Adrenaline","floor":16},{"not_picked":["Deflect","Outmaneuver"],"picked":"Flying Knee+1","floor":18},{"not_picked":["Dagger Spray+1","Slice+1"],"picked":"Glass Knife+1","floor":21},{"not_picked":["Underhanded Strike+1","Leg Sweep+1"],"picked":"Bane+1","floor":25},{"not_picked":["Endless Agony+1","Eviscerate+1"],"picked":"Catalyst+1","floor":28},{"not_picked":["Deflect+1","Underhanded Strike+1"],"picked":"Catalyst","floor":31}],"player_experience":56759,"relics_obtained":[{"floor":6,"key":"War Paint"},{"floor":9,"key":"Anchor"},{"floor":17,"key":"Vajra"},{"floor":17,"key":"Molten Egg 2"},{"floor":17,"key":"Du-Vu Doll"},{"floor":24,"key":"Enchiridion"},{"floor":26,"key":"Potion Belt"},{"floor":29,"key":"Mercury Hourglass"}],"event_choices":[{"damage_healed":0,"gold_gain":0,"player_choice":"Got Potions","damage_taken":0,"max_hp_gain":0,"max_hp_loss":0,"event_name":"Lab","floor":2,"gold_loss":0},{"damage_healed":0,"gold_gain":0,"player_choice":"Box","damage_taken":0,"relics_obtained":["Gremlin Horn"],"max_hp_gain":0,"max_hp_loss":0,"event_name":"Big Fish","floor":11,"gold_loss":0,"cards_obtained":["Regret"]},{"damage_healed":0,"gold_gain":0,"player_choice":"Fled","damage_taken":12,"max_hp_gain":0,"max_hp_loss":0,"event_name":"Scrap Ooze","floor":12,"gold_loss":0},{"damage_healed":0,"gold_gain":0,"player_choice":"Read","damage_taken":0,"max_hp_gain":0,"max_hp_loss":0,"event_name":"The Library","floor":19,"gold_loss":0,"cards_obtained":["Bouncing Flask"]},{"cards_removed":["Regret"],"damage_healed":0,"gold_gain":0,"player_choice":"Gave Gold","damage_taken":0,"max_hp_gain":0,"max_hp_loss":0,"event_name":"Beggar","floor":20,"gold_loss":75},{"damage_healed":0,"gold_gain":0,"player_choice":"Obtained Book","damage_taken":16,"max_hp_gain":0,"max_hp_loss":0,"event_name":"Cursed Tome","floor":24,"gold_loss":0},{"damage_healed":0,"gold_gain":99,"player_choice":"Stole From Cult","damage_taken":0,"max_hp_gain":0,"max_hp_loss":0,"event_name":"Nest","floor":27,"gold_loss":0}],"is_beta":false,"boss_relics":[{"not_picked":["Philosopher\u0027s Stone","Ring of the Serpent"],"picked":"Calling Bell"}],"items_purged_floors":[22],"is_endless":false,"potions_floor_spawned":[1,8,14,16,25,28],"killed_by":"Automaton","ascension_level":0}