{"gold_per_floor":[117,117,39,39,39,39,77,92,92,92,112,133,133],"floor_reached":13,"playtime":227,"items_purged":[],"score":216,"play_id":"f1461ba2-08a6-4399-96f8-ae1278e4b72a","local_time":"20190709162321","is_ascension_mode":true,"campfire_choices":[{"data":"Bouncing Flask","floor":6.0,"key":"SMITH"},{"data":"Noxious Fumes","floor":10.0,"key":"SMITH"}],"neow_cost":"NONE","seed_source_timestamp":87973506503244,"circlet_count":0,"master_deck":["AscendersBane","Strike_G","Strike_G","Strike_G","Strike_G","Defend_G","Defend_G","Defend_G","Defend_G","Defend_G","Survivor","Neutralize","Bouncing Flask+1","After Image","Noxious Fumes+1"],"special_seed":0,"relics":["Ring of the Snake","NeowsBlessing","Regal Pillow","Golden Idol","Dream Catcher","Pantograph"],"potions_floor_usage":[13],"damage_taken":[{"damage":0.0,"enemies":"Small Slimes","floor":1.0,"turns":1.0},{"damage":0.0,"enemies":"Gremlin Nob","floor":7.0,"turns":1.0},{"damage":0.0,"enemies":"Jaw Worm","floor":8.0,"turns":1.0},{"damage":0.0,"enemies":"Cultist","floor":11.0,"turns":5.0},{"damage":19.0,"enemies":"Large Slime","floor":12.0,"turns":6.0},{"damage":0,"enemies":"3 Louse","floor":13,"turns":1}],"seed_played":"7723557035389721551","potions_obtained":[{"floor":7.0,"key":"PowerPotion"},{"floor":8.0,"key":"Strength Potion"}],"is_trial":false,"path_per_floor":["M","?","$","?","?","R","E","M","T","R","M","M","M"],"character_chosen":"THE_SILENT","items_purchased":["Bouncing Flask"],"campfire_rested":0,"item_purchase_floors":[3],"current_hp_per_floor":[59,54,54,47,47,47,47,47,47,47,47,28,28],"gold":133,"neow_bonus":"THREE_ENEMY_KILL","is_prod":false,"is_daily":false,"chose_seed":false,"campfire_upgraded":2,"win_rate":0,"timestamp":1562660601,"path_taken":["M","?","$","?","?","R","E","M","T","R","M","M","M"],"build_version":"2019-07-05","purchased_purges":0,"victory":false,"max_hp_per_floor":[66,66,66,66,60,60,60,60,60,60,60,60,60],"card_choices":[{"not_picked":["Outmaneuver","Choke","Quick Slash"],"picked":"SKIP","floor":1.0},{"not_picked":["Dagger Spray","Cloak And Dagger"],"picked":"After Image","floor":7.0},{"not_picked":["Deadly Poison","Poisoned Stab"],"picked":"Noxious Fumes","floor":8.0},{"not_picked":["Quick Slash","Accuracy","Bane"],"picked":"SKIP","floor":11.0},{"not_picked":["Leg Sweep","Flying Knee","Poisoned Stab"],"picked":"SKIP","floor":12.0},{"not_picked":["Leg Sweep","Flying Knee","Poisoned Stab"],"picked":"SKIP","floor":12.0}],"player_experience":1077612,"relics_obtained":[{"floor":7.0,"key":"Dream Catcher"},{"floor":9.0,"key":"Pantograph"}],"event_choices":[{"damage_healed":0.0,"max_hp_gain":0.0,"max_hp_loss":0.0,"gold_gain":0.0,"event_name":"Scrap Ooze","player_choice":"Success","floor":2.0,"gold_loss":0.0,"damage_taken":5.0,"relics_obtained":["Regal Pillow"]},{"cards_removed":["Strike_G"],"damage_healed":0.0,"max_hp_gain":0.0,"max_hp_loss":0.0,"gold_gain":0.0,"event_name":"Golden Wing","player_choice":"Card Removal","floor":4.0,"gold_loss":0.0,"damage_taken":7.0},{"damage_healed":0.0,"max_hp_gain":0.0,"max_hp_loss":6.0,"gold_gain":0.0,"event_name":"Golden Idol","player_choice":"Lose Max HP","floor":5.0,"gold_loss":0.0,"damage_taken":0.0,"relics_obtained":["Golden Idol"]}],"is_beta":false,"boss_relics":[],"items_purged_floors":[],"is_endless":false,"potions_floor_spawned":[7,8],"killed_by":"3 Louse","ascension_level":20}