{"gold_per_floor":[114,64,64,79,92,92,104,104,158,158,172,0,32,52,52,152,152,165,165,181,181,191,191,208,208,208,208,208,228,238,267,267,366,366,376,395,128,146,146,176,176,211,211,211,225,205,215,215,215,215],"floor_reached":51,"playtime":3175,"items_purged":["Strike_B","Multi-Cast"],"score":1006,"play_id":"eb31d0fc-cdf0-4ba3-8a0d-ea21bbff8eb8","local_time":"20190805104523","is_ascension_mode":true,"campfire_choices":[{"data":"Auto Shields","floor":6.0,"key":"SMITH"},{"data":"Defend_B","floor":8.0,"key":"SMITH"},{"data":"Defend_B","floor":10.0,"key":"SMITH"},{"data":"Defragment","floor":15.0,"key":"SMITH"},{"data":"Sunder","floor":23.0,"key":"SMITH"},{"data":"Biased Cognition","floor":25.0,"key":"SMITH"},{"data":"Static Discharge","floor":27.0,"key":"SMITH"},{"data":"Coolheaded","floor":32.0,"key":"SMITH"},{"data":"Loop","floor":41.0,"key":"SMITH"},{"data":"Capacitor","floor":44.0,"key":"SMITH"},{"data":"Seek","floor":49.0,"key":"SMITH"}],"neow_cost":"NONE","seed_source_timestamp":2206617099923000,"circlet_count":0,"master_deck":["Defend_B","Defend_B","Defend_B+1","Defend_B+1","Zap+1","Dualcast+1","BootSequence","Rebound","Auto Shields+1","Ball Lightning","Sunder+1","Defragment+1","Leap","Genetic Algorithm","Leap","Biased Cognition+1","Static Discharge+1","Chill","White Noise","Consume+1","Ball Lightning","Coolheaded+1","Seek+1","Capacitor+1","Ball Lightning+1","Glacier","Loop+1","Coolheaded","Force Field+1","Decay","Redo+1"],"special_seed":0,"relics":["Cracked Core","Tiny Chest","Boot","Odd Mushroom","Eternal Feather","Mummified Hand","DataDisk","Cursed Key","Orichalcum","Juzu Bracelet","Bag of Preparation"],"potions_floor_usage":[50,50,50],"damage_taken":[{"damage":0.0,"enemies":"2 Louse","floor":1.0,"turns":1.0},{"damage":0.0,"enemies":"Jaw Worm","floor":4.0,"turns":3.0},{"damage":1.0,"enemies":"Cultist","floor":5.0,"turns":3.0},{"damage":0.0,"enemies":"Blue Slaver","floor":7.0,"turns":3.0},{"damage":0.0,"enemies":"Exordium Wildlife","floor":11.0,"turns":3.0},{"damage":3.0,"enemies":"Lagavulin","floor":13.0,"turns":6.0},{"damage":0.0,"enemies":"The Mushroom Lair","floor":14.0,"turns":3.0},{"damage":15.0,"enemies":"Hexaghost","floor":16.0,"turns":11.0},{"damage":6.0,"enemies":"Shell Parasite","floor":18.0,"turns":6.0},{"damage":0.0,"enemies":"3 Byrds","floor":20.0,"turns":5.0},{"damage":0.0,"enemies":"Shelled Parasite and Fungi","floor":22.0,"turns":10.0},{"damage":2.0,"enemies":"3 Cultists","floor":24.0,"turns":5.0},{"damage":8.0,"enemies":"Centurion and Healer","floor":29.0,"turns":5.0},{"damage":17.0,"enemies":"Snake Plant","floor":30.0,"turns":4.0},{"damage":5.0,"enemies":"Slavers","floor":31.0,"turns":3.0},{"damage":54.0,"enemies":"Collector","floor":33.0,"turns":12.0},{"damage":0.0,"enemies":"Orb Walker","floor":35.0,"turns":4.0},{"damage":3.0,"enemies":"3 Shapes","floor":36.0,"turns":6.0},{"damage":0.0,"enemies":"Maw","floor":38.0,"turns":8.0},{"damage":4.0,"enemies":"Giant Head","floor":40.0,"turns":9.0},{"damage":30.0,"enemies":"Reptomancer","floor":42.0,"turns":5.0},{"damage":33.0,"enemies":"Jaw Worm Horde","floor":45.0,"turns":4.0},{"damage":0.0,"enemies":"3 Darklings","floor":47.0,"turns":7.0},{"damage":0,"enemies":"Donu and Deca","floor":50,"turns":9}],"seed_played":"158372385881731550","potions_obtained":[{"floor":1.0,"key":"Block Potion"},{"floor":5.0,"key":"Dexterity Potion"},{"floor":13.0,"key":"Strength Potion"},{"floor":14.0,"key":"Regen Potion"},{"floor":24.0,"key":"Ancient Potion"},{"floor":30.0,"key":"SteroidPotion"},{"floor":31.0,"key":"SneckoOil"},{"floor":35.0,"key":"Energy Potion"},{"floor":45.0,"key":"LiquidBronze"},{"floor":46.0,"key":"Poison Potion"},{"floor":47.0,"key":"PowerPotion"}],"is_trial":false,"path_per_floor":["M","?","?","M","M","R","M","R","T","R","M","$","E","?","R","B",null,"M","?","M","?","M","R","M","R","T","R","?","M","M","E","R","B",null,"M","M","$","M","?","E","R","E","T","R","M","?","M","?","R","B",null],"character_chosen":"DEFECT","items_purchased":["Defragment","Leap","Glacier","Loop","Coolheaded"],"campfire_rested":0,"item_purchase_floors":[12,12,37,37,37],"current_hp_per_floor":[68,68,68,68,67,67,67,67,67,67,67,67,64,64,64,49,69,63,63,63,49,49,61,59,71,71,80,80,72,55,50,62,8,62,62,74,74,74,74,70,80,50,50,68,35,35,35,70,70,70],"gold":215,"neow_bonus":"UPGRADE_CARD","is_prod":false,"is_daily":false,"chose_seed":false,"campfire_upgraded":11,"win_rate":0,"timestamp":1565023523,"path_taken":["M","?","?","M","M","R","?","R","T","R","M","$","E","?","R","BOSS","M","?","M","?","?","R","M","R","T","R","?","M","M","E","R","BOSS","M","?","$","M","?","E","R","E","T","R","M","?","M","?","R","BOSS"],"build_version":"2019-07-18","purchased_purges":2,"victory":true,"max_hp_per_floor":[75,75,75,75,75,75,75,75,75,75,75,75,75,75,75,75,75,75,75,75,80,80,80,80,80,80,80,80,80,80,80,80,80,80,80,80,80,80,80,80,80,80,80,80,80,80,80,70,70,70],"card_choices":[{"not_picked":["Skim","Static Discharge"],"picked":"BootSequence","floor":1.0},{"not_picked":["Reprogram","Aggregate"],"picked":"Rebound","floor":4.0},{"not_picked":["Turbo","Conserve Battery"],"picked":"Auto Shields","floor":5.0},{"not_picked":["Steam","Coolheaded"],"picked":"Ball Lightning","floor":7.0},{"not_picked":["Chaos","Gash"],"picked":"Sunder","floor":11.0},{"not_picked":["Redo","Compile Driver"],"picked":"Genetic Algorithm","floor":13.0},{"not_picked":["Steam","Double Energy"],"picked":"Leap","floor":14.0},{"not_picked":["Core Surge","Hyperbeam"],"picked":"Biased Cognition","floor":16.0},{"not_picked":["Gash","Double Energy+1"],"picked":"Cold Snap","floor":18.0},{"not_picked":["Redo","Hologram"],"picked":"Chill","floor":20.0},{"not_picked":["Recycle+1","Coolheaded"],"picked":"White Noise","floor":22.0},{"not_picked":["Turbo","Redo"],"picked":"Consume+1","floor":24.0},{"not_picked":["Chaos","Aggregate","Gash"],"picked":"SKIP","floor":29.0},{"not_picked":["Hyperbeam","Leap+1"],"picked":"Ball Lightning","floor":30.0},{"not_picked":["Cold Snap","Beam Cell"],"picked":"Coolheaded","floor":31.0},{"not_picked":["Multi-Cast","Fission"],"picked":"Seek","floor":33.0},{"not_picked":["Skim+1","Ball Lightning+1"],"picked":"Capacitor","floor":35.0},{"not_picked":["Aggregate","Cold Snap"],"picked":"Ball Lightning+1","floor":36.0},{"not_picked":["Sweeping Beam","Gash+1","Meteor Strike"],"picked":"SKIP","floor":38.0},{"not_picked":["Fusion+1","Aggregate"],"picked":"Force Field+1","floor":40.0},{"not_picked":["Steam","Heatsinks+1","Tempest"],"picked":"SKIP","floor":42.0},{"not_picked":["Steam","Heatsinks+1","Tempest"],"picked":"SKIP","floor":42.0},{"not_picked":["Beam Cell+1","Doom and Gloom","Sweeping Beam"],"picked":"SKIP","floor":45.0},{"not_picked":["Coolheaded","Darkness+1"],"picked":"Redo+1","floor":47.0}],"player_experience":138025,"relics_obtained":[{"floor":9.0,"key":"Tiny Chest"},{"floor":13.0,"key":"Boot"},{"floor":14.0,"key":"Odd Mushroom"},{"floor":26.0,"key":"Mummified Hand"},{"floor":31.0,"key":"DataDisk"},{"floor":40.0,"key":"Orichalcum"},{"floor":42.0,"key":"Juzu Bracelet"},{"floor":43.0,"key":"Bag of Preparation"}],"event_choices":[{"cards_removed":["Strike_B"],"damage_healed":0.0,"max_hp_gain":0.0,"max_hp_loss":0.0,"gold_gain":0.0,"event_name":"The Cleric","player_choice":"Card Removal","floor":2.0,"gold_loss":50.0,"damage_taken":0.0},{"damage_healed":0.0,"max_hp_gain":0.0,"max_hp_loss":0.0,"gold_gain":0.0,"event_name":"Upgrade Shrine","player_choice":"Upgraded","floor":3.0,"gold_loss":0.0,"damage_taken":0.0,"cards_upgraded":["Dualcast"]},{"damage_healed":0.0,"max_hp_gain":0.0,"max_hp_loss":0.0,"gold_gain":0.0,"event_name":"Mushrooms","player_choice":"Fought Mushrooms","floor":14.0,"gold_loss":0.0,"damage_taken":0.0},{"damage_healed":0.0,"max_hp_gain":0.0,"max_hp_loss":0.0,"gold_gain":0.0,"cards_transformed":["Strike_B","Strike_B"],"event_name":"Drug Dealer","player_choice":"Became Test Subject","floor":19.0,"gold_loss":0.0,"damage_taken":0.0,"cards_obtained":["Static Discharge","Multi-Cast"]},{"damage_healed":0.0,"max_hp_gain":5.0,"max_hp_loss":0.0,"gold_gain":0.0,"event_name":"Forgotten Altar","player_choice":"Shed Blood","floor":21.0,"gold_loss":0.0,"damage_taken":19.0},{"damage_healed":0.0,"max_hp_gain":0.0,"max_hp_loss":0.0,"gold_gain":0.0,"event_name":"Wheel of Change","player_choice":"Full Heal","floor":28.0,"gold_loss":0.0,"damage_taken":0.0},{"cards_removed":["Cold Snap"],"damage_healed":0.0,"max_hp_gain":0.0,"max_hp_loss":0.0,"gold_gain":0.0,"event_name":"Falling","player_choice":"Removed Attack","floor":39.0,"gold_loss":0.0,"damage_taken":0.0},{"damage_healed":0.0,"max_hp_gain":0.0,"max_hp_loss":0.0,"gold_gain":0.0,"event_name":"The Woman in Blue","player_choice":"Bought 1 Potion","floor":46.0,"gold_loss":0.0,"damage_taken":0.0},{"damage_healed":70.0,"max_hp_gain":0.0,"max_hp_loss":10.0,"gold_gain":0.0,"event_name":"The Moai Head","player_choice":"Heal","floor":48.0,"gold_loss":0.0,"damage_taken":0.0}],"is_beta":true,"boss_relics":[{"not_picked":["Calling Bell","Fusion Hammer"],"picked":"Eternal Feather"},{"not_picked":["Empty Cage","White Beast Statue"],"picked":"Cursed Key"}],"items_purged_floors":[12,37],"is_endless":false,"potions_floor_spawned":[1,5,13,14,24,30,31,35,45,47],"ascension_level":7}