{"gold_per_floor":[113,1,1,1,17,46,46,61,85,103,117,117,136,147,147,147],"floor_reached":16,"playtime":424,"items_purged":[],"score":258,"play_id":"ce5eb252-abd7-46f2-b885-6c2e01944590","local_time":"20190516161521","is_ascension_mode":true,"campfire_choices":[{"data":"True Grit","floor":7.0,"key":"SMITH"},{"data":"Rampage","floor":15,"key":"SMITH"}],"neow_cost":"NONE","seed_source_timestamp":2097904051838219,"circlet_count":0,"master_deck":["AscendersBane","Strike_R","Strike_R","Strike_R","Strike_R","Strike_R","Defend_R","Defend_R","Defend_R","Defend_R","Bash","Rampage+1","Evolve","True Grit+1","Shrug It Off","Offering","Burning Pact"],"special_seed":0,"relics":["Burning Blood","NeowsBlessing","Dream Catcher","Omamori","Ornamental Fan"],"potions_floor_usage":[14,16],"damage_taken":[{"damage":0.0,"enemies":"Jaw Worm","floor":1.0,"turns":1.0},{"damage":0.0,"enemies":"2 Louse","floor":5.0,"turns":1.0},{"damage":0.0,"enemies":"Gremlin Nob","floor":6.0,"turns":1.0},{"damage":1.0,"enemies":"Cultist","floor":8.0,"turns":4.0},{"damage":13.0,"enemies":"Large Slime","floor":10.0,"turns":6.0},{"damage":24,"enemies":"2 Fungi Beasts","floor":11,"turns":5},{"damage":32,"enemies":"Exordium Thugs","floor":13,"turns":7},{"damage":8,"enemies":"3 Louse","floor":14,"turns":4},{"damage":17,"enemies":"Hexaghost","floor":16,"turns":7}],"seed_played":"1860789660381319668","potions_obtained":[{"floor":1.0,"key":"Strength Potion"},{"floor":6.0,"key":"AttackPotion"},{"floor":11,"key":"Explosive Potion"},{"floor":13,"key":"Weak Potion"}],"is_trial":false,"path_per_floor":["M","$","?","?","M","E","R","M","T","M","M","T","M","M","R","B"],"character_chosen":"IRONCLAD","items_purchased":["Evolve","True Grit"],"campfire_rested":0,"item_purchase_floors":[2,2],"current_hp_per_floor":[74,74,74,74,75,75,75,75,75,68,50,50,24,22,22,5],"gold":147,"neow_bonus":"THREE_ENEMY_KILL","is_prod":false,"is_daily":false,"chose_seed":false,"campfire_upgraded":2,"win_rate":0,"timestamp":1557994521,"path_taken":["M","$","?","?","M","E","R","M","T","M","M","?","?","M","R","BOSS"],"build_version":"2019-01-23","purchased_purges":0,"victory":false,"max_hp_per_floor":[75,75,75,75,75,75,75,75,75,75,75,75,75,75,75,75],"card_choices":[{"not_picked":["Hemokinesis","Thunderclap"],"picked":"Rampage","floor":1.0},{"not_picked":["Body Slam","Anger","Combust"],"picked":"SKIP","floor":5.0},{"not_picked":["Rage","Uppercut","Bludgeon"],"picked":"SKIP","floor":6.0},{"not_picked":["Headbutt","Perfected Strike","Thunderclap"],"picked":"SKIP","floor":8.0},{"not_picked":["Spot Weakness","Seeing Red","Sever Soul"],"picked":"SKIP","floor":10.0},{"not_picked":["Wild Strike","Headbutt"],"picked":"Shrug It Off","floor":11},{"not_picked":["Cleave","Pommel Strike"],"picked":"Offering","floor":13},{"not_picked":["Havoc","Headbutt"],"picked":"Burning Pact","floor":14}],"player_experience":853183,"relics_obtained":[{"floor":6.0,"key":"Dream Catcher"},{"floor":9.0,"key":"Omamori"},{"floor":12,"key":"Ornamental Fan"}],"event_choices":[{"damage_healed":0.0,"max_hp_gain":0.0,"max_hp_loss":0.0,"gold_gain":0.0,"event_name":"Liars Game","player_choice":"Ignored","floor":3.0,"gold_loss":0.0,"damage_taken":0.0},{"damage_healed":0.0,"max_hp_gain":0.0,"max_hp_loss":0.0,"gold_gain":0.0,"event_name":"The Cleric","player_choice":"Leave","floor":4.0,"gold_loss":0.0,"damage_taken":0.0}],"is_beta":false,"boss_relics":[],"items_purged_floors":[],"is_endless":false,"potions_floor_spawned":[1,6,11,13],"killed_by":"Hexaghost","ascension_level":20}