{"gold_per_floor":[117,130,280,280,60,85,10,26,78,98,98,111,111,131,131,202,202,221,121,121,121,121],"floor_reached":22,"playtime":488,"items_purged":["Strike_G","Pain"],"score":418,"play_id":"5fa00196-7d0e-4b20-ac15-5dcefd730b5a","local_time":"20190715093201","is_ascension_mode":true,"campfire_choices":[{"data":"Whirlwind","floor":15.0,"key":"SMITH"}],"neow_cost":"NONE","seed_source_timestamp":333800452381453,"circlet_count":0,"master_deck":["AscendersBane","Strike_G+1","Defend_G","Defend_G+1","Defend_G","Defend_G","Defend_G+1","Survivor","Neutralize+1","Bouncing Flask","Sword Boomerang","Recycle","Deep Breath","Whirlwind+1","Hyperbeam","Clumsy","Clumsy","Calculated Gamble","Expertise","Wraith Form v2"],"special_seed":0,"relics":["Ring of the Snake","NeowsBlessing","PrismaticShard","Whetstone","Juzu Bracelet","Calling Bell","War Paint","Mummified Hand","Incense Burner"],"potions_floor_usage":[],"damage_taken":[{"damage":0.0,"enemies":"2 Louse","floor":1.0,"turns":1.0},{"damage":0.0,"enemies":"Small Slimes","floor":2.0,"turns":1.0},{"damage":0.0,"enemies":"3 Sentries","floor":6.0,"turns":1.0},{"damage":0.0,"enemies":"Jaw Worm","floor":8.0,"turns":3.0},{"damage":13.0,"enemies":"3 Louse","floor":10.0,"turns":4.0},{"damage":9.0,"enemies":"Gremlin Gang","floor":12.0,"turns":6.0},{"damage":5.0,"enemies":"Blue Slaver","floor":14.0,"turns":3.0},{"damage":6.0,"enemies":"Slime Boss","floor":16.0,"turns":6.0},{"damage":41,"enemies":"3 Byrds","floor":18,"turns":6},{"damage":0,"enemies":"Spheric Guardian","floor":22,"turns":1}],"seed_played":"-2770948473331334467","potions_obtained":[{"floor":6.0,"key":"Block Potion"},{"floor":8.0,"key":"SteroidPotion"},{"floor":10.0,"key":"PowerPotion"}],"is_trial":false,"path_per_floor":["M","M","?","?","$","E","$","M","T","M","?","M","?","M","R","B",null,"M","$","?","?","M"],"character_chosen":"THE_SILENT","items_purchased":["PrismaticShard"],"campfire_rested":0,"item_purchase_floors":[5],"current_hp_per_floor":[59,59,59,59,59,59,59,59,59,46,42,33,33,28,28,22,55,14,14,14,14,14],"gold":121,"neow_bonus":"THREE_ENEMY_KILL","is_prod":false,"is_daily":false,"chose_seed":false,"campfire_upgraded":1,"win_rate":0,"timestamp":1563154321,"path_taken":["M","M","?","?","$","E","$","?","T","M","?","M","?","M","R","BOSS","M","$","?","?","M"],"build_version":"2019-07-05","purchased_purges":2,"victory":false,"max_hp_per_floor":[66,66,66,66,66,66,66,66,66,66,66,66,66,66,66,66,66,66,66,66,66,66],"card_choices":[{"not_picked":["Underhanded Strike","PiercingWail","Blade Dance"],"picked":"SKIP","floor":1.0},{"not_picked":["Flying Knee","Masterful Stab"],"picked":"Bouncing Flask","floor":2.0},{"not_picked":["Rupture","Hemokinesis"],"picked":"Sword Boomerang","floor":6.0},{"not_picked":["Hemokinesis","Blade Dance","Blind"],"picked":"SKIP","floor":8.0},{"not_picked":["Gash","Poisoned Stab"],"picked":"Recycle","floor":10.0},{"not_picked":["Compile Driver","Aggregate"],"picked":"Deep Breath","floor":12.0},{"not_picked":["Impatience","Hologram"],"picked":"Whirlwind","floor":14.0},{"not_picked":["Wraith Form v2","Tools of the Trade"],"picked":"Hyperbeam","floor":16.0},{"not_picked":["Clothesline","Reinforced Body"],"picked":"Calculated Gamble","floor":18}],"player_experience":1110473,"relics_obtained":[{"floor":6.0,"key":"Whetstone"},{"floor":9.0,"key":"Juzu Bracelet"},{"floor":17.0,"key":"War Paint"},{"floor":17.0,"key":"Mummified Hand"},{"floor":17.0,"key":"Incense Burner"}],"event_choices":[{"damage_healed":0.0,"max_hp_gain":0.0,"max_hp_loss":0.0,"gold_gain":150.0,"event_name":"Liars Game","player_choice":"AGREE","floor":3.0,"gold_loss":0.0,"damage_taken":0.0,"cards_obtained":["Doubt"]},{"cards_removed":["Doubt"],"damage_healed":0.0,"max_hp_gain":0.0,"max_hp_loss":0.0,"gold_gain":0.0,"event_name":"Living Wall","player_choice":"Forget","floor":4.0,"gold_loss":0.0,"damage_taken":0.0},{"damage_healed":0.0,"max_hp_gain":0.0,"max_hp_loss":0.0,"gold_gain":0.0,"event_name":"The Woman in Blue","player_choice":"Bought 0 Potions","floor":11.0,"gold_loss":0.0,"damage_taken":0.0},{"damage_healed":0.0,"max_hp_gain":0.0,"max_hp_loss":0.0,"gold_gain":0.0,"event_name":"Dead Adventurer","player_choice":"Searched \u00271\u0027 times","floor":13.0,"gold_loss":0.0,"damage_taken":0.0},{"cards_removed":["Strike_G"],"damage_healed":0,"gold_gain":0,"player_choice":"Elegance","damage_taken":0,"max_hp_gain":0,"max_hp_loss":0,"event_name":"Back to Basics","floor":20,"gold_loss":0},{"damage_healed":0,"gold_gain":0,"cards_transformed":["Strike_G","Strike_G"],"player_choice":"Became Test Subject","damage_taken":0,"max_hp_gain":0,"max_hp_loss":0,"event_name":"Drug Dealer","floor":21,"gold_loss":0,"cards_obtained":["Expertise","Wraith Form v2"]}],"is_beta":false,"boss_relics":[{"not_picked":["Lizard Tail","White Beast Statue"],"picked":"Calling Bell"}],"items_purged_floors":[7,19],"is_endless":false,"potions_floor_spawned":[6,8,10,12],"killed_by":"Spheric Guardian","ascension_level":20}