{"gold_per_floor":[118,130,140,140,51,51,67,98,121,141,141,141,181,202,202,295,295,315,365,415,399,417,417,437,437],"floor_reached":25,"playtime":987,"items_purged":[],"score":530,"play_id":"88a0f069-deab-460c-abfc-ada97b24354b","local_time":"20190524230132","is_ascension_mode":true,"campfire_choices":[{"data":"Streamline","floor":6.0,"key":"SMITH"},{"floor":12.0,"key":"REST"},{"data":"Loop","floor":15.0,"key":"SMITH"},{"data":"Turbo","floor":23.0,"key":"SMITH"}],"neow_cost":"TEN_PERCENT_HP_LOSS","seed_source_timestamp":302305715053552,"circlet_count":0,"master_deck":["AscendersBane","Strike_B+1","Strike_B","Defend_B","Defend_B","Defend_B","Defend_B","Zap","Dualcast","Heatsinks","Stack","Glacier+1","Streamline+1","Coolheaded","Turbo+1","Electrodynamics","Loop+1","Skim","Echo Form"],"special_seed":0,"relics":["Cracked Core","Blood Vial","Pen Nib","Golden Idol","Smiling Mask","Runic Dome"],"potions_floor_usage":[25],"damage_taken":[{"damage":3.0,"enemies":"Jaw Worm","floor":1.0,"turns":5.0},{"damage":1.0,"enemies":"Small Slimes","floor":2.0,"turns":4.0},{"damage":1.0,"enemies":"Cultist","floor":3.0,"turns":3.0},{"damage":1.0,"enemies":"Looter","floor":7.0,"turns":3.0},{"damage":17.0,"enemies":"3 Sentries","floor":8.0,"turns":11.0},{"damage":8.0,"enemies":"Exordium Wildlife","floor":10.0,"turns":3.0},{"damage":23.0,"enemies":"Lagavulin","floor":13.0,"turns":8.0},{"damage":0.0,"enemies":"Lots of Slimes","floor":14.0,"turns":1.0},{"damage":0.0,"enemies":"Slime Boss","floor":16.0,"turns":7.0},{"damage":15.0,"enemies":"Shell Parasite","floor":18.0,"turns":9.0},{"damage":15.0,"enemies":"2 Thieves","floor":21.0,"turns":4.0},{"damage":6.0,"enemies":"Centurion and Healer","floor":22.0,"turns":7.0},{"damage":14.0,"enemies":"3 Cultists","floor":24.0,"turns":5.0},{"damage":11,"enemies":"Snecko","floor":25,"turns":2}],"seed_played":"-7204195261841878249","potions_obtained":[{"floor":2.0,"key":"Block Potion"},{"floor":8.0,"key":"Regen Potion"},{"floor":13.0,"key":"FocusPotion"},{"floor":16.0,"key":"Weak Potion"},{"floor":22.0,"key":"Ancient Potion"}],"is_trial":false,"path_per_floor":["M","M","M","?","$","R","M","E","T","M","?","R","E","M","R","B",null,"M","?","?","M","M","R","M","M"],"character_chosen":"DEFECT","items_purchased":["Coolheaded","Turbo"],"campfire_rested":1,"item_purchase_floors":[5,5],"current_hp_per_floor":[61,60,59,40,40,40,39,22,22,16,16,33,27,29,29,31,51,38,38,38,25,21,21,9,0],"gold":437,"neow_bonus":"TRANSFORM_TWO_CARDS","is_prod":false,"is_daily":false,"chose_seed":false,"campfire_upgraded":3,"win_rate":0,"timestamp":1558710092,"path_taken":["M","M","M","?","$","R","M","E","T","M","?","R","E","M","R","BOSS","M","?","?","M","?","R","M","M"],"build_version":"2019-01-23","purchased_purges":0,"victory":false,"max_hp_per_floor":[64,64,64,64,64,64,64,64,64,64,58,58,58,58,58,58,58,58,58,58,58,58,58,58,58],"card_choices":[{"not_picked":["Hologram","Barrage"],"picked":"Glacier","floor":1.0},{"not_picked":["Reinforced Body","Steam"],"picked":"Streamline","floor":2.0},{"not_picked":["Hello World","Blizzard","Beam Cell"],"picked":"SKIP","floor":3.0},{"not_picked":["Reprogram","Gash","Aggregate"],"picked":"SKIP","floor":7.0},{"not_picked":["Streamline","Go for the Eyes","Melter"],"picked":"SKIP","floor":8.0},{"not_picked":["Streamline","Beam Cell"],"picked":"Electrodynamics","floor":10.0},{"not_picked":["Compile Driver","Reinforced Body"],"picked":"Loop","floor":13.0},{"not_picked":["Reprogram","Gash"],"picked":"Skim","floor":14.0},{"not_picked":["Biased Cognition","Thunder Strike"],"picked":"Echo Form","floor":16.0},{"not_picked":["Hello World","Redo","Leap+1"],"picked":"SKIP","floor":18.0},{"not_picked":["Sweeping Beam","Ball Lightning","Stack"],"picked":"SKIP","floor":21.0},{"not_picked":["Steam","Fusion","Stack"],"picked":"SKIP","floor":22.0},{"not_picked":["Thunder Strike","Skim+1","Heatsinks"],"picked":"SKIP","floor":24.0}],"player_experience":939294,"relics_obtained":[{"floor":8.0,"key":"Blood Vial"},{"floor":9.0,"key":"Pen Nib"},{"floor":13.0,"key":"Smiling Mask"}],"event_choices":[{"damage_healed":0.0,"max_hp_gain":0.0,"max_hp_loss":0.0,"gold_gain":0.0,"event_name":"Shining Light","player_choice":"Entered Light","floor":4.0,"gold_loss":0.0,"damage_taken":19.0,"cards_upgraded":["Glacier","Strike_B"]},{"damage_healed":0.0,"max_hp_gain":0.0,"max_hp_loss":6.0,"gold_gain":0.0,"event_name":"Golden Idol","player_choice":"Lose Max HP","floor":11.0,"gold_loss":0.0,"damage_taken":0.0,"relics_obtained":["Golden Idol"]},{"damage_healed":0.0,"max_hp_gain":0.0,"max_hp_loss":0.0,"gold_gain":50.0,"event_name":"Nest","player_choice":"Stole From Cult","floor":19.0,"gold_loss":0.0,"damage_taken":0.0},{"damage_healed":0.0,"max_hp_gain":0.0,"max_hp_loss":0.0,"gold_gain":50.0,"event_name":"Golden Shrine","player_choice":"Pray","floor":20.0,"gold_loss":0.0,"damage_taken":0.0}],"is_beta":false,"boss_relics":[{"not_picked":["Fusion Hammer","Lizard Tail"],"picked":"Runic Dome"}],"items_purged_floors":[],"is_endless":false,"potions_floor_spawned":[2,8,13,16,22],"killed_by":"Snecko","ascension_level":20}