{"gold_per_floor":[110,110,130,305,305,332,332,345,400,400,412,412,56,56,56,157,157,172,2,22,36,36,36,48,147,216,216,28,28,60,74,74,175,175,195,295,295,310,323,356,6,6,29,41,71,94,141,168,180,192],"floor_reached":51,"playtime":3442,"items_purged":["Strike_B","Pain"],"score":1151,"play_id":"d0dd5e1a-290f-475b-94e1-9ffd0da443ce","local_time":"20190205105517","is_ascension_mode":true,"campfire_choices":[{"data":"Zap","floor":7.0,"key":"SMITH"},{"data":"White Noise","floor":12.0,"key":"SMITH"},{"floor":15.0,"key":"REST"},{"data":"Apotheosis","floor":23.0,"key":"SMITH"},{"data":"Echo Form","floor":27.0,"key":"SMITH"},{"floor":29.0,"key":"REST"},{"data":"Force Field","floor":32.0,"key":"SMITH"},{"floor":44.0,"key":"REST"},{"floor":49,"key":"REST"}],"neow_cost":"NONE","seed_source_timestamp":120717234948266,"circlet_count":0,"master_deck":["Strike_B","Strike_B","Defend_B","Defend_B","Defend_B","Defend_B","Zap+1","Dualcast","Turbo","Leap","Doubt","Gash","Hologram","White Noise+1","Apotheosis+1","Defragment","Hologram","Discovery","Tempest","Echo Form+1","Doubt","Doubt","Self Repair","Cold Snap","Conserve Battery+1","Redo","Self Repair+1","Capacitor+1","Force Field+1","All For One","Defragment+1","Chill","Leap","Redo","Defragment+1","Defragment+1","Ball Lightning+1","Consume+1","Turbo","Hologram+1"],"special_seed":0,"relics":["Cracked Core","NeowsBlessing","Mercury Hourglass","Pen Nib","Bag of Marbles","Blue Candle","Calling Bell","Anchor","Matryoshka","Unceasing Top","PreservedInsect","Frozen Egg 2","Darkstone Periapt","Lantern","Ginger","Black Star","Nunchaku","Bottled Lightning","Gremlin Horn","Ice Cream","MawBank","Happy Flower","Strawberry","StoneCalendar"],"potions_floor_usage":[],"damage_taken":[{"damage":0.0,"enemies":"2 Louse","floor":1.0,"turns":1.0},{"damage":0.0,"enemies":"Cultist","floor":3.0,"turns":1.0},{"damage":0.0,"enemies":"Lagavulin","floor":6.0,"turns":1.0},{"damage":0.0,"enemies":"Jaw Worm","floor":8.0,"turns":3.0},{"damage":8.0,"enemies":"Looter","floor":11.0,"turns":3.0},{"damage":47.0,"enemies":"The Guardian","floor":16.0,"turns":9.0},{"damage":18.0,"enemies":"3 Byrds","floor":18.0,"turns":4.0},{"damage":0.0,"enemies":"Chosen","floor":20.0,"turns":4.0},{"damage":12.0,"enemies":"Snake Plant","floor":21.0,"turns":5.0},{"damage":0.0,"enemies":"Snecko","floor":24.0,"turns":4.0},{"damage":41.0,"enemies":"Slavers","floor":30.0,"turns":5.0},{"damage":12.0,"enemies":"Sentry and Sphere","floor":31.0,"turns":4.0},{"damage":42.0,"enemies":"Automaton","floor":33.0,"turns":11.0},{"damage":2.0,"enemies":"3 Shapes","floor":35.0,"turns":5.0},{"damage":24.0,"enemies":"Mind Bloom Boss Battle","floor":36.0,"turns":7.0},{"damage":16.0,"enemies":"Orb Walker","floor":38.0,"turns":5.0},{"damage":14.0,"enemies":"Jaw Worm Horde","floor":39.0,"turns":7.0},{"damage":59.0,"enemies":"Reptomancer","floor":40.0,"turns":7.0},{"damage":9.0,"enemies":"Spire Growth","floor":45.0,"turns":6.0},{"damage":13.0,"enemies":"3 Darklings","floor":46.0,"turns":3.0},{"damage":20.0,"enemies":"Nemesis","floor":47.0,"turns":9.0},{"damage":22,"enemies":"Writhing Mass","floor":48,"turns":4},{"damage":32,"enemies":"Time Eater","floor":50,"turns":7}],"seed_played":"7070924863831287138","potions_obtained":[{"floor":6.0,"key":"Ancient Potion"},{"floor":8.0,"key":"GamblersBrew"},{"floor":11.0,"key":"Fire Potion"},{"floor":20.0,"key":"FocusPotion"},{"floor":24.0,"key":"SkillPotion"},{"floor":33.0,"key":"Block Potion"},{"floor":35.0,"key":"Energy Potion"},{"floor":36.0,"key":"Swift Potion"},{"floor":40.0,"key":"Regen Potion"},{"floor":46.0,"key":"Block Potion"}],"is_trial":false,"path_per_floor":["M","?","M","?","T","E","R","M","T","?","M","R","$","?","R","B",null,"M","$","M","M","?","R","M","?","T","R","$","R","E","M","R","B",null,"M","?","?","M","M","E","$","?","T","R","M","M","E","M","R","B",null],"character_chosen":"DEFECT","items_purchased":["Apotheosis","Defragment","Hologram","Self Repair","Self Repair+1","Lantern","Ice Cream","SteroidPotion"],"campfire_rested":4,"item_purchase_floors":[13,13,13,19,28,28,41,41],"current_hp_per_floor":[68,68,68,68,68,68,68,68,68,68,60,60,60,60,75,28,63,45,45,55,53,53,53,53,53,53,53,53,75,61,75,75,63,72,75,71,71,75,75,36,36,36,36,58,59,75,82,60,82,70],"gold":204,"neow_bonus":"THREE_ENEMY_KILL","is_prod":false,"is_daily":false,"chose_seed":false,"campfire_upgraded":5,"win_rate":0,"timestamp":1549335317,"path_taken":["M","?","?","?","?","E","R","M","T","?","?","R","$","?","R","BOSS","M","$","M","M","?","R","M","?","T","R","$","R","E","M","R","BOSS","M","?","?","M","M","E","$","?","T","R","M","M","E","?","R","BOSS"],"build_version":"2019-01-23","purchased_purges":2,"victory":true,"max_hp_per_floor":[75,75,75,75,75,75,75,75,75,75,75,75,75,75,75,75,75,75,75,75,75,75,75,75,75,75,75,75,75,75,75,75,75,75,75,75,75,75,75,75,75,75,75,75,75,75,82,82,82,82],"card_choices":[{"not_picked":["Steam Power","Scrape"],"picked":"Turbo","floor":1.0},{"not_picked":["Turbo","Hologram"],"picked":"Leap","floor":3.0},{"not_picked":["Hologram","Double Energy"],"picked":"Gash","floor":6.0},{"not_picked":["Reinforced Body","Heatsinks"],"picked":"Hologram","floor":8.0},{"not_picked":["Beam Cell","Barrage"],"picked":"White Noise","floor":11.0},{"not_picked":["Thunder Strike","Seek"],"picked":"Echo Form","floor":16.0},{"not_picked":["Barrage","Gash+1"],"picked":"Cold Snap","floor":18.0},{"not_picked":["Rainbow","Steam"],"picked":"Cold Snap","floor":20.0},{"not_picked":["Doom and Gloom+1","Steam+1"],"picked":"Conserve Battery+1","floor":21.0},{"not_picked":["Hello World","Steam Power"],"picked":"Redo","floor":24.0},{"not_picked":["Cold Snap+1","Beam Cell"],"picked":"Capacitor+1","floor":30.0},{"not_picked":["Reprogram","Gash"],"picked":"Force Field","floor":31.0},{"not_picked":["Machine Learning+1","Multi-Cast"],"picked":"All For One","floor":33.0},{"not_picked":["Streamline+1","Hello World+1"],"picked":"Defragment+1","floor":35.0},{"not_picked":["Ball Lightning","Genetic Algorithm+1"],"picked":"Chill","floor":36.0},{"not_picked":["Fusion","Sweeping Beam+1"],"picked":"Leap","floor":38.0},{"not_picked":["Chaos","Tempest"],"picked":"Redo","floor":39.0},{"not_picked":["Rebound","Streamline+1"],"picked":"Defragment+1","floor":40.0},{"not_picked":["Rip and Tear","Static Discharge+1"],"picked":"Ball Lightning+1","floor":45.0},{"not_picked":["Barrage+1","Compile Driver+1"],"picked":"Consume+1","floor":46.0},{"not_picked":["Electrodynamics+1","Streamline"],"picked":"Turbo","floor":47.0},{"not_picked":["Barrage","Sunder+1"],"picked":"Hologram+1","floor":48}],"player_experience":649468,"relics_obtained":[{"floor":5.0,"key":"Mercury Hourglass"},{"floor":6.0,"key":"Pen Nib"},{"floor":9.0,"key":"Bag of Marbles"},{"floor":17.0,"key":"Anchor"},{"floor":17.0,"key":"Matryoshka"},{"floor":17.0,"key":"Unceasing Top"},{"floor":26.0,"key":"Frozen Egg 2"},{"floor":26.0,"key":"Darkstone Periapt"},{"floor":30.0,"key":"Ginger"},{"floor":36.0,"key":"Nunchaku"},{"floor":40.0,"key":"Bottled Lightning"},{"floor":40.0,"key":"Gremlin Horn"},{"floor":43.0,"key":"MawBank"},{"floor":43.0,"key":"Happy Flower"},{"floor":47.0,"key":"Strawberry"},{"floor":47.0,"key":"StoneCalendar"}],"event_choices":[{"cards_removed":["Strike_B"],"damage_healed":0.0,"max_hp_gain":0.0,"max_hp_loss":0.0,"gold_gain":0.0,"event_name":"Purifier","player_choice":"Purged","floor":2.0,"gold_loss":0.0,"damage_taken":0.0},{"damage_healed":0.0,"max_hp_gain":0.0,"max_hp_loss":0.0,"gold_gain":175.0,"event_name":"Liars Game","player_choice":"AGREE","floor":4.0,"gold_loss":0.0,"damage_taken":0.0,"cards_obtained":["Doubt"]},{"damage_healed":0.0,"max_hp_gain":0.0,"max_hp_loss":0.0,"gold_gain":0.0,"event_name":"WeMeetAgain","player_choice":"Gave Potion","floor":10.0,"gold_loss":0.0,"damage_taken":0.0,"relics_obtained":["Blue Candle"]},{"damage_healed":0.0,"max_hp_gain":0.0,"max_hp_loss":0.0,"gold_gain":0.0,"event_name":"Match and Keep!","player_choice":"2 cards matched","floor":14.0,"gold_loss":0.0,"damage_taken":0.0,"cards_obtained":["Discovery","Tempest"]},{"damage_healed":0.0,"max_hp_gain":0.0,"max_hp_loss":0.0,"gold_gain":0.0,"event_name":"The Mausoleum","player_choice":"Opened","floor":22.0,"gold_loss":0.0,"damage_taken":0.0,"relics_obtained":["PreservedInsect"]},{"damage_healed":0.0,"max_hp_gain":0.0,"max_hp_loss":0.0,"gold_gain":99.0,"event_name":"Nest","player_choice":"Stole From Cult","floor":25.0,"gold_loss":0.0,"damage_taken":0.0},{"damage_healed":0.0,"max_hp_gain":0.0,"max_hp_loss":0.0,"gold_gain":0.0,"event_name":"MindBloom","player_choice":"Fight","floor":36.0,"gold_loss":0.0,"damage_taken":0.0},{"cards_removed":["Cold Snap"],"damage_healed":0.0,"max_hp_gain":0.0,"max_hp_loss":0.0,"gold_gain":0.0,"event_name":"Falling","player_choice":"Removed Attack","floor":37.0,"gold_loss":0.0,"damage_taken":0.0},{"damage_healed":0.0,"max_hp_gain":0.0,"max_hp_loss":0.0,"gold_gain":0.0,"event_name":"Duplicator","player_choice":"Copied","floor":42.0,"gold_loss":0.0,"damage_taken":0.0,"cards_obtained":["Defragment"]}],"is_beta":false,"boss_relics":[{"not_picked":["Snecko Eye","Ectoplasm"],"picked":"Calling Bell"},{"not_picked":["Busted Crown","Fusion Hammer"],"picked":"Black Star"}],"items_purged_floors":[13,19],"is_endless":false,"potions_floor_spawned":[6,8,11,20,24,33,35,36,40,46],"ascension_level":9}