{"gold_per_floor":[109,109,128,9,21,21,35,67,139,139],"floor_reached":10,"playtime":519,"items_purged":["Strike_R"],"score":136,"play_id":"ba261430-a31e-4270-a4b4-9a4817a319a2","local_time":"20190503115104","is_ascension_mode":true,"campfire_choices":[{"data":"Flex","floor":6.0,"key":"SMITH"}],"neow_cost":"PERCENT_DAMAGE","seed_source_timestamp":958731333503810,"circlet_count":0,"master_deck":["AscendersBane","Strike_R","Strike_R","Strike_R","Strike_R","Defend_R","Defend_R","Defend_R","Defend_R","Bash","Flex+1","Feel No Pain","True Grit","Disarm","Demon Form"],"special_seed":0,"relics":["Burning Blood","Gambling Chip","Kunai"],"potions_floor_usage":[],"damage_taken":[{"damage":4.0,"enemies":"Small Slimes","floor":1.0,"turns":4.0},{"damage":1.0,"enemies":"Cultist","floor":3.0,"turns":3.0},{"damage":13.0,"enemies":"2 Louse","floor":5.0,"turns":3.0},{"damage":15.0,"enemies":"2 Fungi Beasts","floor":7.0,"turns":5.0},{"damage":32.0,"enemies":"3 Sentries","floor":8.0,"turns":23.0},{"damage":37,"enemies":"Gremlin Nob","floor":10,"turns":4}],"seed_played":"6898566768681354000","potions_obtained":[{"floor":3.0,"key":"Strength Potion"},{"floor":5.0,"key":"LiquidBronze"},{"floor":7.0,"key":"GamblersBrew"}],"is_trial":false,"path_per_floor":["M","?","M","$","M","R","M","E","T","E"],"character_chosen":"IRONCLAD","items_purchased":["Feel No Pain"],"campfire_rested":0,"item_purchase_floors":[4],"current_hp_per_floor":[52,85,85,85,78,78,69,43,43,6],"gold":139,"neow_bonus":"THREE_RARE_CARDS","is_prod":false,"is_daily":false,"chose_seed":false,"campfire_upgraded":1,"win_rate":0,"timestamp":1556855464,"path_taken":["M","?","M","$","?","R","M","E","T","E"],"build_version":"2019-01-23","purchased_purges":1,"victory":false,"max_hp_per_floor":[75,85,85,85,85,85,85,85,85,85],"card_choices":[{"not_picked":["Brutality","Bludgeon"],"picked":"Barricade","floor":0.0},{"not_picked":["Cleave","Warcry","Anger"],"picked":"SKIP","floor":1.0},{"not_picked":["Headbutt","Thunderclap"],"picked":"Flex","floor":3.0},{"not_picked":["Body Slam","Anger"],"picked":"True Grit","floor":5.0},{"not_picked":["Havoc","Wild Strike"],"picked":"Disarm","floor":7.0},{"not_picked":["Twin Strike","Iron Wave"],"picked":"Demon Form","floor":8.0}],"player_experience":805151,"relics_obtained":[{"floor":8.0,"key":"Gambling Chip"},{"floor":9.0,"key":"Kunai"}],"event_choices":[{"cards_removed":["Barricade"],"damage_healed":23.0,"max_hp_gain":10.0,"max_hp_loss":0.0,"gold_gain":0.0,"event_name":"Bonfire Elementals","player_choice":"Offered Rare","floor":2.0,"gold_loss":0.0,"damage_taken":0.0}],"is_beta":false,"boss_relics":[],"items_purged_floors":[4],"is_endless":false,"potions_floor_spawned":[3,5,7],"killed_by":"Gremlin Nob","ascension_level":20}