{"gold_per_floor":[110,124,138,0,11,37,37,72,72,101,101,114,1,13,13,114,114,133,232,33,46,46,46,72,91,91,91,118,118,145,160,160,256,256,271,289,20,31,76,76,103,121,167,194,212,72,72,98,98,98],"floor_reached":51,"playtime":3654,"items_purged":["Strike_B","Defend_B","Defend_B"],"score":1297,"play_id":"c96636c0-76d5-409a-9c10-312dfe94cb48","local_time":"20190805074837","is_ascension_mode":true,"campfire_choices":[{"floor":7.0,"key":"REST"},{"data":"Hyperbeam","floor":15.0,"key":"SMITH"},{"data":"Defragment","floor":23.0,"key":"SMITH"},{"data":"Biased Cognition","floor":32,"key":"SMITH"},{"data":"Defragment","floor":40,"key":"SMITH"},{"data":"Fusion","floor":47,"key":"SMITH"},{"data":"Defragment","floor":49,"key":"SMITH"}],"neow_cost":"NONE","seed_source_timestamp":2195498193399299,"circlet_count":0,"master_deck":["Defend_B","Zap","Dualcast+1","Gash","Beam Cell","Hyperbeam+1","Defragment+1","Coolheaded+1","Chill","Ball Lightning+1","Genetic Algorithm","Biased Cognition+1","Reinforced Body","Cold Snap+1","Coolheaded","Sunder+1","Fusion+1","Loop+1","Creative AI","Self Repair","Electrodynamics","Ball Lightning+1","Blind","Defragment+1","Defragment+1","FTL+1","Chaos+1","Conserve Battery+1","Amplify","Conserve Battery+1","Defragment+1"],"special_seed":0,"relics":["Cracked Core","Sundial","Molten Egg 2","Matryoshka","Meat on the Bone","Black Star","ClockworkSouvenir","Omamori","Happy Flower","Darkstone Periapt","Ornamental Fan","Orichalcum","The Courier","Torii","Kunai","Runic Pyramid","Peace Pipe","Bottled Lightning","Potion Belt","Bag of Preparation","Oddly Smooth Stone","War Paint","Bottled Tornado","Ginger","Letter Opener"],"potions_floor_usage":[30,30,42,50,50,50,50],"damage_taken":[{"damage":1.0,"enemies":"Cultist","floor":1.0,"turns":3.0},{"damage":3.0,"enemies":"2 Louse","floor":2.0,"turns":2.0},{"damage":9.0,"enemies":"Jaw Worm","floor":3.0,"turns":4.0},{"damage":7.0,"enemies":"Looter","floor":5.0,"turns":3.0},{"damage":26.0,"enemies":"Gremlin Nob","floor":6.0,"turns":4.0},{"damage":16.0,"enemies":"Lagavulin","floor":8.0,"turns":5.0},{"damage":27.0,"enemies":"Gremlin Nob","floor":10.0,"turns":5.0},{"damage":3.0,"enemies":"Exordium Wildlife","floor":12.0,"turns":5.0},{"damage":10.0,"enemies":"Large Slime","floor":14.0,"turns":3.0},{"damage":26.0,"enemies":"The Guardian","floor":16.0,"turns":11.0},{"damage":22.0,"enemies":"3 Byrds","floor":18.0,"turns":4.0},{"damage":2.0,"enemies":"Chosen","floor":21.0,"turns":5.0},{"damage":0.0,"enemies":"Gremlin Leader","floor":24.0,"turns":7.0},{"damage":0.0,"enemies":"Snake Plant","floor":25.0,"turns":6.0},{"damage":10.0,"enemies":"Book of Stabbing","floor":28.0,"turns":6.0},{"damage":0,"enemies":"Slavers","floor":30,"turns":4},{"damage":8,"enemies":"Centurion and Healer","floor":31,"turns":4},{"damage":1,"enemies":"Collector","floor":33,"turns":14},{"damage":10,"enemies":"Orb Walker","floor":35,"turns":5},{"damage":1,"enemies":"3 Shapes","floor":36,"turns":4},{"damage":0,"enemies":"Maw","floor":38,"turns":7},{"damage":22,"enemies":"2 Orb Walkers","floor":39,"turns":4},{"damage":0,"enemies":"Reptomancer","floor":41,"turns":6},{"damage":38,"enemies":"Transient","floor":42,"turns":5},{"damage":0,"enemies":"Nemesis","floor":44,"turns":7},{"damage":1,"enemies":"3 Darklings","floor":45,"turns":3},{"damage":0,"enemies":"Reptomancer","floor":48,"turns":6},{"damage":0,"enemies":"Time Eater","floor":50,"turns":7}],"seed_played":"-122416628258089422","potions_obtained":[{"floor":1.0,"key":"EssenceOfSteel"},{"floor":6.0,"key":"SkillPotion"},{"floor":14.0,"key":"Weak Potion"},{"floor":16.0,"key":"FearPotion"},{"floor":21.0,"key":"Block Potion"},{"floor":24.0,"key":"Energy Potion"},{"floor":28.0,"key":"SkillPotion"},{"floor":33,"key":"Strength Potion"},{"floor":36,"key":"AttackPotion"},{"floor":41,"key":"Strength Potion"},{"floor":42,"key":"FocusPotion"},{"floor":45,"key":"SpeedPotion"}],"is_trial":false,"path_per_floor":["M","M","M","$","M","E","R","E","T","E","?","M","$","M","R","B",null,"M","?","$","M","?","R","E","M","T","?","E","?","E","M","R","B",null,"M","M","$","M","?","R","E","M","T","E","M","$","R","E","R","B",null],"character_chosen":"DEFECT","items_purchased":["Hyperbeam","Genetic Algorithm","ClockworkSouvenir","Blind","Defragment","Defragment","PowerPotion"],"campfire_rested":1,"item_purchase_floors":[4,13,20,37,37,37,46],"current_hp_per_floor":[67,64,55,55,48,22,44,28,28,1,75,72,72,62,62,48,68,46,46,46,44,44,44,44,44,44,44,46,46,46,38,38,56,70,67,73,73,75,53,53,60,34,34,53,52,52,52,59,59,66],"gold":98,"neow_bonus":"REMOVE_CARD","is_prod":false,"is_daily":false,"chose_seed":false,"campfire_upgraded":6,"win_rate":0,"timestamp":1565012917,"path_taken":["M","M","M","$","M","E","R","E","T","E","?","?","$","M","R","BOSS","M","?","?","M","?","R","E","?","T","?","E","?","E","M","R","BOSS","M","M","$","?","?","R","E","M","T","E","M","$","R","E","R","BOSS"],"build_version":"2019-07-18","purchased_purges":3,"victory":true,"max_hp_per_floor":[75,75,75,75,75,75,75,75,75,75,75,75,75,75,75,75,75,75,75,75,75,75,75,75,75,75,75,75,75,75,75,75,75,75,75,75,75,75,75,75,75,75,75,75,75,75,75,75,75,75],"card_choices":[{"not_picked":["Recycle","Beam Cell"],"picked":"Gash","floor":1.0},{"not_picked":["Blizzard","Turbo"],"picked":"Consume","floor":2.0},{"not_picked":["Compile Driver","Barrage"],"picked":"Beam Cell","floor":3.0},{"not_picked":["Doom and Gloom","Sweeping Beam","Turbo"],"picked":"SKIP","floor":5.0},{"not_picked":["Barrage","Heatsinks"],"picked":"Defragment","floor":6.0},{"not_picked":["Redo","Fusion"],"picked":"Coolheaded","floor":8.0},{"not_picked":["Undo","Sunder+1"],"picked":"Chill","floor":10.0},{"not_picked":["All For One+1","Rip and Tear+1"],"picked":"Ball Lightning+1","floor":12.0},{"not_picked":["Coolheaded","Sweeping Beam+1","Barrage+1"],"picked":"SKIP","floor":14.0},{"not_picked":["Fission","Core Surge+1"],"picked":"Biased Cognition","floor":16.0},{"not_picked":["Conserve Battery","Compile Driver+1"],"picked":"Reinforced Body","floor":18.0},{"not_picked":["Self Repair+1","Redo"],"picked":"Cold Snap+1","floor":21.0},{"not_picked":["Storm","Darkness+1"],"picked":"Coolheaded","floor":24.0},{"not_picked":["Beam Cell+1","Blizzard+1","Compile Driver+1"],"picked":"SKIP","floor":25.0},{"not_picked":["Sunder+1","Chaos"],"picked":"Loop+1","floor":28.0},{"not_picked":["Fusion+1","Compile Driver+1"],"picked":"Creative AI","floor":30},{"not_picked":["Chaos","Darkness+1"],"picked":"Self Repair","floor":31},{"not_picked":["Creative AI","Seek"],"picked":"Electrodynamics","floor":33},{"not_picked":["Leap","Beam Cell+1"],"picked":"Ball Lightning+1","floor":35},{"not_picked":["Sweeping Beam+1","Gash+1","Auto Shields"],"picked":"SKIP","floor":36},{"not_picked":["Chaos","Compile Driver+1"],"picked":"FTL+1","floor":38},{"not_picked":["Heatsinks+1","Steam+1"],"picked":"Chaos+1","floor":39},{"not_picked":["Fission","Undo+1","Barrage+1"],"picked":"SKIP","floor":41},{"not_picked":["Stack","Hologram"],"picked":"Conserve Battery+1","floor":42},{"not_picked":["Hologram+1","Rip and Tear+1"],"picked":"Amplify","floor":44},{"not_picked":["Hologram","Gash+1"],"picked":"Conserve Battery+1","floor":45},{"not_picked":["Rebound+1","Turbo+1"],"picked":"Defragment+1","floor":48}],"player_experience":127704,"relics_obtained":[{"floor":6.0,"key":"Sundial"},{"floor":8.0,"key":"Molten Egg 2"},{"floor":9.0,"key":"Matryoshka"},{"floor":10.0,"key":"Meat on the Bone"},{"floor":24.0,"key":"Omamori"},{"floor":24.0,"key":"Happy Flower"},{"floor":26.0,"key":"Darkstone Periapt"},{"floor":26.0,"key":"Ornamental Fan"},{"floor":28.0,"key":"Orichalcum"},{"floor":28.0,"key":"The Courier"},{"floor":30,"key":"Torii"},{"floor":30,"key":"Kunai"},{"floor":39,"key":"Peace Pipe"},{"floor":41,"key":"Bottled Lightning"},{"floor":41,"key":"Potion Belt"},{"floor":43,"key":"Bag of Preparation"},{"floor":43,"key":"Oddly Smooth Stone"},{"floor":44,"key":"War Paint"},{"floor":44,"key":"Bottled Tornado"},{"floor":48,"key":"Ginger"},{"floor":48,"key":"Letter Opener"}],"event_choices":[{"cards_removed":["Consume"],"damage_healed":74.0,"max_hp_gain":0.0,"max_hp_loss":0.0,"gold_gain":0.0,"event_name":"Bonfire Elementals","player_choice":"Offered Uncommon","floor":11.0,"gold_loss":0.0,"damage_taken":0.0},{"damage_healed":0.0,"max_hp_gain":0.0,"max_hp_loss":0.0,"gold_gain":99.0,"event_name":"Nest","player_choice":"Stole From Cult","floor":19.0,"gold_loss":0.0,"damage_taken":0.0},{"cards_removed":["Strike_B"],"damage_healed":0.0,"max_hp_gain":0.0,"max_hp_loss":0.0,"gold_gain":0.0,"event_name":"Back to Basics","player_choice":"Elegance","floor":22.0,"gold_loss":0.0,"damage_taken":0.0},{"damage_healed":0.0,"max_hp_gain":0.0,"max_hp_loss":0.0,"gold_gain":0.0,"cards_transformed":["Strike_B","Defend_B"],"event_name":"Drug Dealer","player_choice":"Became Test Subject","floor":27.0,"gold_loss":0.0,"damage_taken":0.0,"cards_obtained":["Sunder","Fusion"]},{"damage_healed":0.0,"max_hp_gain":0.0,"max_hp_loss":0.0,"gold_gain":0.0,"event_name":"The Woman in Blue","player_choice":"Bought 0 Potions","floor":29.0,"gold_loss":0.0,"damage_taken":0.0},{"damage_healed":0,"gold_gain":0,"player_choice":"Fight","damage_taken":0,"max_hp_gain":0,"max_hp_loss":0,"event_name":"Mysterious Sphere","floor":39,"gold_loss":0}],"is_beta":true,"boss_relics":[{"not_picked":["Empty Cage","Fusion Hammer"],"picked":"Black Star"},{"not_picked":["Orrery","Velvet Choker"],"picked":"Runic Pyramid"}],"items_purged_floors":[13,37,46],"is_endless":false,"potions_floor_spawned":[1,6,14,16,21,24,28,33,36,41,42,45,48],"ascension_level":6}