{"gold_per_floor":[361,361,157,169,186,186,205,230,230,262,262,262,262,262,262,338,338,355,355,355,365,377,377,377,377],"floor_reached":25,"playtime":970,"items_purged":[],"score":397,"play_id":"ebf923bb-4b48-4af8-ad81-771fde0bfebe","local_time":"20190312230942","is_ascension_mode":true,"campfire_choices":[{"data":"Apotheosis","floor":6.0,"key":"SMITH"},{"floor":13.0,"key":"REST"},{"floor":15.0,"key":"REST"},{"floor":23.0,"key":"REST"}],"neow_cost":"TEN_PERCENT_HP_LOSS","seed_source_timestamp":250035238457635,"circlet_count":0,"master_deck":["AscendersBane","Strike_R","Strike_R","Defend_R","Defend_R","Defend_R","Defend_R","Bash","Flame Barrier","Apotheosis+1","Anger","Evolve","Pommel Strike","Double Tap","Twin Strike","Juggernaut","Shrug It Off","Inflame","Shrug It Off","Writhe"],"special_seed":0,"relics":["Burning Blood","Mango","Ice Cream","Ornamental Fan","Empty Cage","Omamori"],"potions_floor_usage":[25],"damage_taken":[{"damage":4.0,"enemies":"Small Slimes","floor":1.0,"turns":4.0},{"damage":12.0,"enemies":"Jaw Worm","floor":4.0,"turns":4.0},{"damage":4.0,"enemies":"Cultist","floor":5.0,"turns":5.0},{"damage":0.0,"enemies":"Looter","floor":7.0,"turns":3.0},{"damage":39.0,"enemies":"Gremlin Nob","floor":8.0,"turns":4.0},{"damage":24.0,"enemies":"3 Sentries","floor":10.0,"turns":8.0},{"damage":20.0,"enemies":"Slime Boss","floor":16.0,"turns":7.0},{"damage":28.0,"enemies":"Shell Parasite","floor":18.0,"turns":4.0},{"damage":22.0,"enemies":"2 Thieves","floor":21.0,"turns":4.0},{"damage":7.0,"enemies":"Centurion and Healer","floor":22.0,"turns":7.0},{"damage":78,"enemies":"Gremlin Leader","floor":25,"turns":4}],"seed_played":"2821752656745763129","potions_obtained":[{"floor":1.0,"key":"Dexterity Potion"},{"floor":10.0,"key":"Weak Potion"},{"floor":18.0,"key":"Weak Potion"},{"floor":21.0,"key":"Regen Potion"}],"is_trial":false,"path_per_floor":["M","?","$","M","M","R","M","E","T","E","?","?","R","$","R","B",null,"M","?","$","M","M","R","?","E"],"character_chosen":"IRONCLAD","items_purchased":["Apotheosis"],"campfire_rested":3,"item_purchase_floors":[3],"current_hp_per_floor":[68,68,68,62,64,64,68,49,49,31,31,31,55,55,79,65,78,56,56,56,40,54,78,78,0],"gold":377,"neow_bonus":"TWO_FIFTY_GOLD","is_prod":false,"is_daily":false,"chose_seed":false,"campfire_upgraded":1,"win_rate":0,"timestamp":1552392582,"path_taken":["M","?","$","M","M","R","M","E","T","E","?","?","R","$","R","BOSS","M","?","$","M","M","R","?","E"],"build_version":"2019-01-23","purchased_purges":0,"victory":false,"max_hp_per_floor":[68,68,68,68,68,68,68,82,82,82,82,82,82,82,82,82,82,82,82,82,82,82,82,82,82],"card_choices":[{"not_picked":["Rupture","Rage"],"picked":"Flame Barrier","floor":1.0},{"not_picked":["Ghostly Armor","Heavy Blade"],"picked":"Anger","floor":4.0},{"not_picked":["Fire Breathing","Perfected Strike"],"picked":"Evolve","floor":5.0},{"not_picked":["Dropkick","Dual Wield"],"picked":"Pommel Strike","floor":7.0},{"not_picked":["Power Through","Spot Weakness"],"picked":"Double Tap","floor":8.0},{"not_picked":["Havoc","Armaments"],"picked":"Twin Strike","floor":10.0},{"not_picked":["Dark Embrace","Fiend Fire"],"picked":"Juggernaut","floor":16.0},{"not_picked":["Heavy Blade+1","Havoc+1"],"picked":"Shrug It Off","floor":18.0},{"not_picked":["Thunderclap","Wild Strike"],"picked":"Inflame","floor":21.0},{"not_picked":["Sever Soul","Bludgeon"],"picked":"Shrug It Off","floor":22.0}],"player_experience":839118,"relics_obtained":[{"floor":8.0,"key":"Mango"},{"floor":9.0,"key":"Ice Cream"},{"floor":10.0,"key":"Ornamental Fan"}],"event_choices":[{"damage_healed":0.0,"max_hp_gain":0.0,"max_hp_loss":0.0,"gold_gain":0.0,"event_name":"The Cleric","player_choice":"Leave","floor":2.0,"gold_loss":0.0,"damage_taken":0.0},{"damage_healed":0.0,"max_hp_gain":0.0,"max_hp_loss":0.0,"gold_gain":0.0,"event_name":"Scrap Ooze","player_choice":"Fled","floor":11.0,"gold_loss":0.0,"damage_taken":0.0},{"cards_removed":["Strike_R"],"damage_healed":0.0,"max_hp_gain":0.0,"max_hp_loss":0.0,"gold_gain":0.0,"event_name":"Purifier","player_choice":"Purged","floor":12.0,"gold_loss":0.0,"damage_taken":0.0},{"damage_healed":0.0,"max_hp_gain":0.0,"max_hp_loss":0.0,"gold_gain":0.0,"event_name":"Ghosts","player_choice":"Ignored","floor":19.0,"gold_loss":0.0,"damage_taken":0.0},{"damage_healed":0.0,"max_hp_gain":0.0,"max_hp_loss":0.0,"gold_gain":0.0,"event_name":"The Mausoleum","player_choice":"Opened","floor":24.0,"gold_loss":0.0,"damage_taken":0.0,"relics_obtained":["Omamori"],"cards_obtained":["Writhe"]}],"is_beta":false,"boss_relics":[{"not_picked":["Ectoplasm","Fusion Hammer"],"picked":"Empty Cage"}],"items_purged_floors":[],"is_endless":false,"potions_floor_spawned":[1,10,18,21],"killed_by":"Gremlin Leader","ascension_level":18}