{"gold_per_floor":[110,120,44,119,119,119,144,169,230,261,273,317,329,341],"floor_reached":14,"playtime":237,"items_purged":[],"score":246,"play_id":"b90a0664-5eb0-408b-a83f-d0d4ed03039a","local_time":"20190702103848","is_ascension_mode":true,"campfire_choices":[{"data":"Bouncing Flask","floor":6,"key":"SMITH"},{"data":"Calculated Gamble","floor":11,"key":"SMITH"},{"data":"Acrobatics","floor":13,"key":"SMITH"}],"neow_cost":"NONE","seed_source_timestamp":65418848883725,"circlet_count":0,"master_deck":["AscendersBane","Strike_G","Strike_G","Strike_G","Strike_G","Strike_G","Defend_G","Defend_G","Defend_G","Defend_G","Defend_G","Survivor","Neutralize","Underhanded Strike","Bouncing Flask+1","Calculated Gamble+1","Acrobatics+1"],"relics":["Ring of the Snake","NeowsBlessing","MawBank","Blood Vial"],"potions_floor_usage":[12],"damage_taken":[{"damage":0,"enemies":"2 Louse","floor":1,"turns":1},{"damage":0,"enemies":"Small Slimes","floor":2,"turns":1},{"damage":0,"enemies":"Lagavulin","floor":7,"turns":1},{"damage":1,"enemies":"Jaw Worm","floor":8,"turns":3},{"damage":9,"enemies":"Red Slaver","floor":10,"turns":6},{"damage":31,"enemies":"Gremlin Nob","floor":12,"turns":4},{"damage":0,"enemies":"Lots of Slimes","floor":14,"turns":1}],"seed_played":"-7613564792571827515","potions_obtained":[{"floor":1,"key":"PowerPotion"},{"floor":7,"key":"Energy Potion"},{"floor":12,"key":"Weak Potion"}],"is_trial":false,"path_per_floor":["M","M","$","?","?","R","E","M","T","M","R","E","R","M"],"character_chosen":"THE_SILENT","items_purchased":["Bouncing Flask"],"campfire_rested":0,"item_purchase_floors":[3],"current_hp_per_floor":[59,59,59,48,48,48,48,47,47,40,40,11,11,13],"gold":341,"neow_bonus":"THREE_ENEMY_KILL","is_prod":false,"is_daily":false,"chose_seed":false,"campfire_upgraded":3,"win_rate":0,"timestamp":1562035128,"path_taken":["M","M","$","?","?","R","E","M","T","M","R","E","R","M"],"build_version":"2019-07-01","purchased_purges":0,"victory":false,"max_hp_per_floor":[66,66,66,66,66,66,66,66,66,66,66,66,66,66],"card_choices":[{"not_picked":["Slice","Finisher","PiercingWail"],"picked":"SKIP","floor":1},{"not_picked":["PiercingWail","Blade Dance"],"picked":"Underhanded Strike","floor":2},{"not_picked":["Riddle With Holes","Poisoned Stab","Slice"],"picked":"SKIP","floor":7},{"not_picked":["Backflip","Eviscerate"],"picked":"Calculated Gamble","floor":8},{"not_picked":["Accuracy","All Out Attack","Endless Agony"],"picked":"SKIP","floor":10},{"not_picked":["Choke","Blade Dance"],"picked":"Acrobatics","floor":12}],"player_experience":1038307,"relics_obtained":[{"floor":7,"key":"MawBank"},{"floor":9,"key":"Blood Vial"}],"event_choices":[{"damage_healed":0,"gold_gain":75,"player_choice":"Gather Gold","damage_taken":11,"max_hp_gain":0,"max_hp_loss":0,"event_name":"World of Goop","floor":4,"gold_loss":0},{"damage_healed":0,"gold_gain":0,"player_choice":"Ignored","damage_taken":0,"max_hp_gain":0,"max_hp_loss":0,"event_name":"Liars Game","floor":5,"gold_loss":0}],"is_beta":false,"boss_relics":[],"items_purged_floors":[],"is_endless":false,"potions_floor_spawned":[1,7,12],"killed_by":"Lots of Slimes","ascension_level":20}