{"gold_per_floor":[111,111,286,298,312,347,53,72,96,96],"floor_reached":10,"playtime":294,"items_purged":[],"score":105,"play_id":"dbe7bc5e-9a06-47cf-8467-f57d10093392","local_time":"20190521161726","is_ascension_mode":true,"campfire_choices":[],"neow_cost":"NONE","seed_source_timestamp":1396579280254374,"circlet_count":0,"master_deck":["AscendersBane","Strike_B","Strike_B","Strike_B","Defend_B","Defend_B","Defend_B","Defend_B","Zap+1","Dualcast","Rip and Tear","Conserve Battery","Doubt","Sunder","Conserve Battery+1","Static Discharge","Cold Snap"],"relics":["Cracked Core","NeowsBlessing","Orichalcum","Dead Branch","War Paint"],"potions_floor_usage":[8,10],"damage_taken":[{"damage":0,"enemies":"Jaw Worm","floor":1,"turns":1},{"damage":0,"enemies":"2 Louse","floor":4,"turns":1},{"damage":0,"enemies":"Cultist","floor":5,"turns":1},{"damage":61,"enemies":"Lagavulin","floor":6,"turns":9},{"damage":1,"enemies":"3 Louse","floor":8,"turns":3},{"damage":7,"enemies":"Lots of Slimes","floor":10,"turns":1}],"seed_played":"-5494619610629125863","potions_obtained":[{"floor":6,"key":"AttackPotion"},{"floor":8,"key":"AttackPotion"}],"is_trial":false,"path_per_floor":["M","?","?","M","M","E","$","M","T","M"],"character_chosen":"DEFECT","items_purchased":["Dead Branch"],"campfire_rested":0,"item_purchase_floors":[7],"current_hp_per_floor":[68,68,68,68,68,7,7,6,6,0],"gold":96,"neow_bonus":"THREE_ENEMY_KILL","is_prod":false,"is_daily":false,"chose_seed":false,"campfire_upgraded":0,"win_rate":0,"timestamp":1558419446,"path_taken":["M","?","?","?","M","E","$","?","T","M"],"build_version":"2019-01-23","purchased_purges":0,"victory":false,"max_hp_per_floor":[75,75,75,75,75,75,75,75,75,75],"card_choices":[{"not_picked":["Stack","Rebound"],"picked":"Rip and Tear","floor":1},{"not_picked":["Steam","Recycle"],"picked":"Sunder","floor":4},{"not_picked":["Genetic Algorithm","Steam Power"],"picked":"Conserve Battery","floor":5},{"not_picked":["Hello World","Reinforced Body"],"picked":"Static Discharge","floor":6},{"not_picked":["Loop","FTL"],"picked":"Cold Snap","floor":8}],"player_experience":899085,"relics_obtained":[{"floor":6,"key":"Orichalcum"},{"floor":9,"key":"War Paint"}],"event_choices":[{"damage_healed":0,"gold_gain":0,"cards_transformed":["Strike_B"],"player_choice":"Change","damage_taken":0,"max_hp_gain":0,"max_hp_loss":0,"event_name":"Living Wall","floor":2,"gold_loss":0,"cards_obtained":["Conserve Battery"]},{"damage_healed":0,"gold_gain":175,"player_choice":"AGREE","damage_taken":0,"max_hp_gain":0,"max_hp_loss":0,"event_name":"Liars Game","floor":3,"gold_loss":0,"cards_obtained":["Doubt"]}],"is_beta":false,"boss_relics":[],"items_purged_floors":[],"is_endless":false,"potions_floor_spawned":[6,8],"killed_by":"Lots of Slimes","ascension_level":11}