{"gold_per_floor":[110,130,150,1,1,1,27,27,96,396,346,357,388,398,398,495,495,507,525,525,525,139,139,153,153,177,177,193,12,39,49,49,145,145,155,166,166,166,218,218,244,256,256,256,256,256,30,0,0,0],"floor_reached":51,"playtime":3590,"items_purged":["Pain","Defend_R"],"score":1139,"play_id":"63fd50b2-c13b-4b75-b505-d6b8724df0c5","local_time":"20190806063659","is_ascension_mode":true,"campfire_choices":[{"data":"Armaments","floor":6.0,"key":"SMITH"},{"floor":8.0,"key":"DIG"},{"floor":10.0,"key":"DIG"},{"floor":15.0,"key":"DIG"},{"floor":23.0,"key":"DIG"},{"floor":25.0,"key":"DIG"},{"floor":27.0,"key":"DIG"},{"floor":32.0,"key":"DIG"},{"floor":40.0,"key":"DIG"},{"floor":46.0,"key":"DIG"},{"floor":49.0,"key":"DIG"}],"neow_cost":"PERCENT_DAMAGE","seed_source_timestamp":2277407885606700,"circlet_count":0,"master_deck":["AscendersBane","Defend_R","Defend_R","Bash","Cleave","Armaments+1","Headbutt","Uppercut","Disarm","Havoc","Pummel","Feel No Pain","Double Tap","Shrug It Off","Bite","Bite","Bite","Bite","Bite","Shrug It Off","Violence","Fire Breathing","Disarm","Flame Barrier","Chrysalis","Pummel+1","Fiend Fire","Body Slam+1","Battle Trance","Madness","Madness","Cleave+1","Shockwave+1","Ghostly Armor+1","Jack Of All Trades","Shrug It Off","Flame Barrier"],"special_seed":0,"relics":["Burning Blood","Shovel","Juzu Bracelet","Charon\u0027s Ashes","Bag of Marbles","Kunai","Old Coin","Ice Cream","Bottled Tornado","Fusion Hammer","WarpedTongs","Mercury Hourglass","Regal Pillow","Bag of Preparation","Omamori","Boot","Oddly Smooth Stone","Eternal Feather","StoneCalendar","Matryoshka","Sundial","Lantern","Gambling Chip","Bottled Lightning","Torii","Self Forming Clay","Red Mask","Ornamental Fan"],"potions_floor_usage":[50,50],"damage_taken":[{"damage":1.0,"enemies":"Cultist","floor":1.0,"turns":4.0},{"damage":4.0,"enemies":"Small Slimes","floor":2.0,"turns":3.0},{"damage":0.0,"enemies":"2 Louse","floor":3.0,"turns":4.0},{"damage":37.0,"enemies":"Lagavulin","floor":7.0,"turns":8.0},{"damage":9.0,"enemies":"Lots of Slimes","floor":12.0,"turns":3.0},{"damage":23.0,"enemies":"3 Sentries","floor":13.0,"turns":7.0},{"damage":1.0,"enemies":"Large Slime","floor":14.0,"turns":5.0},{"damage":11.0,"enemies":"The Guardian","floor":16.0,"turns":16.0},{"damage":14.0,"enemies":"Shell Parasite","floor":18.0,"turns":6.0},{"damage":12.0,"enemies":"Spheric Guardian","floor":19.0,"turns":4.0},{"damage":15.0,"enemies":"Centurion and Healer","floor":24.0,"turns":7.0},{"damage":1.0,"enemies":"3 Cultists","floor":28.0,"turns":4.0},{"damage":30.0,"enemies":"Book of Stabbing","floor":30.0,"turns":5.0},{"damage":9.0,"enemies":"Snecko","floor":31.0,"turns":5.0},{"damage":49.0,"enemies":"Automaton","floor":33.0,"turns":11.0},{"damage":8.0,"enemies":"Orb Walker","floor":35.0,"turns":3.0},{"damage":2.0,"enemies":"3 Darklings","floor":36.0,"turns":4.0},{"damage":35.0,"enemies":"2 Orb Walkers","floor":39.0,"turns":5.0},{"damage":57.0,"enemies":"Reptomancer","floor":41.0,"turns":7.0},{"damage":9.0,"enemies":"Jaw Worm Horde","floor":42.0,"turns":5.0},{"damage":22,"enemies":"Awakened One","floor":50,"turns":15}],"seed_played":"-1040134340119384685","potions_obtained":[{"floor":1.0,"key":"SpeedPotion"},{"floor":2.0,"key":"Ancient Potion"},{"floor":7.0,"key":"Ancient Potion"},{"floor":13.0,"key":"FearPotion"},{"floor":19.0,"key":"Strength Potion"},{"floor":30.0,"key":"Weak Potion"},{"floor":33.0,"key":"Regen Potion"},{"floor":36.0,"key":"Poison Potion"},{"floor":42.0,"key":"Energy Potion"}],"is_trial":false,"path_per_floor":["M","M","M","$","?","R","E","R","T","R","?","M","E","M","R","B",null,"M","M","?","?","$","R","M","R","T","R","M","$","E","M","R","B",null,"M","M","?","?","?","R","E","M","T","?","T","R","$","?","R","B",null],"character_chosen":"IRONCLAD","items_purchased":["Uppercut","Disarm","Shrug It Off","Violence","Fire Breathing","Chrysalis","Shrug It Off","Flame Barrier"],"campfire_rested":0,"item_purchase_floors":[4,4,22,22,22,29,47,47],"current_hp_per_floor":[56,58,64,64,64,64,33,33,33,33,33,30,13,18,18,13,63,55,49,49,49,49,49,56,56,56,56,56,56,40,44,44,20,47,55,56,49,49,24,42,24,29,29,29,29,50,50,50,56,56],"gold":0,"neow_bonus":"ONE_RARE_RELIC","is_prod":false,"is_daily":false,"chose_seed":false,"campfire_upgraded":1,"win_rate":0,"timestamp":1565095019,"path_taken":["M","M","M","$","?","R","E","R","T","R","?","M","E","M","R","BOSS","M","M","?","?","$","R","M","R","T","R","M","$","E","M","R","BOSS","M","M","?","?","?","R","E","M","T","?","?","R","$","?","R","BOSS"],"build_version":"2019-07-18","purchased_purges":2,"victory":true,"max_hp_per_floor":[80,80,80,80,80,80,80,80,80,80,80,80,80,80,80,80,80,80,80,56,56,56,56,56,56,56,56,56,56,56,56,56,56,56,56,56,56,56,56,56,56,56,56,56,56,56,56,56,56,56],"card_choices":[{"not_picked":["Seeing Red","True Grit"],"picked":"Cleave","floor":1.0},{"not_picked":["Cleave","Rupture"],"picked":"Armaments","floor":2.0},{"not_picked":["Infernal Blade","Flex"],"picked":"Headbutt","floor":3.0},{"not_picked":["Pommel Strike","Hemokinesis"],"picked":"Havoc","floor":7.0},{"not_picked":["Havoc","Armaments"],"picked":"Pummel","floor":12.0},{"not_picked":["Anger","Burning Pact","True Grit"],"picked":"SKIP","floor":13.0},{"not_picked":["True Grit","Havoc"],"picked":"Feel No Pain","floor":14.0},{"not_picked":["Dark Embrace","Juggernaut"],"picked":"Double Tap","floor":16.0},{"not_picked":["True Grit","Power Through"],"picked":"Shrug It Off","floor":18.0},{"not_picked":["Flex","Intimidate+1","Sword Boomerang"],"picked":"SKIP","floor":19.0},{"not_picked":["Whirlwind","Carnage+1"],"picked":"Disarm","floor":24.0},{"not_picked":["Anger+1","Pommel Strike"],"picked":"Flame Barrier","floor":28.0},{"not_picked":["Shrug It Off","True Grit+1"],"picked":"Pummel+1","floor":30.0},{"not_picked":["Sword Boomerang","Bloodletting","Searing Blow"],"picked":"SKIP","floor":31.0},{"not_picked":["Bludgeon","Double Tap"],"picked":"Fiend Fire","floor":33.0},{"not_picked":["Shockwave","Inflame"],"picked":"Body Slam+1","floor":35.0},{"not_picked":["Sword Boomerang","Thunderclap+1"],"picked":"Battle Trance","floor":36.0},{"not_picked":["Twin Strike","Flex+1"],"picked":"Cleave+1","floor":39.0},{"not_picked":["Havoc","Pommel Strike+1"],"picked":"Shockwave+1","floor":41.0},{"not_picked":["Body Slam","Combust"],"picked":"Ghostly Armor+1","floor":42.0},{"not_picked":["Purity","Forethought"],"picked":"Jack Of All Trades","floor":44.0}],"player_experience":199330,"relics_obtained":[{"floor":7.0,"key":"Charon\u0027s Ashes"},{"floor":8.0,"key":"Bag of Marbles"},{"floor":9.0,"key":"Kunai"},{"floor":10.0,"key":"Old Coin"},{"floor":13.0,"key":"Ice Cream"},{"floor":15.0,"key":"Bottled Tornado"},{"floor":23.0,"key":"Mercury Hourglass"},{"floor":25.0,"key":"Regal Pillow"},{"floor":26.0,"key":"Bag of Preparation"},{"floor":27.0,"key":"Omamori"},{"floor":30.0,"key":"Boot"},{"floor":32.0,"key":"Oddly Smooth Stone"},{"floor":39.0,"key":"StoneCalendar"},{"floor":40.0,"key":"Matryoshka"},{"floor":41.0,"key":"Sundial"},{"floor":43.0,"key":"Lantern"},{"floor":43.0,"key":"Gambling Chip"},{"floor":45.0,"key":"Bottled Lightning"},{"floor":45.0,"key":"Torii"},{"floor":46.0,"key":"Self Forming Clay"},{"floor":49.0,"key":"Ornamental Fan"}],"event_choices":[{"damage_healed":0.0,"max_hp_gain":0.0,"max_hp_loss":0.0,"gold_gain":0.0,"event_name":"WeMeetAgain","player_choice":"Gave Potion","floor":5.0,"gold_loss":0.0,"damage_taken":0.0,"relics_obtained":["Juzu Bracelet"]},{"cards_removed":["Strike_R"],"damage_healed":0.0,"max_hp_gain":0.0,"max_hp_loss":0.0,"gold_gain":0.0,"event_name":"The Cleric","player_choice":"Card Removal","floor":11.0,"gold_loss":50.0,"damage_taken":0.0},{"damage_healed":0.0,"max_hp_gain":0.0,"max_hp_loss":24.0,"gold_gain":0.0,"event_name":"Vampires","player_choice":"Became a vampire","floor":20.0,"gold_loss":0.0,"damage_taken":0.0,"cards_obtained":["Bite","Bite","Bite","Bite","Bite"]},{"damage_healed":0.0,"max_hp_gain":0.0,"max_hp_loss":0.0,"gold_gain":0.0,"event_name":"Accursed Blacksmith","player_choice":"Rummage","floor":21.0,"gold_loss":0.0,"damage_taken":0.0,"relics_obtained":["WarpedTongs"],"cards_obtained":["Pain"]},{"damage_healed":0.0,"max_hp_gain":0.0,"max_hp_loss":0.0,"gold_gain":0.0,"event_name":"Winding Halls","player_choice":"Embrace Madness","floor":37.0,"gold_loss":0.0,"damage_taken":7.0,"cards_obtained":["Madness","Madness"]},{"cards_removed":["Defend_R"],"damage_healed":0.0,"max_hp_gain":0.0,"max_hp_loss":0.0,"gold_gain":0.0,"event_name":"Purifier","player_choice":"Purged","floor":38.0,"gold_loss":0.0,"damage_taken":0.0},{"damage_healed":0.0,"max_hp_gain":0.0,"max_hp_loss":0.0,"gold_gain":0.0,"event_name":"Mysterious Sphere","player_choice":"Fight","floor":39.0,"gold_loss":0.0,"damage_taken":0.0},{"damage_healed":0.0,"max_hp_gain":0.0,"max_hp_loss":0.0,"gold_gain":0.0,"event_name":"SensoryStone","player_choice":"Memory 1","floor":44.0,"gold_loss":0.0,"damage_taken":0.0},{"damage_healed":0.0,"max_hp_gain":0.0,"max_hp_loss":0.0,"gold_gain":0.0,"event_name":"Tomb of Lord Red Mask","player_choice":"Paid","floor":48.0,"gold_loss":30.0,"damage_taken":0.0,"relics_obtained":["Red Mask"]}],"is_beta":true,"boss_relics":[{"not_picked":["Busted Crown","Cursed Key"],"picked":"Fusion Hammer"},{"not_picked":["Runic Dome","Pandora\u0027s Box"],"picked":"Eternal Feather"}],"items_purged_floors":[22,47],"is_endless":false,"potions_floor_spawned":[1,2,7,13,19,30,33,36,42],"ascension_level":10}