{"gold_per_floor":[110,110,129,129,139,166,166,191,218,218,208,222,80,80,80,176,176,189,189,2,2,2],"floor_reached":22,"playtime":1370,"items_purged":["Strike_R","Strike_R"],"score":291,"play_id":"a32925af-e104-47d5-abde-dfaf59cd863f","local_time":"20190101152511","is_ascension_mode":true,"campfire_choices":[{"floor":7,"key":"REST"},{"data":"Barricade","floor":10,"key":"SMITH"},{"floor":15,"key":"REST"}],"neow_cost":"PERCENT_DAMAGE","seed_source_timestamp":138120414997593,"circlet_count":0,"master_deck":["Strike_R","Strike_R","Strike_R","Defend_R","Defend_R","Defend_R","Defend_R","Bash","Rampage","Shrug It Off","Dual Wield","Barricade+1","Armaments+1","Spot Weakness","Disarm","Clothesline","Impervious","Cleave","Metallicize","True Grit"],"relics":["Burning Blood","Dream Catcher","Vajra","Sundial","Pen Nib","Black Star"],"potions_floor_usage":[3,8,16,16],"damage_taken":[{"damage":8,"enemies":"Jaw Worm","floor":1,"turns":4},{"damage":0,"enemies":"Small Slimes","floor":3,"turns":3},{"damage":11,"enemies":"Cultist","floor":5,"turns":4},{"damage":34,"enemies":"3 Sentries","floor":6,"turns":10},{"damage":19,"enemies":"Gremlin Nob","floor":8,"turns":5},{"damage":27,"enemies":"Exordium Thugs","floor":11,"turns":4},{"damage":20,"enemies":"Exordium Wildlife","floor":12,"turns":4},{"damage":0,"enemies":"The Guardian","floor":16,"turns":12},{"damage":54,"enemies":"3 Byrds","floor":18,"turns":11},{"damage":55,"enemies":"Colosseum Slavers","floor":22,"turns":5}],"seed_played":"-1610386021784447367","potions_obtained":[{"floor":1,"key":"AttackPotion"},{"floor":3,"key":"Block Potion"},{"floor":11,"key":"SteroidPotion"},{"floor":12,"key":"SteroidPotion"}],"is_trial":false,"path_per_floor":["M","?","M","?","M","E","R","E","T","R","M","M","$","?","R","B",null,"M","?","$","?","?"],"character_chosen":"IRONCLAD","items_purchased":["Disarm","Metallicize","True Grit"],"campfire_rested":2,"item_purchase_floors":[13,20,20],"current_hp_per_floor":[70,52,58,96,91,63,91,78,78,78,57,43,43,43,71,77,96,48,48,48,48,0],"gold":2,"neow_bonus":"TWENTY_PERCENT_HP_BONUS","is_prod":false,"is_daily":false,"chose_seed":false,"campfire_upgraded":1,"win_rate":0,"timestamp":1546316711,"path_taken":["M","?","M","?","M","E","R","E","T","R","M","?","$","?","R","BOSS","M","?","?","?","?"],"build_version":"2018-12-20","purchased_purges":2,"victory":false,"max_hp_per_floor":[96,96,96,96,96,96,96,96,96,96,96,96,96,96,96,96,96,96,96,96,96,96],"card_choices":[{"not_picked":["Pummel","Disarm"],"picked":"Rupture","floor":1},{"not_picked":["Flex","Iron Wave"],"picked":"Rampage","floor":3},{"not_picked":["Ghostly Armor","Flex","Fire Breathing"],"picked":"SKIP","floor":5},{"not_picked":["Pommel Strike","Intimidate"],"picked":"Shrug It Off","floor":6},{"not_picked":["Rupture","Wild Strike"],"picked":"Dual Wield","floor":7},{"not_picked":["Ghostly Armor","Bloodletting"],"picked":"Barricade","floor":8},{"not_picked":["Perfected Strike","Blood for Blood"],"picked":"Armaments","floor":11},{"not_picked":["Wild Strike","Sever Soul"],"picked":"Spot Weakness","floor":12},{"not_picked":["Fire Breathing","Warcry"],"picked":"Clothesline","floor":15},{"not_picked":["Dark Embrace","Reaper"],"picked":"Impervious","floor":16},{"not_picked":["Perfected Strike","Rupture"],"picked":"Cleave","floor":18}],"player_experience":378133,"relics_obtained":[{"floor":6,"key":"Vajra"},{"floor":8,"key":"Sundial"},{"floor":9,"key":"Pen Nib"}],"event_choices":[{"damage_healed":0,"gold_gain":0,"player_choice":"Success","damage_taken":18,"relics_obtained":["Dream Catcher"],"max_hp_gain":0,"max_hp_loss":0,"event_name":"Scrap Ooze","floor":2,"gold_loss":0},{"cards_removed":["Rupture"],"damage_healed":38,"gold_gain":0,"player_choice":"Offered Uncommon","damage_taken":0,"max_hp_gain":0,"max_hp_loss":0,"event_name":"Bonfire Elementals","floor":4,"gold_loss":0},{"damage_healed":0,"gold_gain":0,"player_choice":"Ignored","damage_taken":0,"max_hp_gain":0,"max_hp_loss":0,"event_name":"Liars Game","floor":14,"gold_loss":0},{"damage_healed":0,"gold_gain":0,"player_choice":"Forge","damage_taken":0,"max_hp_gain":0,"max_hp_loss":0,"event_name":"Accursed Blacksmith","floor":19,"gold_loss":0,"cards_upgraded":["Armaments"]},{"damage_healed":0,"gold_gain":0,"player_choice":"Ignored","damage_taken":0,"max_hp_gain":0,"max_hp_loss":0,"event_name":"Beggar","floor":21,"gold_loss":0},{"damage_healed":0,"gold_gain":0,"player_choice":"Fight","damage_taken":0,"max_hp_gain":0,"max_hp_loss":0,"event_name":"Colosseum","floor":22,"gold_loss":0}],"is_beta":false,"boss_relics":[{"not_picked":["Philosopher\u0027s Stone","Eternal Feather"],"picked":"Black Star"}],"items_purged_floors":[13,20],"is_endless":false,"potions_floor_spawned":[1,3,11,12],"killed_by":"Colosseum Slavers","ascension_level":2}