{"gold_per_floor":[216,366,337,337,356,356,370,400,400,400,400,400,435,446,446,446],"floor_reached":16,"playtime":460,"items_purged":[],"score":186,"play_id":"7d72592d-2c6f-4fff-bad5-36c2e63e115c","local_time":"20190306224027","is_ascension_mode":true,"campfire_choices":[{"floor":6,"key":"REST"},{"floor":10,"key":"REST"},{"data":"Shrug It Off","floor":12,"key":"SMITH"},{"floor":15,"key":"REST"}],"neow_cost":"NONE","seed_source_timestamp":59975831855165,"circlet_count":0,"master_deck":["AscendersBane","Strike_R","Strike_R","Strike_R","Strike_R","Defend_R","Defend_R","Defend_R","Defend_R","Bash","Clothesline","Shrug It Off","Shrug It Off+1","Ghostly Armor","Wild Strike","Body Slam","Corruption"],"relics":["Burning Blood","Darkstone Periapt","Regal Pillow"],"potions_floor_usage":[16,16],"damage_taken":[{"damage":24,"enemies":"Jaw Worm","floor":1,"turns":4},{"damage":10,"enemies":"2 Louse","floor":5,"turns":3},{"damage":8,"enemies":"Cultist","floor":7,"turns":4},{"damage":44,"enemies":"Gremlin Nob","floor":13,"turns":5},{"damage":2,"enemies":"3 Louse","floor":14,"turns":4},{"damage":80,"enemies":"Hexaghost","floor":16,"turns":11}],"seed_played":"47353633802876953","potions_obtained":[{"floor":13,"key":"Strength Potion"},{"floor":14,"key":"Weak Potion"}],"is_trial":false,"path_per_floor":["M","?","$","?","M","R","M","?","T","R","?","R","E","M","R","B"],"character_chosen":"IRONCLAD","items_purchased":["Shrug It Off"],"campfire_rested":3,"item_purchase_floors":[3],"current_hp_per_floor":[50,50,50,50,46,68,66,66,66,75,75,75,37,41,75,0],"gold":446,"neow_bonus":"HUNDRED_GOLD","is_prod":false,"is_daily":false,"chose_seed":false,"campfire_upgraded":1,"win_rate":0,"timestamp":1551872427,"path_taken":["M","?","$","?","M","R","?","?","T","R","?","R","E","M","R","BOSS"],"build_version":"2019-01-23","purchased_purges":0,"victory":false,"max_hp_per_floor":[75,75,75,75,75,75,75,75,75,75,75,75,75,75,75,75],"card_choices":[{"not_picked":["Sword Boomerang","Seeing Red"],"picked":"Clothesline","floor":1},{"not_picked":["Metallicize","Carnage"],"picked":"Shrug It Off","floor":5},{"not_picked":["Wild Strike","Warcry"],"picked":"Ghostly Armor","floor":7},{"not_picked":["Flex","Heavy Blade"],"picked":"Body Slam","floor":13},{"not_picked":["Ghostly Armor","Flex"],"picked":"Corruption","floor":14}],"player_experience":814696,"relics_obtained":[{"floor":9,"key":"Darkstone Periapt"},{"floor":13,"key":"Regal Pillow"}],"event_choices":[{"damage_healed":0,"gold_gain":150,"player_choice":"AGREE","damage_taken":0,"max_hp_gain":0,"max_hp_loss":0,"event_name":"Liars Game","floor":2,"gold_loss":0,"cards_obtained":["Doubt"]},{"cards_removed":["Doubt"],"damage_healed":0,"gold_gain":0,"player_choice":"Purged","damage_taken":0,"max_hp_gain":0,"max_hp_loss":0,"event_name":"Purifier","floor":4,"gold_loss":0},{"damage_healed":0,"gold_gain":30,"player_choice":"Searched \u00272\u0027 times","damage_taken":0,"max_hp_gain":0,"max_hp_loss":0,"event_name":"Dead Adventurer","floor":8,"gold_loss":0},{"damage_healed":0,"gold_gain":0,"cards_transformed":["Strike_R"],"player_choice":"Change","damage_taken":0,"max_hp_gain":0,"max_hp_loss":0,"event_name":"Living Wall","floor":11,"gold_loss":0,"cards_obtained":["Wild Strike"]}],"is_beta":false,"boss_relics":[],"items_purged_floors":[],"is_endless":false,"potions_floor_spawned":[13,14],"killed_by":"Hexaghost","ascension_level":18}