{"gold_per_floor":[116,126,126,51,51,51,63,63,145,45,62,62,82,114,114,188,188,206,256,286,77,77,77,96,116,143,177,190,190,40,53,53,127,127,141,164,164,181,201,201,231,231,231,231,56,73,73,88,88,88],"floor_reached":50,"playtime":2591,"items_purged":["Pain","Strike_G","Defend_G","Defend_G","Defend_G"],"score":1130,"play_id":"a57916e7-e3b6-4f35-b242-43d4c2647f9d","local_time":"20190711100151","is_ascension_mode":true,"campfire_choices":[{"data":"Catalyst","floor":6.0,"key":"SMITH"},{"data":"Deadly Poison","floor":12.0,"key":"SMITH"},{"data":"Neutralize","floor":15.0,"key":"SMITH"},{"floor":23.0,"key":"REST"},{"data":"Footwork","floor":29.0,"key":"SMITH"},{"floor":32.0,"key":"REST"},{"data":"Adrenaline","floor":40.0,"key":"SMITH"},{"data":"Tactician","floor":42.0,"key":"SMITH"},{"floor":47,"key":"RECALL"},{"data":"Impatience","floor":49,"key":"SMITH"}],"neow_cost":"NONE","seed_source_timestamp":235165806638923,"circlet_count":0,"master_deck":["AscendersBane","Defend_G","Defend_G","Survivor","Neutralize+1","Catalyst+1","Acrobatics+1","Cloak And Dagger","Deadly Poison+1","Masterful Stab","Grand Finale","Night Terror+1","Blade Dance+1","Expertise+1","Backflip","Well Laid Plans+1","Footwork+1","PiercingWail","Adrenaline+1","Tactician+1","Impatience+1"],"special_seed":0,"relics":["Ring of the Snake","WarpedTongs","Letter Opener","Bag of Marbles","Astrolabe","Red Mask","PreservedInsect","Gremlin Horn","Philosopher\u0027s Stone","Mummified Hand","Mercury Hourglass"],"potions_floor_usage":[50],"damage_taken":[{"damage":4.0,"enemies":"Small Slimes","floor":1.0,"turns":5.0},{"damage":1.0,"enemies":"Cultist","floor":2.0,"turns":4.0},{"damage":0.0,"enemies":"Jaw Worm","floor":7.0,"turns":5.0},{"damage":12.0,"enemies":"Large Slime","floor":11.0,"turns":8.0},{"damage":0.0,"enemies":"Blue Slaver","floor":13.0,"turns":3.0},{"damage":10.0,"enemies":"3 Sentries","floor":14.0,"turns":10.0},{"damage":2.0,"enemies":"The Guardian","floor":16.0,"turns":10.0},{"damage":12.0,"enemies":"Shell Parasite","floor":18.0,"turns":6.0},{"damage":20.0,"enemies":"Masked Bandits","floor":20.0,"turns":4.0},{"damage":0.0,"enemies":"Chosen","floor":24.0,"turns":4.0},{"damage":2.0,"enemies":"Snake Plant","floor":25.0,"turns":3.0},{"damage":0.0,"enemies":"Gremlin Leader","floor":27.0,"turns":3.0},{"damage":22.0,"enemies":"Snecko","floor":28.0,"turns":6.0},{"damage":1.0,"enemies":"Sentry and Sphere","floor":31.0,"turns":3.0},{"damage":1.0,"enemies":"Automaton","floor":33.0,"turns":6.0},{"damage":3.0,"enemies":"3 Darklings","floor":35.0,"turns":2.0},{"damage":0.0,"enemies":"Orb Walker","floor":38.0,"turns":3.0},{"damage":0.0,"enemies":"Sphere and 2 Shapes","floor":39.0,"turns":2.0},{"damage":0.0,"enemies":"Nemesis","floor":41.0,"turns":3.0},{"damage":4,"enemies":"Maw","floor":46,"turns":4},{"damage":0,"enemies":"Spire Growth","floor":48,"turns":3},{"damage":20,"enemies":"Donu and Deca","floor":50,"turns":4}],"seed_played":"-1646633965269416465","potions_obtained":[{"floor":2.0,"key":"SpeedPotion"},{"floor":7.0,"key":"SteroidPotion"},{"floor":16.0,"key":"SteroidPotion"},{"floor":20.0,"key":"Block Potion"},{"floor":25.0,"key":"EntropicBrew"},{"floor":33.0,"key":"FearPotion"},{"floor":38.0,"key":"GamblersBrew"},{"floor":39.0,"key":"Dexterity Potion"}],"is_trial":false,"path_per_floor":["M","M","?","$","?","R","M","?","T","$","M","R","M","E","R","B",null,"M","?","?","$","?","R","M","M","T","E","M","R","$","M","R","B",null,"M","T","?","M","M","R","E","R","T","?","$","M","R","M","R","B"],"character_chosen":"THE_SILENT","items_purchased":["Well Laid Plans"],"campfire_rested":2,"item_purchase_floors":[21],"current_hp_per_floor":[55,54,54,54,54,54,54,54,54,54,42,42,42,32,32,30,57,45,45,25,25,25,44,44,42,42,42,20,20,20,19,38,37,59,56,56,56,56,56,56,56,56,56,46,46,42,42,42,42,22],"gold":88,"neow_bonus":"REMOVE_CARD","is_prod":false,"is_daily":false,"chose_seed":false,"campfire_upgraded":7,"win_rate":0,"timestamp":1562810511,"path_taken":["M","M","?","?","?","R","M","?","T","$","?","R","M","E","R","BOSS","M","?","?","$","?","R","M","M","T","E","M","R","$","M","R","BOSS","M","?","?","M","M","R","E","R","T","?","$","M","R","M","R","BOSS"],"build_version":"2019-07-05","purchased_purges":5,"victory":false,"max_hp_per_floor":[66,66,66,66,66,66,66,66,66,66,66,66,66,66,66,66,66,66,66,66,66,66,66,66,66,66,66,66,66,66,66,66,66,66,66,66,63,63,63,63,63,63,63,63,63,63,63,63,63,63],"card_choices":[{"not_picked":["Deflect","Calculated Gamble"],"picked":"Catalyst","floor":1.0},{"not_picked":["Flechettes","Distraction"],"picked":"Acrobatics","floor":2.0},{"not_picked":["Acrobatics","Blade Dance"],"picked":"Cloak And Dagger","floor":7.0},{"not_picked":["Crippling Poison","Eviscerate"],"picked":"Deadly Poison","floor":11.0},{"not_picked":["Flying Knee","Blur"],"picked":"Masterful Stab","floor":13.0},{"not_picked":["Caltrops","Flying Knee","Bane"],"picked":"SKIP","floor":14.0},{"not_picked":["Corpse Explosion","Phantasmal Killer"],"picked":"Grand Finale","floor":16.0},{"not_picked":["Dagger Throw","Poisoned Stab"],"picked":"Backflip","floor":18.0},{"not_picked":["Slice","Caltrops"],"picked":"Footwork","floor":24.0},{"not_picked":["Setup+1","Cloak And Dagger","Blur"],"picked":"SKIP","floor":25.0},{"not_picked":["Caltrops","Deflect","Riddle With Holes"],"picked":"SKIP","floor":27.0},{"not_picked":["Dagger Spray","Slice","Underhanded Strike"],"picked":"SKIP","floor":28.0},{"not_picked":["Underhanded Strike","Finisher"],"picked":"PiercingWail","floor":31.0},{"not_picked":["Wraith Form v2","Grand Finale"],"picked":"Adrenaline","floor":33.0},{"not_picked":["Masterful Stab+1","Acrobatics","Noxious Fumes"],"picked":"SKIP","floor":35.0},{"not_picked":["Endless Agony","Dodge and Roll","Cloak And Dagger"],"picked":"SKIP","floor":38.0},{"not_picked":["Heel Hook","Dagger Throw","Deadly Poison"],"picked":"SKIP","floor":39.0},{"not_picked":["Skewer","All Out Attack"],"picked":"Tactician","floor":41.0},{"not_picked":["Deep Breath","Purity"],"picked":"Impatience","floor":44},{"not_picked":["Flying Knee","PiercingWail","Terror"],"picked":"SKIP","floor":46},{"not_picked":["Outmaneuver","Bane+1","Tactician"],"picked":"SKIP","floor":48}],"player_experience":1096897,"relics_obtained":[{"floor":9.0,"key":"Letter Opener"},{"floor":14.0,"key":"Bag of Marbles"},{"floor":20.0,"key":"Red Mask"},{"floor":26.0,"key":"PreservedInsect"},{"floor":27.0,"key":"Gremlin Horn"},{"floor":41.0,"key":"Mummified Hand"},{"floor":43.0,"key":"Mercury Hourglass"}],"event_choices":[{"damage_healed":0.0,"max_hp_gain":0.0,"max_hp_loss":0.0,"gold_gain":0.0,"event_name":"Accursed Blacksmith","player_choice":"Rummage","floor":3.0,"gold_loss":0.0,"damage_taken":0.0,"relics_obtained":["WarpedTongs"],"cards_obtained":["Pain"]},{"damage_healed":0.0,"max_hp_gain":0.0,"max_hp_loss":0.0,"gold_gain":0.0,"event_name":"Living Wall","player_choice":"Grow","floor":5.0,"gold_loss":0.0,"damage_taken":0.0,"cards_upgraded":["Acrobatics"]},{"damage_healed":0.0,"max_hp_gain":0.0,"max_hp_loss":0.0,"gold_gain":0.0,"event_name":"Dead Adventurer","player_choice":"Searched \u00270\u0027 times","floor":8.0,"gold_loss":0.0,"damage_taken":0.0},{"damage_healed":0.0,"max_hp_gain":0.0,"max_hp_loss":0.0,"gold_gain":50.0,"event_name":"Nest","player_choice":"Stole From Cult","floor":19.0,"gold_loss":0.0,"damage_taken":0.0},{"damage_healed":0.0,"max_hp_gain":0.0,"max_hp_loss":0.0,"gold_gain":0.0,"event_name":"Masked Bandits","player_choice":"Fought Bandits","floor":20.0,"gold_loss":0.0,"damage_taken":0.0},{"damage_healed":0.0,"max_hp_gain":0.0,"max_hp_loss":0.0,"gold_gain":0.0,"event_name":"Upgrade Shrine","player_choice":"Upgraded","floor":22.0,"gold_loss":0.0,"damage_taken":0.0,"cards_upgraded":["Well Laid Plans"]},{"damage_healed":0.0,"max_hp_gain":0.0,"max_hp_loss":3.0,"gold_gain":0.0,"event_name":"Winding Halls","player_choice":"Max HP","floor":37.0,"gold_loss":0.0,"damage_taken":0.0},{"damage_healed":0,"gold_gain":0,"player_choice":"Memory 3","damage_taken":10,"max_hp_gain":0,"max_hp_loss":0,"event_name":"SensoryStone","floor":44,"gold_loss":0}],"is_beta":false,"boss_relics":[{"not_picked":["White Beast Statue","Coffee Dripper"],"picked":"Astrolabe"},{"not_picked":["Pandora\u0027s Box","Ring of the Serpent"],"picked":"Philosopher\u0027s Stone"}],"items_purged_floors":[4,10,21,30,45],"is_endless":false,"potions_floor_spawned":[2,7,16,20,25,33,38,39,46,48],"killed_by":"Donu and Deca","ascension_level":20}