{"gold_per_floor":[119,134,134,30,30,30,49,63,63,76,76,76,140,159,159,159],"floor_reached":16,"playtime":485,"items_purged":["Strike_G"],"score":184,"play_id":"5f1b0d95-dbcd-4131-a97a-4f0a44dc723a","local_time":"20190702102559","is_ascension_mode":true,"campfire_choices":[{"data":"Poisoned Stab","floor":6,"key":"SMITH"},{"data":"Acrobatics","floor":11,"key":"SMITH"},{"data":"Catalyst","floor":15,"key":"SMITH"}],"neow_cost":"TEN_PERCENT_HP_LOSS","seed_source_timestamp":64401685102274,"circlet_count":0,"master_deck":["AscendersBane","Strike_G","Strike_G","Defend_G","Defend_G","Defend_G","Defend_G","Survivor","Neutralize","Well Laid Plans+1","Acrobatics+1","Underhanded Strike","Poisoned Stab+1","Masterful Stab+1","Adrenaline","Catalyst+1"],"relics":["Ring of the Snake","FossilizedHelix","Tingsha","Bag of Marbles"],"potions_floor_usage":[],"damage_taken":[{"damage":7,"enemies":"Jaw Worm","floor":1,"turns":7},{"damage":1,"enemies":"Small Slimes","floor":2,"turns":4},{"damage":0,"enemies":"Cultist","floor":7,"turns":3},{"damage":0,"enemies":"Looter","floor":8,"turns":2},{"damage":0,"enemies":"3 Louse","floor":10,"turns":3},{"damage":0,"enemies":"Gremlin Nob","floor":13,"turns":3},{"damage":0,"enemies":"Blue Slaver","floor":14,"turns":1},{"damage":0,"enemies":"Slime Boss","floor":16,"turns":5}],"seed_played":"2293842304318813274","potions_obtained":[{"floor":2,"key":"SteroidPotion"}],"is_trial":false,"path_per_floor":["M","M","?","$","?","R","M","M","T","M","R","?","?","M","R","B"],"character_chosen":"THE_SILENT","items_purchased":["Poisoned Stab"],"campfire_rested":0,"item_purchase_floors":[4],"current_hp_per_floor":[52,51,51,51,46,46,46,46,46,46,46,28,28,28,28,28],"gold":159,"neow_bonus":"REMOVE_TWO","is_prod":false,"is_daily":false,"chose_seed":false,"campfire_upgraded":3,"win_rate":0,"timestamp":1562034359,"path_taken":["M","M","?","$","?","R","M","M","T","M","R","?","?","M","R","BOSS"],"build_version":"2019-07-01","purchased_purges":1,"victory":false,"max_hp_per_floor":[60,60,60,60,60,60,60,60,60,60,60,60,60,60,60,60],"card_choices":[{"not_picked":["Dagger Spray","Dagger Throw"],"picked":"Well Laid Plans","floor":1},{"not_picked":["Flechettes","Cloak And Dagger"],"picked":"Acrobatics","floor":2},{"not_picked":["Finisher","Underhanded Strike"],"picked":"Masterful Stab","floor":7},{"not_picked":["Dagger Throw","Masterful Stab"],"picked":"Adrenaline","floor":8},{"not_picked":["Cloak And Dagger","All Out Attack","Slice"],"picked":"SKIP","floor":10},{"not_picked":["Underhanded Strike","PiercingWail"],"picked":"Catalyst","floor":14}],"player_experience":1037318,"relics_obtained":[{"floor":9,"key":"Tingsha"},{"floor":13,"key":"Bag of Marbles"}],"event_choices":[{"damage_healed":0,"gold_gain":0,"cards_transformed":["Strike_G"],"player_choice":"Change","damage_taken":0,"max_hp_gain":0,"max_hp_loss":0,"event_name":"Living Wall","floor":3,"gold_loss":0,"cards_obtained":["Underhanded Strike"]},{"damage_healed":0,"gold_gain":0,"player_choice":"Success","damage_taken":5,"relics_obtained":["FossilizedHelix"],"max_hp_gain":0,"max_hp_loss":0,"event_name":"Scrap Ooze","floor":5,"gold_loss":0},{"damage_healed":0,"gold_gain":0,"player_choice":"Entered Light","damage_taken":18,"max_hp_gain":0,"max_hp_loss":0,"event_name":"Shining Light","floor":12,"gold_loss":0,"cards_upgraded":["Masterful Stab","Well Laid Plans"]},{"damage_healed":0,"gold_gain":0,"player_choice":"Searched \u00272\u0027 times","damage_taken":0,"max_hp_gain":0,"max_hp_loss":0,"event_name":"Dead Adventurer","floor":13,"gold_loss":0}],"is_beta":false,"boss_relics":[],"items_purged_floors":[4],"is_endless":false,"potions_floor_spawned":[2],"killed_by":"Slime Boss","ascension_level":20}