{"gold_per_floor":[111,123,23,23,33,62,62,76,150,162,175,175,29,29],"floor_reached":14,"playtime":758,"items_purged":["Strike_B","Strike_B"],"score":92,"play_id":"673feafb-8afb-4cbe-99c0-3973490d24d6","local_time":"20190808234212","is_ascension_mode":false,"campfire_choices":[{"floor":7,"key":"REST"}],"neow_cost":"TEN_PERCENT_HP_LOSS","seed_source_timestamp":600730092632562,"circlet_count":0,"master_deck":["Strike_B","Strike_B","Defend_B","Defend_B","Defend_B","Defend_B","Zap","Dualcast","Machine Learning","Barrage","Defragment","Go for the Eyes","Blizzard","Gash","Cold Snap","Conserve Battery","Gash","Go for the Eyes"],"relics":["Cracked Core","Torii","Letter Opener"],"potions_floor_usage":[10],"damage_taken":[{"damage":6,"enemies":"2 Louse","floor":1,"turns":3},{"damage":1,"enemies":"Cultist","floor":2,"turns":3},{"damage":1,"enemies":"Jaw Worm","floor":5,"turns":4},{"damage":57,"enemies":"Gremlin Nob","floor":6,"turns":5},{"damage":22,"enemies":"Gremlin Gang","floor":8,"turns":5},{"damage":2,"enemies":"Blue Slaver","floor":10,"turns":3},{"damage":1,"enemies":"Large Slime","floor":11,"turns":5}],"seed_played":"5236598652845860414","potions_obtained":[{"floor":2,"key":"Explosive Potion"},{"floor":6,"key":"GamblersBrew"},{"floor":10,"key":"FocusPotion"},{"floor":11,"key":"Fire Potion"}],"is_trial":false,"path_per_floor":["M","M","$","?","M","E","R","M","T","M","M","?","$","?"],"character_chosen":"DEFECT","items_purchased":["Go for the Eyes","Go for the Eyes"],"campfire_rested":1,"item_purchase_floors":[3,13],"current_hp_per_floor":[62,61,61,66,65,8,29,7,7,5,4,4,4,0],"gold":29,"neow_bonus":"THREE_RARE_CARDS","is_prod":false,"is_daily":false,"chose_seed":false,"campfire_upgraded":0,"win_rate":0,"timestamp":1565300532,"path_taken":["M","M","$","?","M","E","R","M","T","M","M","?","$","?"],"build_version":"2019-07-17","purchased_purges":2,"victory":false,"max_hp_per_floor":[68,68,68,73,73,73,73,73,73,73,73,73,73,73],"card_choices":[{"not_picked":["Fission","Reboot"],"picked":"Machine Learning","floor":0},{"not_picked":["Sweeping Beam","Aggregate"],"picked":"Barrage","floor":1},{"not_picked":["Hologram","Streamline"],"picked":"Defragment","floor":2},{"not_picked":["Rebound","Steam"],"picked":"Blizzard","floor":5},{"not_picked":["Redo","Skim"],"picked":"Gash","floor":6},{"not_picked":["Genetic Algorithm","Compile Driver"],"picked":"Cold Snap","floor":8},{"not_picked":["Beam Cell","Turbo"],"picked":"Conserve Battery","floor":10},{"not_picked":["Self Repair","Hyperbeam"],"picked":"Gash","floor":11}],"player_experience":193264,"relics_obtained":[{"floor":6,"key":"Torii"},{"floor":9,"key":"Letter Opener"}],"event_choices":[{"damage_healed":0,"gold_gain":0,"player_choice":"Donut","damage_taken":0,"max_hp_gain":5,"max_hp_loss":0,"event_name":"Big Fish","floor":4,"gold_loss":0},{"damage_healed":0,"gold_gain":0,"player_choice":"Ignored","damage_taken":0,"max_hp_gain":0,"max_hp_loss":0,"event_name":"Golden Idol","floor":12,"gold_loss":0}],"is_beta":false,"boss_relics":[],"items_purged_floors":[3,13],"is_endless":false,"potions_floor_spawned":[2,6,10,11],"ascension_level":0}