{"gold_per_floor":[112,112,1,76,251,251,290,290,339,355,393,393,412,412,412,532,532,518,85,101,201,219,237,237,276,303,321,321],"floor_reached":28,"playtime":1990,"items_purged":["Strike_B"],"score":308,"play_id":"1490c424-8374-43c9-9438-846847bc382a","local_time":"20190623031450","is_ascension_mode":true,"campfire_choices":[{"data":"Chill","floor":6.0,"key":"SMITH"},{"floor":8.0,"key":"REST"},{"floor":12.0,"key":"REST"},{"data":"Zap","floor":15.0,"key":"SMITH"},{"floor":24,"key":"REST"}],"neow_cost":"NONE","seed_source_timestamp":0,"circlet_count":0,"master_deck":["Strike_B","Strike_B","Defend_B","Defend_B+1","Defend_B","Defend_B","Zap+1","Dualcast","White Noise","Capacitor","Chill+1","Doubt","Ball Lightning","Compile Driver","Undo","Sunder","Seek+1","Capacitor","Pommel Strike+1","Flechettes+1","Cold Snap","Noxious Fumes","Barrage"],"special_seed":0,"relics":["FrozenCore","Golden Idol","Bag of Preparation","PreservedInsect","Omamori","Mercury Hourglass","PrismaticShard","Bronze Scales","War Paint","Oddly Smooth Stone"],"potions_floor_usage":[25,27],"damage_taken":[{"damage":4.0,"enemies":"2 Louse","floor":1.0,"turns":4.0},{"damage":27.0,"enemies":"3 Sentries","floor":7.0,"turns":9.0},{"damage":5.0,"enemies":"Jaw Worm","floor":10.0,"turns":3.0},{"damage":20.0,"enemies":"Gremlin Nob","floor":11.0,"turns":4.0},{"damage":0.0,"enemies":"Cultist","floor":13.0,"turns":3.0},{"damage":11.0,"enemies":"Slime Boss","floor":16.0,"turns":8.0},{"damage":15.0,"enemies":"2 Thieves","floor":18.0,"turns":5.0},{"damage":0.0,"enemies":"3 Byrds","floor":20.0,"turns":2.0},{"damage":42.0,"enemies":"Shelled Parasite and Fungi","floor":22.0,"turns":7.0},{"damage":0.0,"enemies":"Snecko","floor":23.0,"turns":5.0},{"damage":13,"enemies":"Book of Stabbing","floor":25,"turns":6},{"damage":3,"enemies":"3 Cultists","floor":27,"turns":5},{"damage":11,"enemies":"Snake Plant","floor":28,"turns":1}],"seed_played":"1946701576956552312","potions_obtained":[{"floor":1.0,"key":"GamblersBrew"},{"floor":10.0,"key":"Ancient Potion"},{"floor":11.0,"key":"Strength Potion"},{"floor":13.0,"key":"AttackPotion"},{"floor":20.0,"key":"SteroidPotion"},{"floor":22.0,"key":"Energy Potion"}],"is_trial":false,"path_per_floor":["M","?","$","?","?","R","E","R","T","M","E","R","M","T","R","B",null,"M","$","M","?","M","M","R","E","T","M","M"],"character_chosen":"DEFECT","items_purchased":["Capacitor","Chill","PrismaticShard","Bronze Scales"],"campfire_rested":3,"item_purchase_floors":[3,3,19,19],"current_hp_per_floor":[71,53,53,42,42,42,15,37,37,32,12,34,34,34,34,23,62,47,47,47,47,5,5,27,14,14,11,0],"gold":321,"neow_bonus":"REMOVE_CARD","is_prod":false,"is_daily":false,"chose_seed":false,"campfire_upgraded":2,"win_rate":0,"timestamp":1561274090,"path_taken":["M","?","$","?","?","R","E","R","T","M","E","R","M","?","R","BOSS","M","$","M","?","?","M","R","E","T","M","M"],"build_version":"2019-01-23","purchased_purges":1,"victory":false,"max_hp_per_floor":[75,75,75,75,75,75,75,75,75,75,75,75,75,75,75,75,75,75,75,75,75,75,75,75,75,75,75,75],"card_choices":[{"not_picked":["Leap","Chaos"],"picked":"White Noise","floor":1.0},{"not_picked":["Doom and Gloom","Hologram"],"picked":"Ball Lightning","floor":7.0},{"not_picked":["Reprogram","Heatsinks"],"picked":"Compile Driver","floor":10.0},{"not_picked":["Beam Cell","Heatsinks"],"picked":"Undo","floor":11.0},{"not_picked":["Gash","Conserve Battery"],"picked":"Sunder","floor":13.0},{"not_picked":["Reboot","Fission"],"picked":"Seek","floor":16.0},{"not_picked":["Tempest","Barrage+1"],"picked":"Capacitor","floor":18.0},{"not_picked":["Rupture","Coolheaded"],"picked":"Pommel Strike+1","floor":20.0},{"not_picked":["Noxious Fumes","Pummel"],"picked":"Flechettes+1","floor":22.0},{"not_picked":["Gash","Deadly Poison+1"],"picked":"Cold Snap","floor":23},{"not_picked":["Riddle With Holes","Feel No Pain"],"picked":"Noxious Fumes","floor":25},{"not_picked":["Reckless Charge","Cold Snap"],"picked":"Barrage","floor":27}],"player_experience":344004,"relics_obtained":[{"floor":7.0,"key":"Bag of Preparation"},{"floor":9.0,"key":"PreservedInsect"},{"floor":11.0,"key":"Omamori"},{"floor":14.0,"key":"Mercury Hourglass"},{"floor":25,"key":"War Paint"},{"floor":26,"key":"Oddly Smooth Stone"}],"event_choices":[{"damage_healed":0.0,"max_hp_gain":0.0,"max_hp_loss":0.0,"gold_gain":0.0,"event_name":"Golden Idol","player_choice":"Take Damage","floor":2.0,"gold_loss":0.0,"damage_taken":18.0,"relics_obtained":["Golden Idol"]},{"damage_healed":0.0,"max_hp_gain":0.0,"max_hp_loss":0.0,"gold_gain":75.0,"event_name":"World of Goop","player_choice":"Gather Gold","floor":4.0,"gold_loss":0.0,"damage_taken":11.0},{"damage_healed":0.0,"max_hp_gain":0.0,"max_hp_loss":0.0,"gold_gain":175.0,"event_name":"Liars Game","player_choice":"AGREE","floor":5.0,"gold_loss":0.0,"damage_taken":0.0,"cards_obtained":["Doubt"]},{"damage_healed":0.0,"max_hp_gain":0.0,"max_hp_loss":0.0,"gold_gain":100.0,"event_name":"Golden Shrine","player_choice":"Pray","floor":21.0,"gold_loss":0.0,"damage_taken":0.0}],"is_beta":false,"boss_relics":[{"not_picked":["Ectoplasm","Fusion Hammer"],"picked":"FrozenCore"}],"items_purged_floors":[19],"is_endless":false,"potions_floor_spawned":[1,10,11,13,20,22],"killed_by":"Snake Plant","ascension_level":5}