{"gold_per_floor":[117,42,42,42,42,68,68,94,94,113,113,126,146,171,171,171],"floor_reached":16,"playtime":360,"items_purged":["Strike_R"],"score":168,"play_id":"e94bc985-f86c-4483-859c-1efd96d5ac03","local_time":"20190520161855","is_ascension_mode":false,"campfire_choices":[{"floor":7,"key":"RECALL"},{"floor":15,"key":"REST"}],"neow_cost":"NONE","seed_source_timestamp":320697721522551,"circlet_count":0,"master_deck":["Strike_R","Strike_R","Strike_R","Strike_R+1","Defend_R+1","Defend_R","Defend_R","Defend_R","Bash","Armaments"],"relics":["Burning Blood","NeowsBlessing","PreservedInsect","Gremlin Horn","Ornamental Fan","Omamori"],"potions_floor_usage":[16,16],"damage_taken":[{"damage":0,"enemies":"2 Louse","floor":1,"turns":1},{"damage":0,"enemies":"Gremlin Nob","floor":6,"turns":1},{"damage":0,"enemies":"Lagavulin","floor":8,"turns":1},{"damage":6,"enemies":"Cultist","floor":10,"turns":3},{"damage":0,"enemies":"Small Slimes","floor":12,"turns":3},{"damage":16,"enemies":"2 Fungi Beasts","floor":13,"turns":4},{"damage":33,"enemies":"3 Sentries","floor":14,"turns":10},{"damage":56,"enemies":"Slime Boss","floor":16,"turns":9}],"seed_played":"-8140981357841804831","potions_obtained":[{"floor":6,"key":"PowerPotion"},{"floor":12,"key":"Weak Potion"},{"floor":14,"key":"GamblersBrew"}],"is_trial":false,"path_per_floor":["M","$","?","$","$","E","R","E","T","M","?","M","M","E","R","B"],"character_chosen":"IRONCLAD","items_purchased":[],"campfire_rested":1,"item_purchase_floors":[],"current_hp_per_floor":[80,80,80,80,80,80,80,80,80,80,64,70,60,33,57,1],"gold":171,"neow_bonus":"THREE_ENEMY_KILL","is_prod":false,"is_daily":false,"chose_seed":false,"campfire_upgraded":0,"win_rate":0,"timestamp":1558340335,"path_taken":["M","$","?","?","$","E","R","E","T","M","?","M","M","E","R","BOSS"],"build_version":"2019-01-23","purchased_purges":1,"victory":false,"max_hp_per_floor":[80,80,80,80,80,80,80,80,80,80,80,80,80,80,80,80],"card_choices":[{"not_picked":["Flex","Twin Strike","Clash"],"picked":"SKIP","floor":1},{"not_picked":["Cleave","Limit Break","Wild Strike"],"picked":"SKIP","floor":6},{"not_picked":["Clash","Sword Boomerang","Hemokinesis"],"picked":"SKIP","floor":8},{"not_picked":["Sever Soul","Havoc"],"picked":"Armaments","floor":10},{"not_picked":["Inflame","Sword Boomerang","Ghostly Armor"],"picked":"SKIP","floor":12},{"not_picked":["True Grit","Perfected Strike","Wild Strike"],"picked":"SKIP","floor":13},{"not_picked":["Seeing Red","Hemokinesis","Cleave"],"picked":"SKIP","floor":14}],"player_experience":899173,"relics_obtained":[{"floor":6,"key":"PreservedInsect"},{"floor":8,"key":"Gremlin Horn"},{"floor":9,"key":"Ornamental Fan"},{"floor":14,"key":"Omamori"}],"event_choices":[{"damage_healed":0,"gold_gain":0,"player_choice":"Ignored","damage_taken":0,"max_hp_gain":0,"max_hp_loss":0,"event_name":"NoteForYourself","floor":3,"gold_loss":0},{"damage_healed":0,"gold_gain":0,"player_choice":"Entered Light","damage_taken":16,"max_hp_gain":0,"max_hp_loss":0,"event_name":"Shining Light","floor":11,"gold_loss":0,"cards_upgraded":["Defend_R","Strike_R"]}],"is_beta":false,"boss_relics":[],"items_purged_floors":[2],"is_endless":false,"potions_floor_spawned":[6,12,14],"killed_by":"Slime Boss","ascension_level":0}