{"gold_per_floor":[113,123,298,20,20,20,31,60,85,85,111,138,138,155,155,257,257,223,39,50,50,63,63],"floor_reached":23,"playtime":1102,"items_purged":["Doubt","Strike_B"],"score":254,"play_id":"26e60da9-19cf-4f57-b1f5-4a976c127ce0","local_time":"20190125110056","is_ascension_mode":true,"campfire_choices":[{"floor":6.0,"key":"REST"},{"floor":10.0,"key":"REST"},{"floor":15.0,"key":"REST"}],"neow_cost":"PERCENT_DAMAGE","seed_source_timestamp":191082376019734,"circlet_count":0,"master_deck":["Strike_B+1","Strike_B","Strike_B+1","Defend_B","Defend_B","Defend_B","Defend_B","Zap","Dualcast","Apotheosis","Impatience","Capacitor","Sunder","Turbo","Auto Shields","FTL","Chill","Aggregate+1","Conserve Battery","Darkness","Leap+1","Force Field+1"],"special_seed":0,"relics":["Cracked Core","Bag of Marbles","Potion Belt","Strawberry","Whetstone","Singing Bowl","Bag of Preparation","Inserter"],"potions_floor_usage":[23,23],"damage_taken":[{"damage":0.0,"enemies":"Cultist","floor":1.0,"turns":3.0},{"damage":14.0,"enemies":"2 Louse","floor":2.0,"turns":2.0},{"damage":0.0,"enemies":"Small Slimes","floor":7.0,"turns":2.0},{"damage":30.0,"enemies":"3 Sentries","floor":8.0,"turns":8.0},{"damage":23.0,"enemies":"Gremlin Nob","floor":11.0,"turns":4.0},{"damage":0.0,"enemies":"Exordium Wildlife","floor":14.0,"turns":1.0},{"damage":7.0,"enemies":"Slime Boss","floor":16.0,"turns":9.0},{"damage":13.0,"enemies":"2 Thieves","floor":18.0,"turns":5.0},{"damage":19.0,"enemies":"Spheric Guardian","floor":20.0,"turns":7.0},{"damage":23.0,"enemies":"Snecko","floor":22.0,"turns":5.0},{"damage":42,"enemies":"Gremlin Leader","floor":23,"turns":4}],"seed_played":"-777132407784155905","potions_obtained":[{"floor":2.0,"key":"SkillPotion"},{"floor":11.0,"key":"SteroidPotion"},{"floor":14.0,"key":"Swift Potion"},{"floor":16.0,"key":"SpeedPotion"},{"floor":18.0,"key":"SpeedPotion"}],"is_trial":false,"path_per_floor":["M","M","?","$","?","R","M","E","T","R","E","T","?","M","R","B",null,"M","$","M","?","M","E"],"character_chosen":"DEFECT","items_purchased":["Bag of Marbles","Turbo","Conserve Battery","Darkness"],"campfire_rested":3,"item_purchase_floors":[4,4,19,19],"current_hp_per_floor":[54,40,40,40,40,62,62,39,39,63,42,42,47,47,73,68,91,78,78,59,59,36,0],"gold":63,"neow_bonus":"RANDOM_COLORLESS_2","is_prod":false,"is_daily":false,"chose_seed":false,"campfire_upgraded":0,"win_rate":0,"timestamp":1548374456,"path_taken":["M","?","?","$","?","R","?","E","T","R","E","?","?","M","R","BOSS","M","$","M","?","M","E"],"build_version":"2019-01-23","purchased_purges":2,"victory":false,"max_hp_per_floor":[75,75,75,75,75,75,75,82,82,82,84,84,89,89,89,91,91,91,91,91,91,91,91],"card_choices":[{"not_picked":["Steam Power","Go for the Eyes"],"picked":"Capacitor","floor":1.0},{"not_picked":["Redo","Conserve Battery"],"picked":"Sunder","floor":2.0},{"not_picked":["Barrage","Go for the Eyes"],"picked":"Auto Shields","floor":7.0},{"not_picked":["Gash","Barrage"],"picked":"FTL","floor":8.0},{"not_picked":["Barrage","Hologram","Rainbow"],"picked":"Singing Bowl","floor":11.0},{"not_picked":["Go for the Eyes","Aggregate"],"picked":"Chill","floor":14.0},{"not_picked":["Thunder Strike","Hyperbeam","Rainbow"],"picked":"Singing Bowl","floor":16.0},{"not_picked":["Undo+1","Streamline"],"picked":"Aggregate+1","floor":18.0},{"not_picked":["Redo","Turbo"],"picked":"Leap+1","floor":20.0},{"not_picked":["Genetic Algorithm","Turbo+1"],"picked":"Force Field+1","floor":22.0}],"player_experience":546253,"relics_obtained":[{"floor":8.0,"key":"Strawberry"},{"floor":9.0,"key":"Whetstone"},{"floor":11.0,"key":"Singing Bowl"},{"floor":12.0,"key":"Bag of Preparation"}],"event_choices":[{"damage_healed":0.0,"max_hp_gain":0.0,"max_hp_loss":0.0,"gold_gain":175.0,"event_name":"Liars Game","player_choice":"AGREE","floor":3.0,"gold_loss":0.0,"damage_taken":0.0,"cards_obtained":["Doubt"]},{"damage_healed":0.0,"max_hp_gain":0.0,"max_hp_loss":0.0,"gold_gain":0.0,"event_name":"WeMeetAgain","player_choice":"Gave Potion","floor":5.0,"gold_loss":0.0,"damage_taken":0.0,"relics_obtained":["Potion Belt"]},{"damage_healed":0.0,"max_hp_gain":5.0,"max_hp_loss":0.0,"gold_gain":0.0,"event_name":"Big Fish","player_choice":"Donut","floor":13.0,"gold_loss":0.0,"damage_taken":0.0},{"damage_healed":0.0,"max_hp_gain":0.0,"max_hp_loss":0.0,"gold_gain":0.0,"event_name":"Ghosts","player_choice":"Ignored","floor":21.0,"gold_loss":0.0,"damage_taken":0.0}],"is_beta":false,"boss_relics":[{"not_picked":["Eternal Feather","Runic Dome"],"picked":"Inserter"}],"items_purged_floors":[4,19],"is_endless":false,"potions_floor_spawned":[2,11,14,16,18],"killed_by":"Gremlin Leader","ascension_level":3}