{"gold_per_floor":[113,44,219,231,306,333,333,344,395,395],"floor_reached":10,"playtime":289,"items_purged":[],"score":66,"play_id":"8cb5e5db-9472-460e-b966-e4210066db08","local_time":"20181226202821","is_ascension_mode":false,"campfire_choices":[{"floor":7,"key":"REST"}],"neow_cost":"NONE","seed_source_timestamp":2196323803684711,"circlet_count":0,"master_deck":["Defend_G","Defend_G","Defend_G","Defend_G","Defend_G","Strike_G","Strike_G","Strike_G","Strike_G","Strike_G","Survivor","Neutralize","Deadly Poison","Catalyst","Doubt","Footwork","Choke","Well Laid Plans"],"relics":["Ring of the Snake","Juzu Bracelet","Snake Skull"],"potions_floor_usage":[],"damage_taken":[{"damage":0,"enemies":"Small Slimes","floor":1,"turns":4},{"damage":0,"enemies":"Cultist","floor":4,"turns":3},{"damage":65,"enemies":"Gremlin Nob","floor":6,"turns":6},{"damage":10,"enemies":"Jaw Worm","floor":8,"turns":5},{"damage":2,"enemies":"3 Sentries","floor":10,"turns":2}],"seed_played":"-7176566538396726664","potions_obtained":[],"is_trial":false,"path_per_floor":["M","$","?","M","?","E","R","M","T","E"],"character_chosen":"THE_SILENT","items_purchased":["Catalyst"],"campfire_rested":1,"item_purchase_floors":[2],"current_hp_per_floor":[77,77,77,77,66,1,24,14,14,12],"gold":395,"neow_bonus":"TEN_PERCENT_HP_BONUS","is_prod":false,"is_daily":false,"chose_seed":false,"campfire_upgraded":0,"win_rate":0,"timestamp":1545816501,"path_taken":["M","$","?","M","?","E","R","M","T","E"],"build_version":"2018-12-20","purchased_purges":0,"victory":false,"max_hp_per_floor":[77,77,77,77,77,77,77,77,77,77],"card_choices":[{"not_picked":["Outmaneuver","Deflect"],"picked":"Deadly Poison","floor":1},{"not_picked":["PiercingWail","Dodge and Roll"],"picked":"Footwork","floor":4},{"not_picked":["Blade Dance","Distraction"],"picked":"Choke","floor":6},{"not_picked":["Slice","Outmaneuver"],"picked":"Well Laid Plans","floor":8}],"player_experience":319507,"relics_obtained":[{"floor":6,"key":"Juzu Bracelet"},{"floor":9,"key":"Snake Skull"}],"event_choices":[{"damage_healed":0,"gold_gain":175,"player_choice":"AGREE","damage_taken":0,"max_hp_gain":0,"max_hp_loss":0,"event_name":"Liars Game","floor":3,"gold_loss":0,"cards_obtained":["Doubt"]},{"damage_healed":0,"gold_gain":75,"player_choice":"Gather Gold","damage_taken":11,"max_hp_gain":0,"max_hp_loss":0,"event_name":"World of Goop","floor":5,"gold_loss":0}],"is_beta":false,"boss_relics":[],"items_purged_floors":[],"is_endless":false,"potions_floor_spawned":[],"killed_by":"3 Sentries","ascension_level":0}