{"gold_per_floor":[116,116,128,138,151,179,194,194,194,229,229,243,243,258,258,258],"floor_reached":16,"playtime":728,"items_purged":[],"score":228,"play_id":"32e304bc-f267-476c-b44e-e9d19a4a0814","local_time":"20190623164118","is_ascension_mode":true,"campfire_choices":[{"data":"Acrobatics","floor":11,"key":"SMITH"},{"floor":13,"key":"REST"},{"floor":15,"key":"RECALL"}],"neow_cost":"NONE","seed_source_timestamp":451154502114843,"circlet_count":0,"master_deck":["AscendersBane","Defend_G","Defend_G","Defend_G","Defend_G","Defend_G","Strike_G","Strike_G","Strike_G","Strike_G","Strike_G","Survivor","Neutralize+1","PiercingWail+1","Acrobatics+1","Dash","Backflip+1","Deadly Poison+1","Crippling Poison+1"],"relics":["Ring of the Snake","NeowsBlessing","Toxic Egg 2","Dream Catcher"],"potions_floor_usage":[6,10,12,16],"damage_taken":[{"damage":0,"enemies":"Small Slimes","floor":1,"turns":1},{"damage":0,"enemies":"Cultist","floor":3,"turns":1},{"damage":0,"enemies":"2 Louse","floor":4,"turns":1},{"damage":1,"enemies":"Exordium Wildlife","floor":5,"turns":8},{"damage":26,"enemies":"3 Sentries","floor":6,"turns":15},{"damage":0,"enemies":"3 Louse","floor":7,"turns":6},{"damage":14,"enemies":"Lagavulin","floor":10,"turns":10},{"damage":9,"enemies":"Exordium Thugs","floor":12,"turns":6},{"damage":0,"enemies":"Exordium Wildlife","floor":14,"turns":4},{"damage":23,"enemies":"Hexaghost","floor":16,"turns":9}],"seed_played":"-6835858000956434483","potions_obtained":[{"floor":5,"key":"AttackPotion"},{"floor":6,"key":"FearPotion"},{"floor":8,"key":"Regen Potion"},{"floor":10,"key":"Swift Potion"},{"floor":12,"key":"FearPotion"}],"is_trial":false,"path_per_floor":["M","?","M","M","M","E","M","?","T","E","R","M","R","M","R","B"],"character_chosen":"THE_SILENT","items_purchased":[],"campfire_rested":1,"item_purchase_floors":[],"current_hp_per_floor":[59,39,39,39,38,12,12,12,12,13,13,4,23,23,23,0],"gold":258,"neow_bonus":"THREE_ENEMY_KILL","is_prod":false,"is_daily":false,"chose_seed":false,"campfire_upgraded":1,"win_rate":0,"timestamp":1561279278,"path_taken":["M","?","M","M","M","E","M","?","T","E","R","M","R","?","R","BOSS"],"build_version":"2019-01-23","purchased_purges":0,"victory":false,"max_hp_per_floor":[66,66,66,66,66,66,66,66,66,66,66,66,66,66,66,66],"card_choices":[{"not_picked":["Bane","Masterful Stab"],"picked":"PiercingWail","floor":1},{"not_picked":["PiercingWail","Slice"],"picked":"Acrobatics","floor":3},{"not_picked":["Dodge and Roll","Finisher","Terror"],"picked":"SKIP","floor":4},{"not_picked":["Blade Dance","Dagger Throw"],"picked":"Dash","floor":5},{"not_picked":["Cloak And Dagger","Terror"],"picked":"Backflip","floor":6},{"not_picked":["Cloak And Dagger+1","Backflip+1"],"picked":"Deadly Poison+1","floor":7},{"not_picked":["Choke","Outmaneuver+1","Bane"],"picked":"SKIP","floor":10},{"not_picked":["Unload","Quick Slash","Cloak And Dagger+1"],"picked":"SKIP","floor":12},{"not_picked":["Poisoned Stab","Flying Knee"],"picked":"Crippling Poison+1","floor":14}],"player_experience":1005853,"relics_obtained":[{"floor":6,"key":"Toxic Egg 2"},{"floor":10,"key":"Dream Catcher"}],"event_choices":[{"damage_healed":0,"gold_gain":0,"player_choice":"Entered Light","damage_taken":20,"max_hp_gain":0,"max_hp_loss":0,"event_name":"Shining Light","floor":2,"gold_loss":0,"cards_upgraded":["Neutralize","PiercingWail"]},{"damage_healed":0,"gold_gain":0,"player_choice":"Got Potions","damage_taken":0,"max_hp_gain":0,"max_hp_loss":0,"event_name":"Lab","floor":8,"gold_loss":0}],"is_beta":false,"boss_relics":[],"items_purged_floors":[],"is_endless":false,"potions_floor_spawned":[5,6,10,12],"killed_by":"Hexaghost","ascension_level":20}