{"gold_per_floor":[216,232,307,146,160,160,192,192,218,236,236,236,236,280,280,376,376,389,35,35],"floor_reached":20,"playtime":965,"items_purged":[],"score":333,"play_id":"8a4cfeef-a769-4539-a7b5-ae70843c70da","local_time":"20190303213659","is_ascension_mode":true,"campfire_choices":[{"floor":6,"key":"REST"},{"floor":8,"key":"REST"},{"data":"Uppercut","floor":11,"key":"SMITH"},{"floor":13,"key":"REST"},{"data":"Clothesline","floor":15,"key":"SMITH"}],"neow_cost":"NONE","seed_source_timestamp":647894258865984,"circlet_count":0,"master_deck":["AscendersBane","Strike_R","Strike_R","Strike_R","Strike_R","Strike_R","Defend_R","Defend_R","Defend_R","Defend_R","Bash","Uppercut+1","Clothesline+1","Ghostly Armor","Headbutt","Metallicize","Injury","Iron Wave","Demon Form","Armaments","Feel No Pain"],"relics":["Burning Blood","PreservedInsect","Ancient Tea Set","Orichalcum","Golden Idol","Letter Opener","White Beast Statue","Gremlin Horn"],"potions_floor_usage":[18],"damage_taken":[{"damage":19,"enemies":"Jaw Worm","floor":1,"turns":4},{"damage":7,"enemies":"2 Louse","floor":2,"turns":2},{"damage":4,"enemies":"Cultist","floor":5,"turns":3},{"damage":37,"enemies":"Lagavulin","floor":7,"turns":8},{"damage":5,"enemies":"3 Louse","floor":10,"turns":4},{"damage":9,"enemies":"3 Sentries","floor":14,"turns":6},{"damage":46,"enemies":"The Guardian","floor":16,"turns":14},{"damage":33,"enemies":"3 Byrds","floor":18,"turns":8},{"damage":44,"enemies":"Spheric Guardian","floor":20,"turns":5}],"seed_played":"8946786667721895747","potions_obtained":[{"floor":1,"key":"SteroidPotion"},{"floor":7,"key":"SteroidPotion"},{"floor":16,"key":"AttackPotion"},{"floor":18,"key":"SpeedPotion"}],"is_trial":false,"path_per_floor":["M","M","?","$","M","R","E","R","T","M","R","?","R","E","R","B",null,"M","$","M"],"character_chosen":"IRONCLAD","items_purchased":["PreservedInsect","Feel No Pain","Gremlin Horn"],"campfire_rested":3,"item_purchase_floors":[4,19,19],"current_hp_per_floor":[55,54,43,43,45,67,36,58,58,59,59,59,75,72,72,32,64,37,37,0],"gold":35,"neow_bonus":"HUNDRED_GOLD","is_prod":false,"is_daily":false,"chose_seed":false,"campfire_upgraded":2,"win_rate":0,"timestamp":1551609419,"path_taken":["M","M","?","$","M","R","E","R","T","M","R","?","R","E","R","BOSS","M","$","M"],"build_version":"2019-01-23","purchased_purges":0,"victory":false,"max_hp_per_floor":[75,75,75,75,75,75,75,75,75,75,75,75,75,75,75,75,75,75,75,75],"card_choices":[{"not_picked":["Evolve","Flex"],"picked":"Uppercut","floor":1},{"not_picked":["Wild Strike","Sword Boomerang"],"picked":"Clothesline","floor":2},{"not_picked":["Sword Boomerang","Thunderclap"],"picked":"Ghostly Armor","floor":5},{"not_picked":["Pummel","Dual Wield"],"picked":"Headbutt","floor":7},{"not_picked":["Clothesline","Havoc"],"picked":"Metallicize","floor":10},{"not_picked":["Clash","Intimidate"],"picked":"Iron Wave","floor":14},{"not_picked":["Feed","Double Tap"],"picked":"Demon Form","floor":16},{"not_picked":["Cleave","Perfected Strike"],"picked":"Armaments","floor":18}],"player_experience":793633,"relics_obtained":[{"floor":7,"key":"Ancient Tea Set"},{"floor":9,"key":"Orichalcum"},{"floor":14,"key":"Letter Opener"}],"event_choices":[{"damage_healed":0,"gold_gain":75,"player_choice":"Gather Gold","damage_taken":11,"max_hp_gain":0,"max_hp_loss":0,"event_name":"World of Goop","floor":3,"gold_loss":0},{"damage_healed":0,"gold_gain":0,"player_choice":"Take Wound","damage_taken":0,"relics_obtained":["Golden Idol"],"max_hp_gain":0,"max_hp_loss":0,"event_name":"Golden Idol","floor":12,"gold_loss":0,"cards_obtained":["Injury"]}],"is_beta":false,"boss_relics":[{"not_picked":["Runic Dome","Snecko Eye"],"picked":"White Beast Statue"}],"items_purged_floors":[],"is_endless":false,"potions_floor_spawned":[1,7,16,18],"killed_by":"Spheric Guardian","ascension_level":17}