{"gold_per_floor":[116,132,147,147,147,147,179,192,192,192,192],"floor_reached":11,"playtime":353,"items_purged":[],"score":110,"play_id":"285374f0-0ab1-44bc-8921-110305a4ed7e","local_time":"20190806045645","is_ascension_mode":true,"campfire_choices":[{"data":"Carnage","floor":6.0,"key":"SMITH"}],"neow_cost":"NONE","seed_source_timestamp":2274929949073300,"circlet_count":0,"master_deck":["AscendersBane","Strike_R","Strike_R","Defend_R","Defend_R","Defend_R","Defend_R","Bash","Pommel Strike+1","Carnage+1","Clash","Evolve","Intimidate+1"],"special_seed":0,"relics":["Empty Cage","Toxic Egg 2","Singing Bowl","Blue Candle"],"potions_floor_usage":[],"damage_taken":[{"damage":1.0,"enemies":"Cultist","floor":1.0,"turns":4.0},{"damage":8.0,"enemies":"2 Louse","floor":2.0,"turns":3.0},{"damage":5.0,"enemies":"Small Slimes","floor":3.0,"turns":3.0},{"damage":35.0,"enemies":"3 Sentries","floor":7.0,"turns":7.0},{"damage":10,"enemies":"Gremlin Gang","floor":8,"turns":5},{"damage":1,"enemies":"Looter","floor":11,"turns":1}],"seed_played":"-8535616733120149224","potions_obtained":[{"floor":7.0,"key":"Ancient Potion"}],"is_trial":false,"path_per_floor":["M","M","M","?","?","R","E","M","T","?","M"],"character_chosen":"IRONCLAD","items_purchased":[],"campfire_rested":0,"item_purchase_floors":[],"current_hp_per_floor":[71,63,58,58,46,46,11,1,1,1,0],"gold":192,"neow_bonus":"BOSS_RELIC","is_prod":false,"is_daily":false,"chose_seed":false,"campfire_upgraded":1,"win_rate":0,"timestamp":1565089005,"path_taken":["M","M","M","?","?","R","E","M","T","?","M"],"build_version":"2019-07-18","purchased_purges":0,"victory":false,"max_hp_per_floor":[80,80,80,80,80,80,80,80,80,80,80],"card_choices":[{"not_picked":["Havoc","Warcry","Perfected Strike"],"picked":"SKIP","floor":1.0},{"not_picked":["Sword Boomerang","Battle Trance"],"picked":"Pommel Strike","floor":2.0},{"not_picked":["Twin Strike","Burning Pact"],"picked":"Carnage","floor":3.0},{"not_picked":["Clothesline","Headbutt"],"picked":"Evolve","floor":7.0},{"not_picked":["Clash","Perfected Strike"],"picked":"Intimidate+1","floor":8}],"player_experience":197096,"relics_obtained":[{"floor":7.0,"key":"Singing Bowl"},{"floor":9,"key":"Blue Candle"}],"event_choices":[{"damage_healed":0.0,"max_hp_gain":0.0,"max_hp_loss":0.0,"gold_gain":0.0,"cards_transformed":["Strike_R"],"event_name":"Living Wall","player_choice":"Change","floor":4.0,"gold_loss":0.0,"damage_taken":0.0,"cards_obtained":["Clash"]},{"damage_healed":0.0,"max_hp_gain":0.0,"max_hp_loss":0.0,"gold_gain":0.0,"event_name":"Scrap Ooze","player_choice":"Success","floor":5.0,"gold_loss":0.0,"damage_taken":12.0,"relics_obtained":["Toxic Egg 2"]},{"damage_healed":0,"gold_gain":0,"player_choice":"Forge","damage_taken":0,"max_hp_gain":0,"max_hp_loss":0,"event_name":"Accursed Blacksmith","floor":10,"gold_loss":0,"cards_upgraded":["Pommel Strike"]}],"is_beta":true,"boss_relics":[],"items_purged_floors":[],"is_endless":false,"potions_floor_spawned":[7],"killed_by":"Looter","ascension_level":10}