{"gold_per_floor":[118,118,129,129,146,164,179,196,246,196,196,214,214,230,230,325,325,345,50,50,61,78,78,96,107,154,168,185,200,200,217,217,217],"floor_reached":33,"playtime":4352,"items_purged":[],"score":249,"play_id":"bf4108c6-0a82-46ac-8082-7d358f5feadc","local_time":"20190726005443","is_ascension_mode":false,"campfire_choices":[{"floor":11,"key":"REST"},{"floor":13,"key":"REST"},{"floor":15,"key":"REST"},{"floor":23,"key":"REST"},{"data":"Armaments","floor":32,"key":"SMITH"}],"neow_cost":"NONE","seed_source_timestamp":524836750379954,"circlet_count":0,"master_deck":["Strike_R","Strike_R","Defend_R","Defend_R","Bash+1","Clash+1","Thunderclap","Armaments","Inflame","Reaper","Armaments+1","Searing Blow+1","Power Through+1","Inflame","Armaments+1","Shrug It Off+1","Reaper"],"relics":["Runic Dome","Sundial","Centennial Puzzle","Astrolabe","Matryoshka","Bag of Preparation","Boot"],"potions_floor_usage":[16,16,16,33,33,33],"damage_taken":[{"damage":0,"enemies":"Small Slimes","floor":1,"turns":2},{"damage":6,"enemies":"Jaw Worm","floor":3,"turns":2},{"damage":0,"enemies":"2 Louse","floor":5,"turns":2},{"damage":0,"enemies":"Large Slime","floor":6,"turns":2},{"damage":0,"enemies":"Looter","floor":7,"turns":2},{"damage":7,"enemies":"Exordium Thugs","floor":8,"turns":3},{"damage":9,"enemies":"3 Louse","floor":12,"turns":3},{"damage":5,"enemies":"Looter","floor":14,"turns":2},{"damage":2,"enemies":"Slime Boss","floor":16,"turns":7},{"damage":5,"enemies":"Chosen","floor":18,"turns":4},{"damage":25,"enemies":"2 Thieves","floor":21,"turns":4},{"damage":2,"enemies":"Shelled Parasite and Fungi","floor":22,"turns":5},{"damage":21,"enemies":"3 Cultists","floor":24,"turns":5},{"damage":3,"enemies":"Cultist and Chosen","floor":25,"turns":7},{"damage":3,"enemies":"Snecko","floor":27,"turns":4},{"damage":45,"enemies":"3 Cultists","floor":28,"turns":6},{"damage":24,"enemies":"Chosen and Byrds","floor":29,"turns":10},{"damage":4,"enemies":"Centurion and Healer","floor":31,"turns":4},{"damage":105,"enemies":"Collector","floor":33,"turns":8}],"seed_played":"-4969726244969279861","potions_obtained":[{"floor":5,"key":"Weak Potion"},{"floor":8,"key":"SpeedPotion"},{"floor":12,"key":"EssenceOfSteel"},{"floor":14,"key":"Regen Potion"},{"floor":24,"key":"AttackPotion"},{"floor":25,"key":"Poison Potion"},{"floor":27,"key":"PowerPotion"}],"is_trial":false,"path_per_floor":["M","?","M","?","M","M","M","M","T","?","R","M","R","M","R","B",null,"M","$","?","M","M","R","M","M","T","M","M","M","?","M","R","B"],"character_chosen":"IRONCLAD","items_purchased":["Inflame","Matryoshka"],"campfire_rested":4,"item_purchase_floors":[19,19],"current_hp_per_floor":[80,64,58,40,40,40,40,33,33,33,57,48,72,67,80,80,80,75,75,75,55,53,77,59,76,76,77,46,43,43,75,75,0],"gold":217,"neow_bonus":"BOSS_RELIC","is_prod":false,"is_daily":false,"chose_seed":false,"campfire_upgraded":1,"win_rate":0.0,"timestamp":1564095283,"path_taken":["M","?","M","?","?","M","M","M","T","?","R","M","R","M","R","BOSS","M","$","?","M","M","R","M","M","T","M","M","M","?","M","R","BOSS"],"build_version":"2019-07-17","purchased_purges":0,"victory":false,"max_hp_per_floor":[80,80,80,80,80,80,80,80,80,80,80,80,80,80,80,80,80,80,80,80,80,80,80,80,80,80,80,80,80,80,80,80,80],"card_choices":[{"not_picked":["Heavy Blade","Pommel Strike"],"picked":"Clash","floor":1},{"not_picked":["Sword Boomerang","Double Tap"],"picked":"Thunderclap","floor":3},{"not_picked":["Bloodletting","Reckless Charge","Metallicize"],"picked":"SKIP","floor":5},{"not_picked":["Pummel","Anger","True Grit"],"picked":"SKIP","floor":6},{"not_picked":["Thunderclap","Shrug It Off"],"picked":"Armaments","floor":7},{"not_picked":["Clothesline","Flex","Iron Wave"],"picked":"SKIP","floor":8},{"not_picked":["Thunderclap","Sever Soul"],"picked":"Inflame","floor":12},{"not_picked":["Searing Blow","Metallicize","Iron Wave"],"picked":"SKIP","floor":14},{"not_picked":["Dark Embrace","Double Tap"],"picked":"Reaper","floor":16},{"not_picked":["Rupture","True Grit","Hemokinesis"],"picked":"SKIP","floor":18},{"not_picked":["Anger","Clothesline+1","Sword Boomerang"],"picked":"SKIP","floor":21},{"not_picked":["Body Slam","Clothesline"],"picked":"Armaments","floor":22},{"not_picked":["Headbutt+1","Sword Boomerang+1"],"picked":"Shrug It Off+1","floor":24},{"not_picked":["Flex","Pommel Strike","Body Slam+1"],"picked":"SKIP","floor":25},{"not_picked":["Heavy Blade","True Grit"],"picked":"Reaper","floor":27},{"not_picked":["Body Slam","Flex+1","Ghostly Armor"],"picked":"SKIP","floor":28},{"not_picked":["Reckless Charge+1","Body Slam","Clash"],"picked":"SKIP","floor":29},{"not_picked":["Pommel Strike","Heavy Blade","Fire Breathing"],"picked":"SKIP","floor":31}],"player_experience":18055,"relics_obtained":[{"floor":9,"key":"Centennial Puzzle"},{"floor":26,"key":"Bag of Preparation"},{"floor":26,"key":"Boot"}],"event_choices":[{"damage_healed":0,"gold_gain":0,"player_choice":"Entered Light","damage_taken":16,"max_hp_gain":0,"max_hp_loss":0,"event_name":"Shining Light","floor":2,"gold_loss":0,"cards_upgraded":["Bash","Clash"]},{"damage_healed":0,"gold_gain":0,"player_choice":"Success","damage_taken":18,"relics_obtained":["Sundial"],"max_hp_gain":0,"max_hp_loss":0,"event_name":"Scrap Ooze","floor":4,"gold_loss":0},{"cards_removed":["Strike_R"],"damage_healed":0,"gold_gain":0,"player_choice":"Card Removal","damage_taken":0,"max_hp_gain":0,"max_hp_loss":0,"event_name":"The Cleric","floor":10,"gold_loss":50},{"cards_removed":["Strike_R"],"damage_healed":0,"gold_gain":0,"player_choice":"Elegance","damage_taken":0,"max_hp_gain":0,"max_hp_loss":0,"event_name":"Back to Basics","floor":20,"gold_loss":0},{"damage_healed":0,"gold_gain":0,"player_choice":"Bought 0 Potions","damage_taken":0,"max_hp_gain":0,"max_hp_loss":0,"event_name":"The Woman in Blue","floor":30,"gold_loss":0}],"is_beta":false,"boss_relics":[{"not_picked":["Ectoplasm","Runic Cube"],"picked":"Astrolabe"}],"items_purged_floors":[],"is_endless":false,"potions_floor_spawned":[5,8,12,14,24,25,27,28],"killed_by":"Collector","ascension_level":0}