{"gold_per_floor":[112,130,130,148,169,169,169,169,169,94,137,10,31,44,44,133,133,157,157,157,157],"floor_reached":21,"playtime":981,"items_purged":["Strike_R"],"score":558,"play_id":"20a371c3-9e2a-49ce-9b43-3b9b79bdc450","local_time":"20190519085158","is_ascension_mode":true,"campfire_choices":[{"data":"Feel No Pain","floor":6.0,"key":"SMITH"},{"data":"Pommel Strike","floor":8.0,"key":"SMITH"},{"data":"Flex","floor":15.0,"key":"SMITH"}],"neow_cost":"NONE","seed_source_timestamp":0,"circlet_count":0,"master_deck":["AscendersBane","Strike_R","Strike_R","Strike_R","Defend_R","Defend_R","Defend_R","Defend_R","Bash","Burning Pact","Pommel Strike+1","Feel No Pain+1","Reaper","Second Wind","Feel No Pain","Flex+1","Barricade","Armaments+1"],"special_seed":0,"relics":["Burning Blood","Oddly Smooth Stone","Golden Idol","Bag of Preparation","Pantograph","Runic Pyramid"],"potions_floor_usage":[16,18],"damage_taken":[{"damage":6.0,"enemies":"Cultist","floor":1.0,"turns":4.0},{"damage":2.0,"enemies":"Small Slimes","floor":2.0,"turns":4.0},{"damage":6.0,"enemies":"Jaw Worm","floor":4.0,"turns":5.0},{"damage":20.0,"enemies":"Exordium Wildlife","floor":5.0,"turns":5.0},{"damage":10.0,"enemies":"3 Sentries","floor":11.0,"turns":16.0},{"damage":15.0,"enemies":"3 Louse","floor":13.0,"turns":6.0},{"damage":10.0,"enemies":"Blue Slaver","floor":14.0,"turns":6.0},{"damage":59,"enemies":"The Guardian","floor":16,"turns":17},{"damage":49,"enemies":"Shell Parasite","floor":18,"turns":6},{"damage":0,"enemies":"Masked Bandits","floor":21,"turns":1}],"seed_played":"-975054361670085488","potions_obtained":[{"floor":4.0,"key":"Ancient Potion"},{"floor":11.0,"key":"Explosive Potion"},{"floor":13.0,"key":"Swift Potion"}],"is_trial":false,"path_per_floor":["M","M","?","M","M","R","?","R","T","$","E","$","M","M","R","B",null,"M","?","?","?"],"character_chosen":"IRONCLAD","items_purchased":["Second Wind","Feel No Pain"],"campfire_rested":0,"item_purchase_floors":[12,12],"current_hp_per_floor":[68,72,68,68,54,54,54,54,54,54,50,50,53,52,52,15,55,15,15,15,15],"gold":157,"neow_bonus":"RANDOM_COMMON_RELIC","is_prod":false,"is_daily":false,"chose_seed":false,"campfire_upgraded":3,"win_rate":0,"timestamp":1558227118,"path_taken":["M","M","?","M","M","R","?","R","T","?","E","$","M","M","R","BOSS","M","?","?","?"],"build_version":"2019-01-23","purchased_purges":1,"victory":false,"max_hp_per_floor":[75,75,68,68,68,68,68,68,68,68,68,68,68,68,68,68,68,68,68,68,68],"card_choices":[{"not_picked":["Wild Strike","Hemokinesis"],"picked":"Burning Pact","floor":1.0},{"not_picked":["Clothesline","Bloodletting","Flex"],"picked":"SKIP","floor":2.0},{"not_picked":["Havoc","Combust"],"picked":"Pommel Strike","floor":4.0},{"not_picked":["Infernal Blade","Searing Blow"],"picked":"Feel No Pain","floor":5.0},{"not_picked":["Burning Pact","Anger"],"picked":"Reaper","floor":11.0},{"not_picked":["Sword Boomerang","Headbutt","Heavy Blade"],"picked":"SKIP","floor":13.0},{"not_picked":["Body Slam","Second Wind"],"picked":"Flex","floor":14.0},{"not_picked":["Impervious","Brutality"],"picked":"Barricade","floor":16},{"not_picked":["True Grit","Carnage"],"picked":"Armaments+1","floor":18}],"player_experience":880218,"relics_obtained":[{"floor":9.0,"key":"Bag of Preparation"},{"floor":11.0,"key":"Pantograph"}],"event_choices":[{"damage_healed":0.0,"max_hp_gain":0.0,"max_hp_loss":7.0,"gold_gain":0.0,"event_name":"Golden Idol","player_choice":"Lose Max HP","floor":3.0,"gold_loss":0.0,"damage_taken":0.0,"relics_obtained":["Golden Idol"]},{"damage_healed":0.0,"max_hp_gain":0.0,"max_hp_loss":0.0,"gold_gain":0.0,"event_name":"Liars Game","player_choice":"Ignored","floor":7.0,"gold_loss":0.0,"damage_taken":0.0},{"damage_healed":0,"gold_gain":0,"player_choice":"Ignored","damage_taken":0,"max_hp_gain":0,"max_hp_loss":0,"event_name":"Vampires","floor":19,"gold_loss":0},{"cards_removed":["Strike_R"],"damage_healed":0,"gold_gain":0,"player_choice":"Elegance","damage_taken":0,"max_hp_gain":0,"max_hp_loss":0,"event_name":"Back to Basics","floor":20,"gold_loss":0},{"damage_healed":0,"gold_gain":0,"player_choice":"Fought Bandits","damage_taken":0,"max_hp_gain":0,"max_hp_loss":0,"event_name":"Masked Bandits","floor":21,"gold_loss":0}],"is_beta":false,"boss_relics":[{"not_picked":["Lizard Tail","Black Star"],"picked":"Runic Pyramid"}],"items_purged_floors":[10],"is_endless":false,"potions_floor_spawned":[4,11,13,14],"killed_by":"Masked Bandits","ascension_level":20}