{"gold_per_floor":[112,132,132,132,132,132,144,144,144,11,11,39,51,51,51,128,128,145,145,175,175],"floor_reached":21,"playtime":651,"items_purged":[],"score":350,"play_id":"54e21937-7ad6-4c11-b2be-7ee6dbc1cdb7","local_time":"20190524224304","is_ascension_mode":true,"campfire_choices":[{"data":"Zap","floor":6,"key":"SMITH"},{"floor":8,"key":"REST"},{"data":"Sunder","floor":15,"key":"SMITH"}],"neow_cost":"NONE","seed_source_timestamp":0,"circlet_count":0,"master_deck":["AscendersBane","Strike_B+1","Defend_B","Defend_B","Defend_B","Defend_B","Zap+1","Dualcast","Cold Snap+1","Capacitor","Compile Driver","Sunder+1","Turbo","Electrodynamics","Seek","Hologram","Biased Cognition","Glacier"],"special_seed":0,"relics":["Cracked Core","Dream Catcher","Letter Opener","Pen Nib","Lantern","Empty Cage","Red Mask"],"potions_floor_usage":[12,16,19],"damage_taken":[{"damage":2,"enemies":"Small Slimes","floor":1,"turns":3},{"damage":4,"enemies":"Jaw Worm","floor":2,"turns":3},{"damage":7,"enemies":"2 Louse","floor":7,"turns":4},{"damage":33,"enemies":"3 Sentries","floor":12,"turns":5},{"damage":4,"enemies":"Looter","floor":13,"turns":2},{"damage":10,"enemies":"Slime Boss","floor":16,"turns":6},{"damage":29,"enemies":"2 Thieves","floor":18,"turns":3},{"damage":10,"enemies":"Colosseum Slavers","floor":19,"turns":3},{"damage":15,"enemies":"Masked Bandits","floor":20,"turns":3},{"damage":4,"enemies":"Chosen","floor":21,"turns":3}],"seed_played":"4312082629903054854","potions_obtained":[{"floor":7,"key":"Regen Potion"},{"floor":12,"key":"GamblersBrew"},{"floor":13,"key":"Energy Potion"},{"floor":18,"key":"SpeedPotion"}],"is_trial":false,"path_per_floor":["M","M","?","?","T","R","M","R","T","$","?","E","M","$","R","B",null,"M","?","?","M"],"character_chosen":"DEFECT","items_purchased":["Sunder","Turbo"],"campfire_rested":1,"item_purchase_floors":[10,10],"current_hp_per_floor":[62,58,58,37,37,37,30,51,51,51,51,32,28,28,28,18,58,29,19,4,0],"gold":175,"neow_bonus":"RANDOM_COMMON_RELIC","is_prod":false,"is_daily":false,"chose_seed":false,"campfire_upgraded":2,"win_rate":0,"timestamp":1558708984,"path_taken":["M","M","?","?","?","R","M","R","T","$","?","E","M","$","R","BOSS","M","?","?","?"],"build_version":"2019-01-23","purchased_purges":0,"victory":false,"max_hp_per_floor":[71,71,71,71,71,71,71,71,71,71,71,71,71,71,71,71,71,71,71,71,71],"card_choices":[{"not_picked":["Beam Cell","Melter","Leap"],"picked":"SKIP","floor":1},{"not_picked":["Melter","Hologram"],"picked":"Cold Snap","floor":2},{"not_picked":["Rebound","Barrage"],"picked":"Capacitor","floor":7},{"not_picked":["Leap","Rebound"],"picked":"Compile Driver","floor":8},{"not_picked":["Scrape","Rebound"],"picked":"Seek","floor":12},{"not_picked":["Turbo","Stack"],"picked":"Hologram","floor":13},{"not_picked":["Multi-Cast","Seek"],"picked":"Biased Cognition","floor":16},{"not_picked":["Fusion","Stack","Barrage+1"],"picked":"SKIP","floor":18},{"not_picked":["Sweeping Beam","Consume"],"picked":"Glacier","floor":20}],"player_experience":938643,"relics_obtained":[{"floor":5,"key":"Letter Opener"},{"floor":9,"key":"Pen Nib"},{"floor":12,"key":"Lantern"},{"floor":20,"key":"Red Mask"}],"event_choices":[{"damage_healed":0,"gold_gain":0,"player_choice":"Ignored","damage_taken":0,"max_hp_gain":0,"max_hp_loss":0,"event_name":"Liars Game","floor":3,"gold_loss":0},{"damage_healed":0,"gold_gain":0,"player_choice":"Entered Light","damage_taken":21,"max_hp_gain":0,"max_hp_loss":0,"event_name":"Shining Light","floor":4,"gold_loss":0,"cards_upgraded":["Cold Snap","Strike_B"]},{"damage_healed":0,"gold_gain":0,"cards_transformed":["Strike_B"],"player_choice":"Change","damage_taken":0,"max_hp_gain":0,"max_hp_loss":0,"event_name":"Living Wall","floor":11,"gold_loss":0,"cards_obtained":["Electrodynamics"]},{"damage_healed":0,"gold_gain":0,"player_choice":"Fight","damage_taken":0,"max_hp_gain":0,"max_hp_loss":0,"event_name":"Colosseum","floor":19,"gold_loss":0},{"damage_healed":0,"gold_gain":0,"player_choice":"Fled From Nobs","damage_taken":0,"max_hp_gain":0,"max_hp_loss":0,"event_name":"Colosseum","floor":19,"gold_loss":0},{"damage_healed":0,"gold_gain":0,"player_choice":"Fought Bandits","damage_taken":0,"max_hp_gain":0,"max_hp_loss":0,"event_name":"Masked Bandits","floor":20,"gold_loss":0}],"is_beta":false,"boss_relics":[{"not_picked":["FrozenCore","Fusion Hammer"],"picked":"Empty Cage"}],"items_purged_floors":[],"is_endless":false,"potions_floor_spawned":[7,12,13,18],"killed_by":"Chosen","ascension_level":20}