{"gold_per_floor":[112,127,127,141,141,141,174,187,266,266,266,138,138,172,172,172],"floor_reached":16,"playtime":750,"items_purged":["Strike_R"],"score":113,"play_id":"34a3864a-a9dd-4d96-88c0-f51a76673261","local_time":"20181216231359","is_ascension_mode":true,"campfire_choices":[{"floor":6,"key":"RECALL"},{"floor":10,"key":"REST"},{"floor":15,"key":"REST"}],"neow_cost":"NONE","seed_source_timestamp":1829935984501142,"circlet_count":0,"master_deck":["Strike_R","Strike_R","Defend_R","Defend_R","Defend_R","Defend_R","Bash","Pommel Strike","Impervious","Metallicize","Shrug It Off","Armaments","Power Through","Cleave"],"relics":["Burning Blood","Charon\u0027s Ashes","Oddly Smooth Stone","Orichalcum"],"potions_floor_usage":[8,14,14],"damage_taken":[{"damage":1,"enemies":"2 Louse","floor":1,"turns":4},{"damage":6,"enemies":"Jaw Worm","floor":2,"turns":3},{"damage":10,"enemies":"Small Slimes","floor":4,"turns":3},{"damage":45,"enemies":"Lagavulin","floor":7,"turns":8},{"damage":10,"enemies":"Looter","floor":8,"turns":3},{"damage":28,"enemies":"Gremlin Nob","floor":14,"turns":6},{"damage":65,"enemies":"Hexaghost","floor":16,"turns":18}],"seed_played":"-4784070454993799521","potions_obtained":[{"floor":1,"key":"Swift Potion"},{"floor":4,"key":"SteroidPotion"},{"floor":8,"key":"Weak Potion"}],"is_trial":false,"path_per_floor":["M","M","?","M","?","R","E","M","T","R","?","$","?","E","R","B"],"character_chosen":"IRONCLAD","items_purchased":["Armaments"],"campfire_rested":2,"item_purchase_floors":[12],"current_hp_per_floor":[80,80,85,81,81,81,42,38,38,63,60,60,60,38,63,0],"gold":172,"neow_bonus":"REMOVE_CARD","is_prod":false,"is_daily":false,"chose_seed":false,"campfire_upgraded":0,"win_rate":0,"timestamp":1544962439,"path_taken":["M","M","?","M","?","R","E","M","T","R","?","$","?","E","R","BOSS"],"build_version":"2018-12-13","purchased_purges":1,"victory":false,"max_hp_per_floor":[80,80,85,85,85,85,85,85,85,85,85,85,85,85,85,85],"card_choices":[{"not_picked":["Rage","Burning Pact"],"picked":"Pommel Strike","floor":1},{"not_picked":["Anger","Carnage","Clash"],"picked":"SKIP","floor":2},{"not_picked":["Heavy Blade","Power Through"],"picked":"Impervious","floor":4},{"not_picked":["Headbutt","Havoc"],"picked":"Metallicize","floor":7},{"not_picked":["Heavy Blade","Seeing Red"],"picked":"Shrug It Off","floor":8},{"not_picked":["Anger","Armaments"],"picked":"Cleave","floor":14}],"player_experience":260152,"relics_obtained":[{"floor":7,"key":"Charon\u0027s Ashes"},{"floor":14,"key":"Orichalcum"}],"event_choices":[{"damage_healed":0,"gold_gain":0,"player_choice":"Donut","damage_taken":0,"max_hp_gain":5,"max_hp_loss":0,"event_name":"Big Fish","floor":3,"gold_loss":0},{"damage_healed":0,"gold_gain":0,"player_choice":"Ignored","damage_taken":0,"max_hp_gain":0,"max_hp_loss":0,"event_name":"Shining Light","floor":5,"gold_loss":0},{"damage_healed":0,"gold_gain":0,"player_choice":"Success","damage_taken":3,"relics_obtained":["Oddly Smooth Stone"],"max_hp_gain":0,"max_hp_loss":0,"event_name":"Scrap Ooze","floor":11,"gold_loss":0},{"damage_healed":0,"gold_gain":0,"cards_transformed":["Strike_R"],"player_choice":"Change","damage_taken":0,"max_hp_gain":0,"max_hp_loss":0,"event_name":"Living Wall","floor":13,"gold_loss":0,"cards_obtained":["Power Through"]}],"is_beta":false,"boss_relics":[],"items_purged_floors":[12],"is_endless":false,"potions_floor_spawned":[1,4,8],"killed_by":"Hexaghost","ascension_level":1}