{"gold_per_floor":[17,37,48,59,74,74,91,16,65,5,5,16,16,33,33,108,108,123,135,135,135,152,152,168,186,186,186,186],"floor_reached":28,"playtime":1091,"items_purged":[],"score":432,"play_id":"3610eca7-4ef6-4b0d-bd3c-d0b475c5cf3f","local_time":"20190503132738","is_ascension_mode":true,"campfire_choices":[{"data":"Armaments","floor":6.0,"key":"SMITH"},{"data":"Searing Blow","floor":11.0,"key":"SMITH"},{"data":"Searing Blow+1","floor":13.0,"key":"SMITH"},{"data":"Searing Blow+2","floor":15.0,"key":"SMITH"},{"data":"Searing Blow+3","floor":23.0,"key":"SMITH"},{"data":"Searing Blow+4","floor":27,"key":"SMITH"}],"neow_cost":"NO_GOLD","seed_source_timestamp":963775378110324,"circlet_count":0,"master_deck":["AscendersBane","Defend_R","Defend_R","Defend_R","Defend_R","Intimidate","Clash","Searing Blow+5","Carnage","Evolve","Armaments+1","Offering","Double Tap","Dark Embrace+1","Havoc+1","Double Tap+1","Rampage"],"special_seed":0,"relics":["Burning Blood","Orichalcum","Astrolabe","FaceOfCleric","Oddly Smooth Stone"],"potions_floor_usage":[24],"damage_taken":[{"damage":4.0,"enemies":"Jaw Worm","floor":1.0,"turns":4.0},{"damage":1.0,"enemies":"2 Louse","floor":2.0,"turns":3.0},{"damage":4.0,"enemies":"Small Slimes","floor":3.0,"turns":4.0},{"damage":11.0,"enemies":"Blue Slaver","floor":4.0,"turns":4.0},{"damage":29.0,"enemies":"Lots of Slimes","floor":5.0,"turns":5.0},{"damage":4.0,"enemies":"2 Fungi Beasts","floor":7.0,"turns":4.0},{"damage":19.0,"enemies":"Exordium Wildlife","floor":12.0,"turns":4.0},{"damage":8.0,"enemies":"Lots of Slimes","floor":14.0,"turns":5.0},{"damage":24.0,"enemies":"The Guardian","floor":16.0,"turns":11.0},{"damage":18.0,"enemies":"3 Byrds","floor":18.0,"turns":5.0},{"damage":9.0,"enemies":"Shell Parasite","floor":19.0,"turns":3.0},{"damage":24.0,"enemies":"Centurion and Healer","floor":22.0,"turns":7.0},{"damage":0,"enemies":"Snake Plant","floor":24,"turns":2},{"damage":21,"enemies":"Cultist and Chosen","floor":25,"turns":7},{"damage":6,"enemies":"Chosen and Byrds","floor":28,"turns":3}],"seed_played":"5498074475028662957","potions_obtained":[{"floor":3.0,"key":"Poison Potion"},{"floor":4.0,"key":"SkillPotion"},{"floor":7.0,"key":"Explosive Potion"},{"floor":14.0,"key":"SteroidPotion"},{"floor":19.0,"key":"Poison Potion"},{"floor":22.0,"key":"Poison Potion"}],"is_trial":false,"path_per_floor":["M","M","M","M","M","R","M","?","T","?","R","M","R","M","R","B",null,"M","M","?","?","M","R","M","M","T","R","M"],"character_chosen":"IRONCLAD","items_purchased":[],"campfire_rested":0,"item_purchase_floors":[],"current_hp_per_floor":[70,75,75,70,47,47,49,49,49,49,49,36,36,34,34,16,60,48,45,45,45,28,28,35,21,21,21,15],"gold":186,"neow_bonus":"TRANSFORM_TWO_CARDS","is_prod":false,"is_daily":false,"chose_seed":false,"campfire_upgraded":6,"win_rate":0,"timestamp":1556861258,"path_taken":["M","M","M","M","M","R","M","?","T","?","R","M","R","M","R","BOSS","M","M","?","?","M","R","M","?","T","R","M"],"build_version":"2019-01-23","purchased_purges":0,"victory":false,"max_hp_per_floor":[75,75,75,75,75,75,75,75,75,75,75,75,75,75,75,75,75,75,75,75,75,76,76,77,78,78,78,78],"card_choices":[{"not_picked":["Body Slam","Infernal Blade","Anger"],"picked":"SKIP","floor":1.0},{"not_picked":["Heavy Blade","Fire Breathing"],"picked":"Searing Blow","floor":2.0},{"not_picked":["Pummel","Clash"],"picked":"Carnage","floor":3.0},{"not_picked":["Shrug It Off","Body Slam"],"picked":"Evolve","floor":4.0},{"not_picked":["Thunderclap","Searing Blow"],"picked":"Armaments","floor":5.0},{"not_picked":["Perfected Strike","Pommel Strike"],"picked":"Offering","floor":7.0},{"not_picked":["Wild Strike","Rage","Flex"],"picked":"SKIP","floor":12.0},{"not_picked":["Intimidate","Warcry","Pummel"],"picked":"SKIP","floor":14.0},{"not_picked":["Bludgeon","Barricade"],"picked":"Double Tap","floor":16.0},{"not_picked":["Flex+1","Sever Soul+1","True Grit"],"picked":"SKIP","floor":18.0},{"not_picked":["Combust","Bloodletting+1","Sword Boomerang"],"picked":"SKIP","floor":19.0},{"not_picked":["Headbutt","Shrug It Off"],"picked":"Rampage","floor":22.0},{"not_picked":["Flex","Spot Weakness","Sentinel"],"picked":"SKIP","floor":24},{"not_picked":["Sentinel","Metallicize","Reckless Charge"],"picked":"SKIP","floor":25}],"player_experience":807774,"relics_obtained":[{"floor":9.0,"key":"Orichalcum"},{"floor":26,"key":"Oddly Smooth Stone"}],"event_choices":[{"cards_removed":["Strike_R"],"damage_healed":0.0,"max_hp_gain":0.0,"max_hp_loss":0.0,"gold_gain":0.0,"event_name":"The Cleric","player_choice":"Card Removal","floor":8.0,"gold_loss":75.0,"damage_taken":0.0},{"damage_healed":0.0,"max_hp_gain":0.0,"max_hp_loss":0.0,"gold_gain":0.0,"event_name":"World of Goop","player_choice":"Left Gold","floor":10.0,"gold_loss":60.0,"damage_taken":0.0},{"damage_healed":0.0,"max_hp_gain":0.0,"max_hp_loss":0.0,"gold_gain":0.0,"event_name":"The Mausoleum","player_choice":"Ignored","floor":20.0,"gold_loss":0.0,"damage_taken":0.0},{"damage_healed":0.0,"max_hp_gain":0.0,"max_hp_loss":0.0,"gold_gain":0.0,"event_name":"FaceTrader","player_choice":"Trade","floor":21.0,"gold_loss":0.0,"damage_taken":0.0,"relics_obtained":["FaceOfCleric"]}],"is_beta":false,"boss_relics":[{"not_picked":["Black Blood","Orrery"],"picked":"Astrolabe"}],"items_purged_floors":[],"is_endless":false,"potions_floor_spawned":[3,4,7,14,19,22],"killed_by":"Chosen and Byrds","ascension_level":20}