{"gold_per_floor":[119,136,156,171,19,53,53,63,63,24,55,55,55,7,7,7],"floor_reached":16,"playtime":649,"items_purged":[],"score":154,"play_id":"58d97fe2-7c23-42c1-96fe-563a26d7d581","local_time":"20190805115455","is_ascension_mode":true,"campfire_choices":[{"data":"Flex","floor":13,"key":"SMITH"},{"data":"Twin Strike","floor":15,"key":"SMITH"}],"neow_cost":"NONE","seed_source_timestamp":2213422522426399,"circlet_count":0,"master_deck":["Strike_R","Strike_R","Strike_R","Strike_R","Strike_R","Defend_R","Defend_R","Defend_R","Defend_R","Bash","Cleave","Flex+1","Evolve","Heavy Blade","Metallicize","Limit Break","Metallicize","Twin Strike+1","Ghostly Armor","Shrug It Off"],"relics":["Burning Blood","Pen Nib","Centennial Puzzle","Nunchaku","Peace Pipe","Turnip"],"potions_floor_usage":[16],"damage_taken":[{"damage":15,"enemies":"Cultist","floor":1,"turns":5},{"damage":3,"enemies":"Jaw Worm","floor":2,"turns":4},{"damage":8,"enemies":"Small Slimes","floor":3,"turns":3},{"damage":11,"enemies":"Blue Slaver","floor":4,"turns":4},{"damage":29,"enemies":"Gremlin Nob","floor":6,"turns":4},{"damage":11,"enemies":"Lots of Slimes","floor":8,"turns":3},{"damage":7,"enemies":"3 Sentries","floor":11,"turns":9},{"damage":32,"enemies":"Hexaghost","floor":16,"turns":10}],"seed_played":"3047831598412688425","potions_obtained":[{"floor":3,"key":"Energy Potion"},{"floor":4,"key":"LiquidBronze"}],"is_trial":false,"path_per_floor":["M","M","M","M","$","E","$","M","T","$","E","?","R","$","R","B"],"character_chosen":"IRONCLAD","items_purchased":["Metallicize","Limit Break","Ghostly Armor","Shrug It Off"],"campfire_rested":0,"item_purchase_floors":[5,5,10,14],"current_hp_per_floor":[63,66,64,59,59,36,36,31,31,31,30,30,30,30,30,0],"gold":7,"neow_bonus":"RANDOM_COMMON_RELIC","is_prod":false,"is_daily":false,"chose_seed":false,"campfire_upgraded":2,"win_rate":0,"timestamp":1565027695,"path_taken":["M","?","M","M","$","E","$","M","T","$","E","?","R","?","R","BOSS"],"build_version":"2019-07-18","purchased_purges":0,"victory":false,"max_hp_per_floor":[80,80,80,80,80,80,80,80,80,80,80,80,80,80,80,80],"card_choices":[{"not_picked":["True Grit","Heavy Blade"],"picked":"Cleave","floor":1},{"not_picked":["True Grit","Pummel"],"picked":"Flex","floor":2},{"not_picked":["Anger","Cleave"],"picked":"Evolve","floor":3},{"not_picked":["Infernal Blade","Warcry","Heavy Blade"],"picked":"SKIP","floor":4},{"not_picked":["Infernal Blade","Warcry"],"picked":"Heavy Blade","floor":4},{"not_picked":["Intimidate","Cleave"],"picked":"Metallicize","floor":6},{"not_picked":["Bloodletting","Cleave"],"picked":"Twin Strike","floor":8},{"not_picked":["Anger","Wild Strike","Rampage"],"picked":"SKIP","floor":11}],"player_experience":144355,"relics_obtained":[{"floor":6,"key":"Centennial Puzzle"},{"floor":9,"key":"Nunchaku"},{"floor":11,"key":"Peace Pipe"}],"event_choices":[{"damage_healed":0,"gold_gain":0,"player_choice":"Gave Potion","damage_taken":0,"relics_obtained":["Turnip"],"max_hp_gain":0,"max_hp_loss":0,"event_name":"WeMeetAgain","floor":12,"gold_loss":0}],"is_beta":true,"boss_relics":[],"items_purged_floors":[],"is_endless":false,"potions_floor_spawned":[3,4],"killed_by":"Hexaghost","ascension_level":8}