{"gold_per_floor":[115,290,31,0,20,37,37,122,199,212,32,42,42],"floor_reached":13,"playtime":1293,"items_purged":["Regret","Doubt"],"score":79,"play_id":"4c4e8096-e6d4-4158-8223-3383d957666a","local_time":"20190731012308","is_ascension_mode":true,"campfire_choices":[],"neow_cost":"CURSE","seed_source_timestamp":364481716841201,"circlet_count":0,"master_deck":["Strike_G","Strike_G","Strike_G","Strike_G","Strike_G","Defend_G","Defend_G","Defend_G","Defend_G","Defend_G","Survivor","Neutralize","Night Terror","Backflip","Thinking Ahead","Flying Knee","Prepared","Distraction","Adrenaline","Prepared"],"relics":["Ring of the Snake","Tiny Chest","Dodecahedron"],"potions_floor_usage":[10,13,13],"damage_taken":[{"damage":5,"enemies":"2 Louse","floor":1,"turns":4},{"damage":4,"enemies":"Small Slimes","floor":5,"turns":6},{"damage":3,"enemies":"Jaw Worm","floor":6,"turns":7},{"damage":28,"enemies":"Blue Slaver","floor":10,"turns":4},{"damage":7,"enemies":"Exordium Wildlife","floor":12,"turns":4},{"damage":24,"enemies":"Lagavulin","floor":13,"turns":13}],"seed_played":"-6025897317009347937","potions_obtained":[{"floor":5,"key":"Block Potion"},{"floor":6,"key":"LiquidBronze"},{"floor":10,"key":"EssenceOfSteel"}],"is_trial":false,"path_per_floor":["M","?","$","?","M","M","$","T","T","M","$","M","E"],"character_chosen":"THE_SILENT","items_purchased":["Thinking Ahead","Adrenaline"],"campfire_rested":0,"item_purchase_floors":[3,11],"current_hp_per_floor":[65,65,65,65,61,58,58,58,58,30,30,23,0],"gold":42,"neow_bonus":"THREE_RARE_CARDS","is_prod":false,"is_daily":false,"chose_seed":false,"campfire_upgraded":0,"win_rate":0,"timestamp":1564528988,"path_taken":["M","?","$","?","M","M","?","?","T","M","$","M","E"],"build_version":"2019-07-17","purchased_purges":2,"victory":false,"max_hp_per_floor":[70,70,70,70,70,70,70,70,70,70,70,70,70],"card_choices":[{"not_picked":["A Thousand Cuts","Wraith Form v2"],"picked":"Night Terror","floor":0},{"not_picked":["Footwork","Deflect"],"picked":"Backflip","floor":1},{"not_picked":["Dash","PiercingWail"],"picked":"Flying Knee","floor":5},{"not_picked":["Malaise","Outmaneuver"],"picked":"Prepared","floor":6},{"not_picked":["Blade Dance","Leg Sweep"],"picked":"Distraction","floor":10},{"not_picked":["Sucker Punch","PiercingWail"],"picked":"Prepared","floor":12}],"player_experience":106011,"relics_obtained":[{"floor":8,"key":"Tiny Chest"},{"floor":9,"key":"Dodecahedron"}],"event_choices":[{"damage_healed":0,"gold_gain":175,"player_choice":"AGREE","damage_taken":0,"max_hp_gain":0,"max_hp_loss":0,"event_name":"Liars Game","floor":2,"gold_loss":0,"cards_obtained":["Doubt"]},{"damage_healed":0,"gold_gain":0,"player_choice":"Left Gold","damage_taken":0,"max_hp_gain":0,"max_hp_loss":0,"event_name":"World of Goop","floor":4,"gold_loss":31}],"is_beta":false,"boss_relics":[],"items_purged_floors":[3,11],"is_endless":false,"potions_floor_spawned":[5,6,10],"killed_by":"Lagavulin","ascension_level":1}