{"gold_per_floor":[10,10,29,44,20,349,349,360,436,465,430,455,455,484,484,580,580,567,567],"floor_reached":19,"playtime":1232,"items_purged":[],"score":268,"play_id":"6f05a7ea-ce36-4ca4-9b41-b7ea3b97324b","local_time":"20190205093420","is_ascension_mode":true,"campfire_choices":[{"floor":7.0,"key":"REST"},{"floor":13.0,"key":"REST"},{"floor":15.0,"key":"REST"}],"neow_cost":"NO_GOLD","seed_source_timestamp":0,"circlet_count":0,"master_deck":["Strike_B","Strike_B","Strike_B","Defend_B","Defend_B","Defend_B","Defend_B","Zap","Dualcast","FTL","BootSequence","Cold Snap","Hologram","Defragment","Double Energy","Conserve Battery","Streamline","Heatsinks","Amplify","Turbo"],"special_seed":0,"relics":["Cracked Core","Ice Cream","Old Coin","The Courier","Art of War","Odd Mushroom","Omamori","Inserter"],"potions_floor_usage":[19,19],"damage_taken":[{"damage":3.0,"enemies":"Jaw Worm","floor":1.0,"turns":4.0},{"damage":1.0,"enemies":"Cultist","floor":3.0,"turns":3.0},{"damage":8.0,"enemies":"2 Louse","floor":4.0,"turns":3.0},{"damage":9.0,"enemies":"3 Sentries","floor":6.0,"turns":9.0},{"damage":9.0,"enemies":"2 Fungi Beasts","floor":8.0,"turns":3.0},{"damage":33.0,"enemies":"Gremlin Nob","floor":10.0,"turns":6.0},{"damage":16.0,"enemies":"The Mushroom Lair","floor":12.0,"turns":5.0},{"damage":12.0,"enemies":"3 Sentries","floor":14.0,"turns":8.0},{"damage":52.0,"enemies":"Slime Boss","floor":16.0,"turns":15.0},{"damage":10.0,"enemies":"2 Thieves","floor":18.0,"turns":4.0},{"damage":56,"enemies":"Masked Bandits","floor":19,"turns":4}],"seed_played":"-1087740406662178036","potions_obtained":[{"floor":4.0,"key":"Ancient Potion"},{"floor":6.0,"key":"PowerPotion"},{"floor":10.0,"key":"LiquidBronze"},{"floor":12.0,"key":"PowerPotion"}],"is_trial":false,"path_per_floor":["M","?","M","M","$","E","R","M","T","E","?","?","R","E","R","B",null,"M","?"],"character_chosen":"DEFECT","items_purchased":["Hologram"],"campfire_rested":3,"item_purchase_floors":[5],"current_hp_per_floor":[65,65,64,56,56,47,69,60,60,27,45,29,51,39,61,9,59,49,0],"gold":567,"neow_bonus":"ONE_RARE_RELIC","is_prod":false,"is_daily":false,"chose_seed":false,"campfire_upgraded":0,"win_rate":0,"timestamp":1549330460,"path_taken":["M","?","M","M","$","E","R","?","T","E","?","?","R","E","R","BOSS","M","?"],"build_version":"2019-01-23","purchased_purges":0,"victory":false,"max_hp_per_floor":[75,75,75,75,75,75,75,75,75,75,75,75,75,75,75,75,75,75,75],"card_choices":[{"not_picked":["Barrage","Ball Lightning"],"picked":"FTL","floor":1.0},{"not_picked":["Hologram","Go for the Eyes"],"picked":"BootSequence","floor":3.0},{"not_picked":["Go for the Eyes","FTL"],"picked":"Cold Snap","floor":4.0},{"not_picked":["Reboot","Compile Driver"],"picked":"Defragment","floor":6.0},{"not_picked":["Beam Cell","Aggregate"],"picked":"Double Energy","floor":8.0},{"not_picked":["Hyperbeam","Go for the Eyes"],"picked":"Conserve Battery","floor":10.0},{"not_picked":["Rebound","Compile Driver"],"picked":"Streamline","floor":12.0},{"not_picked":["Barrage","Hologram"],"picked":"Heatsinks","floor":14.0},{"not_picked":["Rainbow","Multi-Cast"],"picked":"Amplify","floor":16.0},{"not_picked":["Beam Cell","Stack"],"picked":"Turbo","floor":18.0}],"player_experience":647982,"relics_obtained":[{"floor":6.0,"key":"Old Coin"},{"floor":9.0,"key":"The Courier"},{"floor":10.0,"key":"Art of War"},{"floor":12.0,"key":"Odd Mushroom"},{"floor":14.0,"key":"Omamori"}],"event_choices":[{"cards_removed":["Strike_B"],"damage_healed":0.0,"max_hp_gain":0.0,"max_hp_loss":0.0,"gold_gain":0.0,"event_name":"Wheel of Change","player_choice":"Card Removal","floor":2.0,"gold_loss":0.0,"damage_taken":0.0},{"damage_healed":18.0,"max_hp_gain":0.0,"max_hp_loss":0.0,"gold_gain":0.0,"event_name":"The Cleric","player_choice":"Healed","floor":11.0,"gold_loss":35.0,"damage_taken":0.0},{"damage_healed":0.0,"max_hp_gain":0.0,"max_hp_loss":0.0,"gold_gain":0.0,"event_name":"Mushrooms","player_choice":"Fought Mushrooms","floor":12.0,"gold_loss":0.0,"damage_taken":0.0},{"damage_healed":0,"gold_gain":0,"player_choice":"Fought Bandits","damage_taken":0,"max_hp_gain":0,"max_hp_loss":0,"event_name":"Masked Bandits","floor":19,"gold_loss":0}],"is_beta":false,"boss_relics":[{"not_picked":["Black Star","Lizard Tail"],"picked":"Inserter"}],"items_purged_floors":[],"is_endless":false,"potions_floor_spawned":[4,6,10,12],"killed_by":"Masked Bandits","ascension_level":9}