{"gold_per_floor":[11,25,25,25,25,54,54,89,89,89,35,35,35,49,49,153,153,171,25,25,25,25,25,42,58,113,38,15,30,30,30],"floor_reached":31,"playtime":1827,"items_purged":["Defend_G"],"score":287,"play_id":"45efe228-31d2-47d3-b9c7-e295654664d2","local_time":"20190717183031","is_ascension_mode":true,"campfire_choices":[{"data":"Dash","floor":7,"key":"SMITH"},{"floor":10,"key":"REST"},{"data":"Flying Knee","floor":12,"key":"SMITH"},{"data":"Neutralize","floor":15,"key":"SMITH"},{"data":"Well Laid Plans","floor":23,"key":"SMITH"}],"neow_cost":"NO_GOLD","seed_source_timestamp":2757801219003800,"circlet_count":0,"master_deck":["Strike_G","Strike_G","Strike_G","Strike_G","Defend_G","Defend_G","Survivor","Neutralize+1","Dash","Dash+1","Well Laid Plans+1","Flying Knee+1","A Thousand Cuts+1","Dash+1","Footwork+1","Crippling Poison+1","Noxious Fumes+1","Poisoned Stab","Calculated Gamble"],"relics":["Ring of the Snake","Thread and Needle","Ginger","Frozen Egg 2","Paper Crane","HoveringKite","Bag of Preparation","Regal Pillow"],"potions_floor_usage":[6,16,31,31],"damage_taken":[{"damage":0,"enemies":"Cultist","floor":1,"turns":3},{"damage":1,"enemies":"Small Slimes","floor":2,"turns":4},{"damage":8,"enemies":"Gremlin Nob","floor":6,"turns":5},{"damage":6,"enemies":"3 Sentries","floor":8,"turns":13},{"damage":0,"enemies":"2 Louse","floor":14,"turns":2},{"damage":33,"enemies":"The Guardian","floor":16,"turns":13},{"damage":9,"enemies":"Spheric Guardian","floor":18,"turns":4},{"damage":13,"enemies":"2 Thieves","floor":24,"turns":4},{"damage":10,"enemies":"Shelled Parasite and Fungi","floor":25,"turns":6},{"damage":0,"enemies":"3 Cultists","floor":29,"turns":4},{"damage":33,"enemies":"Slavers","floor":31,"turns":3}],"seed_played":"-5842040887333476195","potions_obtained":[{"floor":2,"key":"SteroidPotion"},{"floor":6,"key":"SteroidPotion"},{"floor":16,"key":"Dexterity Potion"},{"floor":18,"key":"Strength Potion"},{"floor":25,"key":"SteroidPotion"}],"is_trial":false,"path_per_floor":["M","M","?","$","?","E","R","E","T","R","$","R","?","M","R","B",null,"M","$","?","?","$","R","M","M","T","?","$","M","?","E"],"character_chosen":"THE_SILENT","items_purchased":["Flying Knee","Footwork+1","Poisoned Stab"],"campfire_rested":1,"item_purchase_floors":[11,19,28],"current_hp_per_floor":[70,69,69,69,62,54,54,48,48,69,69,69,66,66,66,33,70,61,61,48,48,48,48,35,25,25,25,25,25,25,0],"gold":30,"neow_bonus":"REMOVE_TWO","is_prod":false,"is_daily":false,"chose_seed":false,"campfire_upgraded":4,"win_rate":0,"timestamp":1563413431,"path_taken":["M","?","?","$","?","E","R","E","T","R","$","R","?","M","R","BOSS","M","$","?","?","?","R","?","M","T","?","?","M","?","E"],"build_version":"2019-07-17","purchased_purges":1,"victory":false,"max_hp_per_floor":[70,70,70,70,70,70,70,70,70,70,70,70,70,70,70,70,70,70,70,75,75,75,75,75,75,75,75,75,75,75,75],"card_choices":[{"not_picked":["Flying Knee","Eviscerate"],"picked":"Dash","floor":1},{"not_picked":["PiercingWail","Choke"],"picked":"Dash","floor":2},{"not_picked":["Underhanded Strike","Grand Finale"],"picked":"Well Laid Plans","floor":6},{"not_picked":["Acrobatics","PiercingWail","Storm of Steel"],"picked":"SKIP","floor":8},{"not_picked":["Prepared","Quick Slash","Bane"],"picked":"SKIP","floor":14},{"not_picked":["Die Die Die","Unload"],"picked":"A Thousand Cuts+1","floor":16},{"not_picked":["Calculated Gamble+1","Setup+1"],"picked":"Dash+1","floor":18},{"not_picked":["Dagger Throw+1","Quick Slash+1"],"picked":"Crippling Poison+1","floor":24},{"not_picked":["Calculated Gamble+1","Distraction"],"picked":"Noxious Fumes+1","floor":25},{"not_picked":["Poisoned Stab+1","PiercingWail+1"],"picked":"Calculated Gamble","floor":29}],"player_experience":672181,"relics_obtained":[{"floor":6,"key":"Thread and Needle"},{"floor":8,"key":"Ginger"},{"floor":9,"key":"Frozen Egg 2"},{"floor":26,"key":"Regal Pillow"}],"event_choices":[{"damage_healed":0,"gold_gain":0,"player_choice":"Ignored","damage_taken":0,"max_hp_gain":0,"max_hp_loss":0,"event_name":"Liars Game","floor":3,"gold_loss":0},{"cards_removed":["Defend_G"],"damage_healed":0,"gold_gain":0,"player_choice":"Card Removal","damage_taken":7,"max_hp_gain":0,"max_hp_loss":0,"event_name":"Golden Wing","floor":5,"gold_loss":0},{"damage_healed":0,"gold_gain":0,"player_choice":"Success","damage_taken":3,"relics_obtained":["Paper Crane"],"max_hp_gain":0,"max_hp_loss":0,"event_name":"Scrap Ooze","floor":13,"gold_loss":0},{"damage_healed":0,"gold_gain":0,"player_choice":"Shed Blood","damage_taken":18,"max_hp_gain":5,"max_hp_loss":0,"event_name":"Forgotten Altar","floor":20,"gold_loss":0},{"damage_healed":0,"gold_gain":0,"player_choice":"Opened","damage_taken":0,"relics_obtained":["Bag of Preparation"],"max_hp_gain":0,"max_hp_loss":0,"event_name":"The Mausoleum","floor":21,"gold_loss":0,"cards_obtained":["Writhe"]},{"cards_removed":["Writhe"],"damage_healed":0,"gold_gain":0,"player_choice":"Gave Gold","damage_taken":0,"max_hp_gain":0,"max_hp_loss":0,"event_name":"Beggar","floor":27,"gold_loss":75},{"damage_healed":0,"gold_gain":0,"player_choice":"Ignored","damage_taken":0,"max_hp_gain":0,"max_hp_loss":0,"event_name":"Ghosts","floor":30,"gold_loss":0}],"is_beta":false,"boss_relics":[{"not_picked":["Velvet Choker","WristBlade"],"picked":"HoveringKite"}],"items_purged_floors":[19],"is_endless":false,"potions_floor_spawned":[2,6,16,18,25],"killed_by":"Slavers","ascension_level":4}