{"gold_per_floor":[118,40,40,55,55,55,87,99,178,188,201,212,237,237,237,308,308,319,319,330,178,178,178,191,191,268,281,261,325,338,367,367,444,444,454,469,537,537],"floor_reached":38,"playtime":1351,"items_purged":["Strike_R"],"score":952,"play_id":"4ffc6e16-20ee-4aec-90a4-03283a0e7d6d","local_time":"20190509180216","is_ascension_mode":true,"campfire_choices":[{"data":"Carnage","floor":6.0,"key":"SMITH"},{"data":"Demon Form","floor":15.0,"key":"SMITH"},{"floor":23.0,"key":"REST"},{"data":"Dark Embrace","floor":25.0,"key":"SMITH"},{"floor":32.0,"key":"REST"}],"neow_cost":"NONE","seed_source_timestamp":1498599774418809,"circlet_count":0,"master_deck":["AscendersBane","Strike_R","Defend_R","Defend_R","Defend_R","Defend_R","Carnage+1","Evolve","Feel No Pain","Disarm","Inflame","Demon Form+1","Battle Trance","Dark Embrace+1","Brutality","Burning Pact+1","Heavy Blade","Shrug It Off","Limit Break"],"special_seed":0,"relics":["Burning Blood","NeowsBlessing","Self Forming Clay","Art of War","Mercury Hourglass","Thread and Needle","Mark of Pain","WarpedTongs","Tiny Chest","Sundial","Empty Cage","Dodecahedron"],"potions_floor_usage":[],"damage_taken":[{"damage":0.0,"enemies":"Cultist","floor":1.0,"turns":1.0},{"damage":0.0,"enemies":"2 Louse","floor":4.0,"turns":1.0},{"damage":0.0,"enemies":"3 Sentries","floor":7.0,"turns":1.0},{"damage":7.0,"enemies":"Jaw Worm","floor":8.0,"turns":2.0},{"damage":6.0,"enemies":"Exordium Wildlife","floor":10.0,"turns":3.0},{"damage":9.0,"enemies":"Exordium Thugs","floor":11.0,"turns":4.0},{"damage":12.0,"enemies":"2 Fungi Beasts","floor":12.0,"turns":2.0},{"damage":23.0,"enemies":"Lagavulin","floor":13.0,"turns":5.0},{"damage":20.0,"enemies":"Hexaghost","floor":16.0,"turns":7.0},{"damage":13.0,"enemies":"2 Thieves","floor":18.0,"turns":3.0},{"damage":20.0,"enemies":"Shell Parasite","floor":20.0,"turns":6.0},{"damage":9.0,"enemies":"Cultist and Chosen","floor":24.0,"turns":6.0},{"damage":11.0,"enemies":"Centurion and Healer","floor":27.0,"turns":6.0},{"damage":19.0,"enemies":"Book of Stabbing","floor":29.0,"turns":6.0},{"damage":11.0,"enemies":"Snake Plant","floor":30.0,"turns":6.0},{"damage":30.0,"enemies":"Gremlin Leader","floor":31.0,"turns":6.0},{"damage":37.0,"enemies":"Automaton","floor":33.0,"turns":7.0},{"damage":25,"enemies":"3 Darklings","floor":35,"turns":5},{"damage":20,"enemies":"Orb Walker","floor":36,"turns":5},{"damage":0,"enemies":"3 Darklings","floor":38,"turns":1}],"seed_played":"8827705852076411098","potions_obtained":[{"floor":1.0,"key":"Poison Potion"},{"floor":4.0,"key":"GamblersBrew"},{"floor":10.0,"key":"Fire Potion"},{"floor":16.0,"key":"SpeedPotion"},{"floor":24.0,"key":"SkillPotion"},{"floor":28.0,"key":"SneckoOil"},{"floor":29.0,"key":"Dexterity Potion"},{"floor":35,"key":"SteroidPotion"}],"is_trial":false,"path_per_floor":["M","$","?","M","T","R","E","M","T","M","M","M","E","?","R","B",null,"M","?","M","$","?","R","M","R","T","M","?","E","M","E","R","B",null,"M","M","T","M"],"character_chosen":"IRONCLAD","items_purchased":["Evolve","Heavy Blade","Shrug It Off"],"campfire_rested":2,"item_purchase_floors":[2,21,21],"current_hp_per_floor":[74,74,74,75,75,75,75,74,74,74,71,65,48,48,48,34,65,58,58,44,44,44,66,63,63,63,58,58,45,40,16,38,7,58,39,25,25,25],"gold":537,"neow_bonus":"THREE_ENEMY_KILL","is_prod":false,"is_daily":false,"chose_seed":false,"campfire_upgraded":3,"win_rate":0,"timestamp":1557396136,"path_taken":["M","?","?","M","?","R","E","M","T","M","?","M","E","?","R","BOSS","M","?","M","$","?","R","M","R","T","?","?","E","M","E","R","BOSS","M","M","?","M"],"build_version":"2019-01-23","purchased_purges":1,"victory":false,"max_hp_per_floor":[75,75,75,75,75,75,75,75,75,75,75,75,75,75,75,75,75,75,75,75,75,75,75,75,75,75,75,75,75,75,75,75,75,75,75,75,75,75],"card_choices":[{"not_picked":["Heavy Blade","Warcry"],"picked":"Carnage","floor":1.0},{"not_picked":["Cleave","Seeing Red","Clothesline"],"picked":"SKIP","floor":4.0},{"not_picked":["Dropkick","Rupture"],"picked":"Feel No Pain","floor":7.0},{"not_picked":["Warcry","Spot Weakness"],"picked":"Disarm","floor":8.0},{"not_picked":["Sentinel","Bloodletting","Reaper"],"picked":"SKIP","floor":10.0},{"not_picked":["Body Slam","Searing Blow","Thunderclap"],"picked":"SKIP","floor":11.0},{"not_picked":["Flex","Wild Strike"],"picked":"Inflame","floor":12.0},{"not_picked":["Fire Breathing","Hemokinesis"],"picked":"Demon Form","floor":13.0},{"not_picked":["Twin Strike","Hemokinesis+1"],"picked":"Battle Trance","floor":18.0},{"not_picked":["Warcry","Anger"],"picked":"Burning Pact+1","floor":20.0},{"not_picked":["Spot Weakness","Blood for Blood","Sever Soul"],"picked":"SKIP","floor":24.0},{"not_picked":["Disarm","Bloodletting","Evolve"],"picked":"SKIP","floor":27.0},{"not_picked":["Thunderclap","Anger","Fire Breathing"],"picked":"SKIP","floor":29.0},{"not_picked":["Carnage","Pommel Strike"],"picked":"Rupture+1","floor":30.0},{"not_picked":["Ghostly Armor","True Grit","Searing Blow"],"picked":"SKIP","floor":31.0},{"not_picked":["Offering","Immolate"],"picked":"Limit Break","floor":33.0},{"not_picked":["Clothesline+1","Iron Wave","Cleave+1"],"picked":"SKIP","floor":35},{"not_picked":["Battle Trance","Havoc","Twin Strike"],"picked":"SKIP","floor":36}],"player_experience":834768,"relics_obtained":[{"floor":5.0,"key":"Self Forming Clay"},{"floor":7.0,"key":"Art of War"},{"floor":9.0,"key":"Mercury Hourglass"},{"floor":13.0,"key":"Thread and Needle"},{"floor":29.0,"key":"Tiny Chest"},{"floor":31.0,"key":"Sundial"},{"floor":37,"key":"Dodecahedron"}],"event_choices":[{"cards_removed":["Strike_R"],"damage_healed":0.0,"max_hp_gain":0.0,"max_hp_loss":0.0,"gold_gain":0.0,"event_name":"Living Wall","player_choice":"Forget","floor":3.0,"gold_loss":0.0,"damage_taken":0.0},{"cards_removed":["Bash"],"damage_healed":0.0,"max_hp_gain":0.0,"max_hp_loss":0.0,"gold_gain":0.0,"event_name":"Bonfire Elementals","player_choice":"Offered Basic","floor":14.0,"gold_loss":0.0,"damage_taken":0.0},{"damage_healed":0.0,"max_hp_gain":0.0,"max_hp_loss":0.0,"gold_gain":0.0,"cards_transformed":["Strike_R","Strike_R"],"event_name":"Drug Dealer","player_choice":"Became Test Subject","floor":19.0,"gold_loss":0.0,"damage_taken":0.0,"cards_obtained":["Dark Embrace","Brutality"]},{"damage_healed":0.0,"max_hp_gain":0.0,"max_hp_loss":0.0,"gold_gain":0.0,"event_name":"Accursed Blacksmith","player_choice":"Rummage","floor":22.0,"gold_loss":0.0,"damage_taken":0.0,"relics_obtained":["WarpedTongs"],"cards_obtained":["Pain"]},{"damage_healed":0.0,"max_hp_gain":0.0,"max_hp_loss":0.0,"gold_gain":0.0,"event_name":"The Woman in Blue","player_choice":"Bought 1 Potion","floor":28.0,"gold_loss":0.0,"damage_taken":0.0}],"is_beta":false,"boss_relics":[{"not_picked":["Ectoplasm","Fusion Hammer"],"picked":"Mark of Pain"},{"not_picked":["Velvet Choker","Busted Crown"],"picked":"Empty Cage"}],"items_purged_floors":[21],"is_endless":false,"potions_floor_spawned":[1,4,10,16,24,29,30,35],"killed_by":"3 Darklings","ascension_level":20}