{"gold_per_floor":[117,128,0,19,29,60,60,92,116,145,145,156,331,366,366,465,465,485,505,515,526,542,542,567,586,586,601,601,635,635,647,647,746,746,762,329,329,429,429,429,429,429,429,457,477,490,490,508,508,508,508,508,16,49,49],"floor_reached":55,"playtime":5455,"items_purged":["Strike_G","Strike_G","Defend_G"],"score":973,"play_id":"98c7d4d0-ce95-4aa5-8cac-673257de6fb6","local_time":"20190613232109","is_ascension_mode":true,"campfire_choices":[{"data":"Catalyst","floor":7.0,"key":"SMITH"},{"floor":15,"key":"REST"},{"data":"After Image","floor":23,"key":"SMITH"},{"data":"Prepared","floor":28,"key":"SMITH"},{"floor":32,"key":"REST"},{"floor":40,"key":"RECALL"},{"data":"After Image","floor":42,"key":"SMITH"},{"floor":47,"key":"REST"},{"floor":49,"key":"REST"},{"data":"Burst","floor":52,"key":"SMITH"}],"neow_cost":"NONE","seed_source_timestamp":0,"circlet_count":0,"master_deck":["Defend_G","Defend_G+1","Defend_G","Defend_G","Strike_G","Strike_G","Survivor","Neutralize+1","Catalyst+1","Noxious Fumes+1","Dodge and Roll","Deadly Poison","PiercingWail","Deadly Poison","PiercingWail","Blur","Leg Sweep","Doubt","After Image+1","All Out Attack","Burst+1","Dodge and Roll+1","Calculated Gamble+1","Blur+1","Prepared+1","Footwork","Slice+1","Flechettes+1","Leg Sweep+1","Deadly Poison+1","Footwork+1","Deflect","After Image+1","Crippling Poison","Noxious Fumes","Crippling Poison","Regret","Writhe","Catalyst+1","Deflect+1","Deflect+1","Prepared+1","Catalyst+1","Dodge and Roll+1","Concentrate+1"],"special_seed":0,"relics":["Ring of the Snake","Vajra","Lantern","Blood Vial","Anchor","Dream Catcher","Runic Pyramid","Sundial","War Paint","Cursed Key","Oddly Smooth Stone","Ancient Tea Set","The Specimen","Toxic Egg 2","Omamori","Whetstone","Blue Candle","Ninja Scroll"],"potions_floor_usage":[24,29,33,35,46,55],"damage_taken":[{"damage":2.0,"enemies":"Cultist","floor":1.0,"turns":4.0},{"damage":1.0,"enemies":"2 Louse","floor":2.0,"turns":4.0},{"damage":1.0,"enemies":"Small Slimes","floor":4.0,"turns":4.0},{"damage":9.0,"enemies":"3 Louse","floor":5.0,"turns":4.0},{"damage":14.0,"enemies":"Gremlin Nob","floor":6.0,"turns":4.0},{"damage":17.0,"enemies":"Lagavulin","floor":8.0,"turns":5.0},{"damage":6.0,"enemies":"3 Sentries","floor":10.0,"turns":6.0},{"damage":0.0,"enemies":"2 Fungi Beasts","floor":12.0,"turns":3.0},{"damage":0,"enemies":"Gremlin Nob","floor":14,"turns":3},{"damage":3,"enemies":"Hexaghost","floor":16,"turns":10},{"damage":1,"enemies":"Spheric Guardian","floor":18,"turns":5},{"damage":0,"enemies":"Chosen","floor":19,"turns":5},{"damage":0,"enemies":"Snecko","floor":20,"turns":3},{"damage":0,"enemies":"Snake Plant","floor":21,"turns":5},{"damage":23,"enemies":"Cultist and Chosen","floor":22,"turns":6},{"damage":8,"enemies":"Gremlin Leader","floor":24,"turns":5},{"damage":0,"enemies":"Snecko","floor":25,"turns":3},{"damage":7,"enemies":"Sentry and Sphere","floor":27,"turns":4},{"damage":11,"enemies":"Slavers","floor":29,"turns":7},{"damage":4,"enemies":"3 Cultists","floor":31,"turns":6},{"damage":34,"enemies":"Automaton","floor":33,"turns":11},{"damage":14,"enemies":"3 Darklings","floor":35,"turns":8},{"damage":0,"enemies":"Mind Bloom Boss Battle","floor":38,"turns":4},{"damage":19,"enemies":"Giant Head","floor":44,"turns":7},{"damage":0,"enemies":"3 Shapes","floor":45,"turns":5},{"damage":23,"enemies":"Jaw Worm Horde","floor":46,"turns":7},{"damage":8,"enemies":"3 Darklings","floor":48,"turns":7},{"damage":46,"enemies":"Awakened One","floor":50,"turns":10},{"damage":42,"enemies":"Shield and Spear","floor":54,"turns":5},{"damage":31,"enemies":"The Heart","floor":55,"turns":6}],"seed_played":"-5524994427817272197","potions_obtained":[{"floor":1.0,"key":"Explosive Potion"},{"floor":2.0,"key":"Explosive Potion"},{"floor":8.0,"key":"SneckoOil"},{"floor":12.0,"key":"GamblersBrew"},{"floor":14,"key":"Swift Potion"},{"floor":16,"key":"PowerPotion"},{"floor":21,"key":"GhostInAJar"},{"floor":24,"key":"FearPotion"},{"floor":35,"key":"Explosive Potion"},{"floor":38,"key":"Regen Potion"}],"is_trial":false,"path_per_floor":["M","M","$","M","M","E","R","E","T","E","?","M","?","E","R","B",null,"M","M","M","M","M","R","E","M","T","M","R","E","?","M","R","B",null,"M","$","?","?","?","R","T","R","T","E","M","M","R","M","R","B",null,"R","$","E","B"],"character_chosen":"THE_SILENT","items_purchased":["Deadly Poison","Oddly Smooth Stone","Ancient Tea Set","Noxious Fumes","Blue Candle","Dodge and Roll+1","Strength Potion","Explosive Potion"],"campfire_rested":4,"item_purchase_floors":[3,36,36,36,53,53,53,53],"current_hp_per_floor":[68,67,67,66,57,43,43,26,26,22,22,24,24,26,47,46,70,69,70,70,70,47,47,41,43,43,38,38,29,29,27,48,16,70,56,56,56,58,58,58,58,58,58,41,43,37,58,52,70,24,70,70,70,28,0],"gold":49,"neow_bonus":"TRANSFORM_CARD","is_prod":false,"is_daily":false,"chose_seed":false,"campfire_upgraded":5,"win_rate":0,"timestamp":1560482469,"path_taken":["M","M","$","M","M","E","R","E","T","E","?","?","?","E","R","BOSS","M","M","M","M","M","R","E","M","T","M","R","E","?","M","R","BOSS","M","$","?","?","?","R","?","R","T","E","M","?","R","M","R","BOSS","R","$","E","BOSS"],"build_version":"2019-01-23","purchased_purges":3,"victory":false,"max_hp_per_floor":[70,70,70,70,70,70,70,70,70,70,70,70,70,70,70,70,70,70,70,70,70,70,70,70,70,70,70,70,70,70,70,70,70,70,70,70,70,70,70,70,70,70,70,70,70,70,70,70,70,70,70,70,70,70,70],"card_choices":[{"not_picked":["Leg Sweep","Crippling Poison"],"picked":"Noxious Fumes","floor":1.0},{"not_picked":["Eviscerate","Slice"],"picked":"Dodge and Roll","floor":2.0},{"not_picked":["Concentrate","Quick Slash"],"picked":"PiercingWail","floor":4.0},{"not_picked":["Deflect","Blur"],"picked":"Dash","floor":5.0},{"not_picked":["Cloak And Dagger","Dodge and Roll"],"picked":"Deadly Poison","floor":6.0},{"not_picked":["Caltrops","Skewer"],"picked":"PiercingWail","floor":8.0},{"not_picked":["Underhanded Strike","Dodge and Roll"],"picked":"Blur","floor":10.0},{"not_picked":["Distraction","Escape Plan"],"picked":"Leg Sweep","floor":12.0},{"not_picked":["Prepared","Dodge and Roll"],"picked":"After Image","floor":14},{"not_picked":["Underhanded Strike","Slice"],"picked":"All Out Attack","floor":15},{"not_picked":["Bullet Time","Phantasmal Killer"],"picked":"Burst","floor":16},{"not_picked":["Leg Sweep","Quick Slash"],"picked":"Dodge and Roll+1","floor":18},{"not_picked":["Acrobatics+1","PiercingWail"],"picked":"Calculated Gamble+1","floor":19},{"not_picked":["Setup","Backflip"],"picked":"Blur+1","floor":20},{"not_picked":["Blade Dance+1","Flying Knee"],"picked":"Prepared","floor":21},{"not_picked":["Riddle With Holes","Unload"],"picked":"Footwork","floor":22},{"not_picked":["Flechettes","Distraction"],"picked":"Slice","floor":24},{"not_picked":["Cloak And Dagger","Well Laid Plans"],"picked":"Flechettes+1","floor":25},{"not_picked":["Underhanded Strike","Sucker Punch"],"picked":"Leg Sweep","floor":27},{"not_picked":["Riddle With Holes+1","Prepared+1"],"picked":"Deadly Poison+1","floor":29},{"not_picked":["Dagger Throw","Flying Knee"],"picked":"Footwork+1","floor":31},{"not_picked":["Heel Hook","Dodge and Roll"],"picked":"Deflect","floor":32},{"not_picked":["Bullet Time","Tools of the Trade"],"picked":"After Image","floor":33},{"not_picked":["Finisher+1","Dagger Spray"],"picked":"Crippling Poison","floor":35},{"not_picked":["Underhanded Strike","Tactician"],"picked":"Crippling Poison","floor":38},{"not_picked":["Acrobatics+1","Dagger Throw","Cloak And Dagger+1"],"picked":"SKIP","floor":44},{"not_picked":["Well Laid Plans+1","Dodge and Roll+1"],"picked":"Catalyst+1","floor":45},{"not_picked":["Expertise+1","Setup+1"],"picked":"Deflect+1","floor":46},{"not_picked":["Expertise+1","Accuracy"],"picked":"Deflect+1","floor":47},{"not_picked":["Cloak And Dagger+1","Backflip+1"],"picked":"Prepared+1","floor":48},{"not_picked":["Dagger Spray+1","Underhanded Strike+1"],"picked":"Catalyst+1","floor":49},{"not_picked":["Dodge and Roll+1","Dagger Throw+1"],"picked":"Concentrate+1","floor":54}],"player_experience":241241,"relics_obtained":[{"floor":6.0,"key":"Vajra"},{"floor":8.0,"key":"Lantern"},{"floor":9.0,"key":"Blood Vial"},{"floor":10.0,"key":"Anchor"},{"floor":14,"key":"Dream Catcher"},{"floor":24,"key":"Sundial"},{"floor":29,"key":"War Paint"},{"floor":38,"key":"The Specimen"},{"floor":41,"key":"Toxic Egg 2"},{"floor":43,"key":"Omamori"},{"floor":44,"key":"Whetstone"},{"floor":54,"key":"Ninja Scroll"}],"event_choices":[{"damage_healed":0.0,"max_hp_gain":0.0,"max_hp_loss":0.0,"gold_gain":0.0,"event_name":"Upgrade Shrine","player_choice":"Upgraded","floor":11.0,"gold_loss":0.0,"damage_taken":0.0,"cards_upgraded":["Noxious Fumes"]},{"damage_healed":0,"gold_gain":175,"player_choice":"AGREE","damage_taken":0,"max_hp_gain":0,"max_hp_loss":0,"event_name":"Liars Game","floor":13,"gold_loss":0,"cards_obtained":["Doubt"]},{"damage_healed":0,"gold_gain":0,"player_choice":"Ignored","damage_taken":0,"max_hp_gain":0,"max_hp_loss":0,"event_name":"Cursed Tome","floor":30,"gold_loss":0},{"cards_removed":["Dash"],"damage_healed":0,"gold_gain":0,"player_choice":"Removed Attack","damage_taken":0,"max_hp_gain":0,"max_hp_loss":0,"event_name":"Falling","floor":37,"gold_loss":0},{"damage_healed":0,"gold_gain":0,"player_choice":"Fight","damage_taken":0,"max_hp_gain":0,"max_hp_loss":0,"event_name":"MindBloom","floor":38,"gold_loss":0},{"damage_healed":0,"gold_gain":0,"player_choice":"Memory 1","damage_taken":0,"max_hp_gain":0,"max_hp_loss":0,"event_name":"SensoryStone","floor":39,"gold_loss":0}],"is_beta":false,"boss_relics":[{"not_picked":["Tiny House","Lizard Tail"],"picked":"Runic Pyramid"},{"not_picked":["White Beast Statue","Empty Cage"],"picked":"Cursed Key"}],"items_purged_floors":[3,36,53],"is_endless":false,"potions_floor_spawned":[1,2,8,12,14,16,19,21,22,24,35,38],"killed_by":"The Heart","ascension_level":4}