{"gold_per_floor":[111,61,78,105,105,139,157,175,200,200,125,125,145,159,159,262,262,277,277,293,303,303,303],"floor_reached":23,"playtime":1010,"items_purged":["Strike_G"],"score":203,"play_id":"f630a421-86ff-4934-9330-a3dc97a5bb49","local_time":"20181225212400","is_ascension_mode":true,"campfire_choices":[{"floor":10.0,"key":"REST"},{"floor":12.0,"key":"RECALL"},{"floor":15.0,"key":"REST"}],"neow_cost":"NONE","seed_source_timestamp":2158894250858460,"circlet_count":0,"master_deck":["Defend_G","Defend_G","Defend_G","Defend_G","Defend_G+1","Strike_G","Strike_G","Strike_G","Survivor","Neutralize","Deadly Poison+1","Bouncing Flask","Poisoned Stab","Dodge and Roll","Blade Dance","Quick Slash","Corpse Explosion","Deadly Poison","PiercingWail","Backflip","Backflip","Backflip","Flying Knee","Crippling Poison","Deadly Poison"],"special_seed":0,"relics":["Ring of the Snake","War Paint","Pen Nib","Orrery"],"potions_floor_usage":[23,23],"damage_taken":[{"damage":6.0,"enemies":"Jaw Worm","floor":1.0,"turns":5.0},{"damage":2.0,"enemies":"Small Slimes","floor":3.0,"turns":4.0},{"damage":30.0,"enemies":"Gremlin Nob","floor":6.0,"turns":4.0},{"damage":4.0,"enemies":"2 Louse","floor":7.0,"turns":2.0},{"damage":2.0,"enemies":"Gremlin Gang","floor":8.0,"turns":7.0},{"damage":10.0,"enemies":"Exordium Thugs","floor":13.0,"turns":5.0},{"damage":10.0,"enemies":"Looter","floor":14.0,"turns":3.0},{"damage":23.0,"enemies":"The Guardian","floor":16.0,"turns":8.0},{"damage":12.0,"enemies":"3 Byrds","floor":18.0,"turns":3.0},{"damage":14.0,"enemies":"Spheric Guardian","floor":20.0,"turns":4.0},{"damage":13.0,"enemies":"Snake Plant","floor":21.0,"turns":4.0},{"damage":48,"enemies":"Book of Stabbing","floor":23,"turns":8}],"seed_played":"3967912154370715163","potions_obtained":[{"floor":3.0,"key":"Energy Potion"},{"floor":6.0,"key":"Swift Potion"},{"floor":7.0,"key":"SpeedPotion"},{"floor":18.0,"key":"FearPotion"},{"floor":19.0,"key":"GhostInAJar"},{"floor":19.0,"key":"SteroidPotion"}],"is_trial":false,"path_per_floor":["M","?","M","T","?","E","M","M","T","R","$","R","M","M","R","B",null,"M","?","M","M","?","E"],"character_chosen":"THE_SILENT","items_purchased":[],"campfire_rested":2,"item_purchase_floors":[],"current_hp_per_floor":[71,71,69,69,74,44,40,38,38,62,62,62,52,42,66,43,82,70,70,56,43,43,0],"gold":303,"neow_bonus":"TEN_PERCENT_HP_BONUS","is_prod":false,"is_daily":false,"chose_seed":false,"campfire_upgraded":0,"win_rate":0,"timestamp":1545733440,"path_taken":["M","?","M","?","?","E","M","M","T","R","?","R","M","M","R","BOSS","M","?","?","M","?","E"],"build_version":"2018-12-20","purchased_purges":1,"victory":false,"max_hp_per_floor":[77,77,77,77,82,82,82,82,82,82,82,82,82,82,82,82,82,82,82,82,82,82,82],"card_choices":[{"not_picked":["Outmaneuver","All Out Attack"],"picked":"Deadly Poison","floor":1.0},{"not_picked":["Cloak And Dagger","Dagger Throw"],"picked":"Bouncing Flask","floor":3.0},{"not_picked":["Dagger Throw","Dagger Spray"],"picked":"Poisoned Stab","floor":6.0},{"not_picked":["Phantasmal Killer","Predator"],"picked":"Dodge and Roll","floor":7.0},{"not_picked":["Eviscerate","Expertise"],"picked":"Blade Dance","floor":8.0},{"not_picked":["Slice","Quick Slash","Escape Plan"],"picked":"SKIP","floor":13.0},{"not_picked":["Finisher","Slice"],"picked":"Quick Slash","floor":14.0},{"not_picked":["Malaise","Doppelganger"],"picked":"Corpse Explosion","floor":16.0},{"not_picked":["Slice","Deflect"],"picked":"Deadly Poison","floor":17.0},{"not_picked":["Leg Sweep","Venomology"],"picked":"PiercingWail","floor":17.0},{"not_picked":["Calculated Gamble","Sucker Punch"],"picked":"Backflip","floor":17.0},{"not_picked":["Masterful Stab","Acrobatics"],"picked":"Backflip","floor":17.0},{"not_picked":["Acrobatics","Die Die Die"],"picked":"Backflip","floor":17.0},{"not_picked":["Choke","Underhanded Strike"],"picked":"Flying Knee","floor":18.0},{"not_picked":["Heel Hook+1","Cloak And Dagger"],"picked":"Crippling Poison","floor":20.0},{"not_picked":["Flechettes","Acrobatics"],"picked":"Deadly Poison","floor":21.0}],"player_experience":307981,"relics_obtained":[{"floor":6.0,"key":"War Paint"},{"floor":9.0,"key":"Pen Nib"}],"event_choices":[{"cards_removed":["Strike_G"],"damage_healed":0.0,"max_hp_gain":0.0,"max_hp_loss":0.0,"gold_gain":0.0,"event_name":"The Cleric","player_choice":"Card Removal","floor":2.0,"gold_loss":50.0,"damage_taken":0.0},{"damage_healed":0.0,"max_hp_gain":5.0,"max_hp_loss":0.0,"gold_gain":0.0,"event_name":"Big Fish","player_choice":"Donut","floor":5.0,"gold_loss":0.0,"damage_taken":0.0},{"damage_healed":0.0,"max_hp_gain":0.0,"max_hp_loss":0.0,"gold_gain":0.0,"event_name":"Lab","player_choice":"Got Potions","floor":19.0,"gold_loss":0.0,"damage_taken":0.0},{"damage_healed":0.0,"max_hp_gain":0.0,"max_hp_loss":0.0,"gold_gain":0.0,"event_name":"Ghosts","player_choice":"Ignored","floor":22.0,"gold_loss":0.0,"damage_taken":0.0}],"is_beta":false,"boss_relics":[{"not_picked":["Velvet Choker","HoveringKite"],"picked":"Orrery"}],"items_purged_floors":[11],"is_endless":false,"potions_floor_spawned":[3,6,7,18],"killed_by":"Book of Stabbing","ascension_level":1}