{"gold_per_floor":[117,133,7,17,27,54,74,24,72,92,92,92,109,144,144,144],"floor_reached":16,"playtime":686,"items_purged":["Strike_B"],"score":114,"play_id":"6e0f8362-7763-4ff5-b9df-a188f41cbff1","local_time":"20190520194352","is_ascension_mode":false,"campfire_choices":[{"floor":11,"key":"REST"},{"data":"Loop","floor":15,"key":"SMITH"}],"neow_cost":"NONE","seed_source_timestamp":332669112267978,"circlet_count":0,"master_deck":["Strike_B","Strike_B+1","Strike_B+1","Defend_B","Defend_B","Defend_B","Defend_B","Zap","Dualcast","Seek","Streamline","Heatsinks","Self Repair","Coolheaded","Compile Driver+1","Capacitor","Loop+1","Turbo"],"relics":["Black Star","Smiling Mask","Molten Egg 2","Boot","Centennial Puzzle","Whetstone"],"potions_floor_usage":[16],"damage_taken":[{"damage":5,"enemies":"Cultist","floor":1,"turns":4},{"damage":2,"enemies":"Small Slimes","floor":2,"turns":4},{"damage":6,"enemies":"Jaw Worm","floor":4,"turns":4},{"damage":16,"enemies":"3 Louse","floor":5,"turns":5},{"damage":25,"enemies":"3 Sentries","floor":6,"turns":12},{"damage":5,"enemies":"2 Fungi Beasts","floor":7,"turns":4},{"damage":19,"enemies":"Exordium Thugs","floor":10,"turns":5},{"damage":0,"enemies":"Large Slime","floor":13,"turns":6},{"damage":44,"enemies":"Lagavulin","floor":14,"turns":8},{"damage":25,"enemies":"Hexaghost","floor":16,"turns":9}],"seed_played":"-1539602746413934632","potions_obtained":[{"floor":6,"key":"SpeedPotion"},{"floor":7,"key":"Dexterity Potion"},{"floor":13,"key":"AttackPotion"}],"is_trial":false,"path_per_floor":["M","M","$","M","M","E","M","$","T","M","R","?","M","E","R","B"],"character_chosen":"DEFECT","items_purchased":["Streamline","Heatsinks"],"campfire_rested":1,"item_purchase_floors":[3,3],"current_hp_per_floor":[70,68,68,62,53,35,37,37,37,25,47,52,59,22,22,0],"gold":144,"neow_bonus":"BOSS_RELIC","is_prod":false,"is_daily":false,"chose_seed":false,"campfire_upgraded":1,"win_rate":0,"timestamp":1558352632,"path_taken":["M","M","$","M","M","E","M","$","T","?","R","?","M","E","R","BOSS"],"build_version":"2019-01-23","purchased_purges":1,"victory":false,"max_hp_per_floor":[75,75,75,75,75,75,75,75,75,75,75,80,80,80,80,80],"card_choices":[{"not_picked":["Compile Driver","Gash","Go for the Eyes"],"picked":"SKIP","floor":1},{"not_picked":["Storm","Barrage"],"picked":"Seek","floor":2},{"not_picked":["Beam Cell","Gash"],"picked":"Self Repair","floor":4},{"not_picked":["Redo","Rip and Tear"],"picked":"Coolheaded","floor":5},{"not_picked":["Barrage","Force Field"],"picked":"Compile Driver","floor":6},{"not_picked":["Go for the Eyes+1","Sweeping Beam+1"],"picked":"Capacitor","floor":7},{"not_picked":["Sweeping Beam+1","Cold Snap+1"],"picked":"Loop","floor":10},{"not_picked":["Chill","Steam","Redo"],"picked":"SKIP","floor":13},{"not_picked":["Chill","Darkness"],"picked":"Turbo","floor":14}],"player_experience":907154,"relics_obtained":[{"floor":6,"key":"Smiling Mask"},{"floor":6,"key":"Molten Egg 2"},{"floor":9,"key":"Boot"},{"floor":14,"key":"Centennial Puzzle"},{"floor":14,"key":"Whetstone"}],"event_choices":[{"damage_healed":0,"gold_gain":0,"player_choice":"Donut","damage_taken":0,"max_hp_gain":5,"max_hp_loss":0,"event_name":"Big Fish","floor":12,"gold_loss":0}],"is_beta":false,"boss_relics":[],"items_purged_floors":[8],"is_endless":false,"potions_floor_spawned":[6,7,13],"killed_by":"Hexaghost","ascension_level":0}