{"gold_per_floor":[117,117,117,117,130,164,164,183,183,211,221,47,57,70,70,70],"floor_reached":16,"playtime":1562,"items_purged":["Defend_R"],"score":118,"play_id":"9403d520-f7b3-4417-b99f-b0faaea30ff7","local_time":"20190326230628","is_ascension_mode":true,"campfire_choices":[{"floor":7,"key":"REST"},{"floor":15,"key":"RECALL"}],"neow_cost":"NONE","seed_source_timestamp":1088784917839499,"circlet_count":0,"master_deck":["Strike_R","Strike_R","Strike_R","Strike_R","Strike_R","Defend_R","Defend_R+1","Defend_R","Bash","Shrug It Off+1","Shockwave","Perfected Strike","Barricade","Corruption","Spot Weakness","Pummel","Dual Wield","Entrench"],"relics":["Burning Blood","Charon\u0027s Ashes","Ornamental Fan","Sundial"],"potions_floor_usage":[16,16,16],"damage_taken":[{"damage":1,"enemies":"Jaw Worm","floor":1,"turns":5},{"damage":0,"enemies":"Small Slimes","floor":5,"turns":5},{"damage":27,"enemies":"Gremlin Nob","floor":6,"turns":5},{"damage":1,"enemies":"Cultist","floor":8,"turns":4},{"damage":23,"enemies":"3 Sentries","floor":10,"turns":6},{"damage":15,"enemies":"Exordium Wildlife","floor":11,"turns":8},{"damage":28,"enemies":"Exordium Thugs","floor":13,"turns":7},{"damage":4,"enemies":"Looter","floor":14,"turns":4},{"damage":23,"enemies":"The Guardian","floor":16,"turns":4}],"seed_played":"1624575293268972798","potions_obtained":[{"floor":1,"key":"SmokeBomb"},{"floor":11,"key":"Ancient Potion"}],"is_trial":false,"path_per_floor":["M","?","?","?","M","E","R","M","T","E","M","$","M","M","R","B"],"character_chosen":"IRONCLAD","items_purchased":["SteroidPotion","SteroidPotion"],"campfire_rested":1,"item_purchase_floors":[12,12],"current_hp_per_floor":[80,64,64,52,58,37,61,66,66,49,40,40,18,20,20,0],"gold":70,"neow_bonus":"THREE_CARDS","is_prod":false,"is_daily":false,"chose_seed":false,"campfire_upgraded":0,"win_rate":0,"timestamp":1553666788,"path_taken":["M","?","?","?","M","E","R","M","T","E","M","$","?","M","R","BOSS"],"build_version":"2019-01-23","purchased_purges":1,"victory":false,"max_hp_per_floor":[80,80,80,80,80,80,80,80,80,80,80,80,80,80,80,80],"card_choices":[{"not_picked":["Heavy Blade","Disarm"],"picked":"Shrug It Off","floor":0},{"not_picked":["Dual Wield","Havoc"],"picked":"Shockwave","floor":1},{"not_picked":["Sword Boomerang","Metallicize"],"picked":"Perfected Strike","floor":5},{"not_picked":["Hemokinesis","Warcry"],"picked":"Barricade","floor":6},{"not_picked":["Second Wind","Fire Breathing"],"picked":"Corruption","floor":8},{"not_picked":["Pommel Strike","Warcry"],"picked":"Spot Weakness","floor":10},{"not_picked":["Heavy Blade","Intimidate"],"picked":"Pummel","floor":11},{"not_picked":["Disarm","Hemokinesis"],"picked":"Dual Wield","floor":13},{"not_picked":["Clash","Twin Strike"],"picked":"Entrench","floor":14}],"player_experience":386159,"relics_obtained":[{"floor":6,"key":"Ornamental Fan"},{"floor":10,"key":"Sundial"}],"event_choices":[{"damage_healed":0,"gold_gain":0,"player_choice":"Entered Light","damage_taken":16,"max_hp_gain":0,"max_hp_loss":0,"event_name":"Shining Light","floor":2,"gold_loss":0,"cards_upgraded":["Shrug It Off","Defend_R"]},{"damage_healed":0,"gold_gain":0,"player_choice":"Ignored","damage_taken":0,"max_hp_gain":0,"max_hp_loss":0,"event_name":"Liars Game","floor":3,"gold_loss":0},{"damage_healed":0,"gold_gain":0,"player_choice":"Success","damage_taken":12,"relics_obtained":["Charon\u0027s Ashes"],"max_hp_gain":0,"max_hp_loss":0,"event_name":"Scrap Ooze","floor":4,"gold_loss":0}],"is_beta":false,"boss_relics":[],"items_purged_floors":[12],"is_endless":false,"potions_floor_spawned":[1,11,14],"killed_by":"The Guardian","ascension_level":1}