{"gold_per_floor":[118,43,55,74,74,74,87,104,130,130,143,43,43,43,43,168,168,181,56,74,93,112,112,133,232,255,170,194,194,194,233,233,364,364,379,379,379,155,180,220,553,563,615,615,615],"floor_reached":45,"playtime":1459,"items_purged":["Defend_R","Strike_R","Strike_R+1","Strike_R+1"],"score":480,"play_id":"08044fd2-67f2-4ffa-83d6-471858062d43","local_time":"20190520152921","is_ascension_mode":false,"campfire_choices":[{"data":"Flex","floor":6.0,"key":"SMITH"},{"data":"Bash","floor":10.0,"key":"SMITH"},{"data":"Strike_R","floor":15.0,"key":"SMITH"},{"floor":23.0,"key":"REST"},{"floor":30.0,"key":"REST"},{"floor":32.0,"key":"REST"}],"neow_cost":"NONE","seed_source_timestamp":315932189131716,"circlet_count":0,"master_deck":["Strike_R+1","Defend_R+1","Defend_R","Defend_R+1","Bash+1","Flex+1","Pommel Strike","Dropkick","Dual Wield"],"special_seed":0,"relics":["Burning Blood","Sundial","War Paint","Fusion Hammer","Lantern","Ancient Tea Set","Bag of Marbles","Calling Bell","Art of War","Gremlin Horn","Nunchaku","Potion Belt","Strawberry"],"potions_floor_usage":[42,42],"damage_taken":[{"damage":6.0,"enemies":"Cultist","floor":1.0,"turns":3.0},{"damage":5.0,"enemies":"Small Slimes","floor":3.0,"turns":4.0},{"damage":6.0,"enemies":"Jaw Worm","floor":4.0,"turns":3.0},{"damage":9.0,"enemies":"3 Louse","floor":7.0,"turns":4.0},{"damage":5.0,"enemies":"Looter","floor":8.0,"turns":3.0},{"damage":16.0,"enemies":"Large Slime","floor":11.0,"turns":4.0},{"damage":39.0,"enemies":"Slime Boss","floor":16.0,"turns":10.0},{"damage":12.0,"enemies":"3 Byrds","floor":18.0,"turns":7.0},{"damage":0.0,"enemies":"Spheric Guardian","floor":20.0,"turns":3.0},{"damage":13.0,"enemies":"Snake Plant","floor":21.0,"turns":2.0},{"damage":30.0,"enemies":"Snecko","floor":22.0,"turns":4.0},{"damage":10.0,"enemies":"3 Cultists","floor":24.0,"turns":4.0},{"damage":0.0,"enemies":"Centurion and Healer","floor":28.0,"turns":5.0},{"damage":7.0,"enemies":"Slavers","floor":31.0,"turns":3.0},{"damage":64.0,"enemies":"Champ","floor":33.0,"turns":8.0},{"damage":17.0,"enemies":"3 Darklings","floor":35.0,"turns":5.0},{"damage":10.0,"enemies":"3 Shapes","floor":39.0,"turns":3.0},{"damage":52.0,"enemies":"Reptomancer","floor":40.0,"turns":6.0},{"damage":23,"enemies":"Spire Growth","floor":42,"turns":4},{"damage":2,"enemies":"Transient","floor":45,"turns":3}],"seed_played":"-8748323448009109043","potions_obtained":[{"floor":3.0,"key":"SkillPotion"},{"floor":4.0,"key":"AttackPotion"},{"floor":7.0,"key":"Dexterity Potion"},{"floor":16.0,"key":"SteroidPotion"},{"floor":18.0,"key":"GamblersBrew"},{"floor":28.0,"key":"Block Potion"},{"floor":39.0,"key":"Energy Potion"},{"floor":42,"key":"SkillPotion"}],"is_trial":false,"path_per_floor":["M","$","M","M","T","R","M","M","T","R","M","$","?","?","R","B",null,"M","$","M","M","M","R","M","?","T","?","M","?","R","E","R","B",null,"M","?","?","$","M","E","?","M","T","?","M"],"character_chosen":"IRONCLAD","items_purchased":["Regen Potion"],"campfire_rested":3,"item_purchase_floors":[38],"current_hp_per_floor":[80,80,80,80,80,80,77,78,78,78,68,68,68,53,53,20,74,68,68,74,67,43,65,61,61,61,61,67,67,74,73,74,16,74,63,63,74,74,70,24,24,19,26,26,24],"gold":615,"neow_bonus":"REMOVE_CARD","is_prod":false,"is_daily":false,"chose_seed":false,"campfire_upgraded":3,"win_rate":0,"timestamp":1558337361,"path_taken":["M","?","M","M","?","R","M","M","T","R","?","$","?","?","R","BOSS","M","$","M","M","M","R","M","?","T","?","M","?","R","E","R","BOSS","M","?","?","$","?","E","?","M","T","?","M"],"build_version":"2019-01-23","purchased_purges":4,"victory":false,"max_hp_per_floor":[80,80,80,80,80,80,80,80,80,80,80,80,74,74,74,74,74,74,74,74,74,74,74,74,74,74,74,74,74,74,74,74,74,74,74,74,74,74,74,74,74,74,81,77,77],"card_choices":[{"not_picked":["Pommel Strike","Intimidate","Havoc"],"picked":"SKIP","floor":1.0},{"not_picked":["True Grit","Sword Boomerang"],"picked":"Flex","floor":3.0},{"not_picked":["Bloodletting","Body Slam","Rampage"],"picked":"SKIP","floor":4.0},{"not_picked":["Heavy Blade","Armaments","Cleave"],"picked":"SKIP","floor":7.0},{"not_picked":["Combust","Clothesline","Thunderclap"],"picked":"SKIP","floor":8.0},{"not_picked":["Iron Wave","True Grit","Headbutt"],"picked":"SKIP","floor":11.0},{"not_picked":["True Grit+1","Clothesline"],"picked":"Battle Trance+1","floor":18.0},{"not_picked":["Thunderclap","Seeing Red+1","Power Through"],"picked":"SKIP","floor":20.0},{"not_picked":["Flex","Perfected Strike"],"picked":"Pommel Strike","floor":21.0},{"not_picked":["Battle Trance","True Grit","Wild Strike"],"picked":"SKIP","floor":22.0},{"not_picked":["Disarm","Sever Soul+1"],"picked":"Dropkick","floor":24.0},{"not_picked":["Warcry","Blood for Blood","Pommel Strike"],"picked":"SKIP","floor":28.0},{"not_picked":["True Grit","Headbutt"],"picked":"Dual Wield","floor":31.0},{"not_picked":["Bloodletting+1","Headbutt","Inflame"],"picked":"SKIP","floor":35.0},{"not_picked":["Anger","Clash+1","Shrug It Off+1"],"picked":"SKIP","floor":39.0},{"not_picked":["Twin Strike","Sword Boomerang+1","Clothesline"],"picked":"SKIP","floor":40.0},{"not_picked":["Anger+1","Evolve","Havoc"],"picked":"SKIP","floor":42}],"player_experience":895417,"relics_obtained":[{"floor":5.0,"key":"Sundial"},{"floor":9.0,"key":"War Paint"},{"floor":26.0,"key":"Lantern"},{"floor":31.0,"key":"Bag of Marbles"},{"floor":34.0,"key":"Art of War"},{"floor":34.0,"key":"Gremlin Horn"},{"floor":34.0,"key":"Nunchaku"},{"floor":40.0,"key":"Potion Belt"},{"floor":43,"key":"Strawberry"}],"event_choices":[{"damage_healed":0.0,"max_hp_gain":0.0,"max_hp_loss":6.0,"gold_gain":0.0,"event_name":"Golden Idol","player_choice":"Lose Max HP","floor":13.0,"gold_loss":0.0,"damage_taken":0.0,"relics_obtained":["Golden Idol"]},{"damage_healed":0.0,"max_hp_gain":0.0,"max_hp_loss":0.0,"gold_gain":0.0,"event_name":"Shining Light","player_choice":"Entered Light","floor":14.0,"gold_loss":0.0,"damage_taken":15.0,"cards_upgraded":["Strike_R","Strike_R"]},{"damage_healed":0.0,"max_hp_gain":0.0,"max_hp_loss":0.0,"gold_gain":99.0,"event_name":"Nest","player_choice":"Stole From Cult","floor":25.0,"gold_loss":0.0,"damage_taken":0.0},{"damage_healed":0.0,"max_hp_gain":0.0,"max_hp_loss":0.0,"gold_gain":0.0,"event_name":"Addict","player_choice":"Obtained Relic","floor":27.0,"gold_loss":85.0,"damage_taken":0.0,"relics_obtained":["Ancient Tea Set"]},{"damage_healed":0.0,"max_hp_gain":0.0,"max_hp_loss":0.0,"gold_gain":0.0,"event_name":"Cursed Tome","player_choice":"Ignored","floor":29.0,"gold_loss":0.0,"damage_taken":0.0},{"damage_healed":0.0,"max_hp_gain":0.0,"max_hp_loss":0.0,"gold_gain":0.0,"event_name":"SensoryStone","player_choice":"Memory 1","floor":36.0,"gold_loss":0.0,"damage_taken":0.0},{"cards_removed":["Battle Trance"],"damage_healed":11.0,"max_hp_gain":0.0,"max_hp_loss":0.0,"gold_gain":0.0,"event_name":"Bonfire Elementals","player_choice":"Offered Uncommon","floor":37.0,"gold_loss":0.0,"damage_taken":0.0},{"damage_healed":0.0,"max_hp_gain":0.0,"max_hp_loss":0.0,"gold_gain":333.0,"event_name":"The Moai Head","player_choice":"Gave Idol","floor":41.0,"relics_lost":["Golden Idol"],"gold_loss":0.0,"damage_taken":0.0},{"damage_healed":0,"gold_gain":0,"player_choice":"Max HP","damage_taken":0,"max_hp_gain":0,"max_hp_loss":4,"event_name":"Winding Halls","floor":44,"gold_loss":0}],"is_beta":false,"boss_relics":[{"not_picked":["Velvet Choker","Philosopher\u0027s Stone"],"picked":"Fusion Hammer"},{"not_picked":["Runic Cube","Runic Dome"],"picked":"Calling Bell"}],"items_purged_floors":[2,12,19,38],"is_endless":false,"potions_floor_spawned":[3,4,7,16,18,28,39,42],"killed_by":"Transient","ascension_level":0}