{"gold_per_floor":[114,114,5,21,35,35,65,77,89,101,113],"floor_reached":11,"playtime":337,"items_purged":[],"score":107,"play_id":"eaae5fbe-ba7a-46ea-a92c-ce399741eb28","local_time":"20190723215653","is_ascension_mode":true,"campfire_choices":[{"data":"Footwork","floor":6,"key":"SMITH"},{"data":"Well Laid Plans","floor":10,"key":"SMITH"}],"neow_cost":"NONE","seed_source_timestamp":4068246374259,"circlet_count":0,"master_deck":["AscendersBane","Strike_G","Strike_G","Strike_G","Strike_G","Strike_G","Defend_G","Defend_G","Defend_G","Defend_G","Defend_G","Survivor","Neutralize+1","Blade Dance+1","Footwork+1","Bouncing Flask","Crippling Poison","Well Laid Plans+1"],"relics":["Ring of the Snake","MawBank","Bottled Lightning"],"potions_floor_usage":[7],"damage_taken":[{"damage":0,"enemies":"2 Louse","floor":1,"turns":3},{"damage":0,"enemies":"Cultist","floor":4,"turns":3},{"damage":7,"enemies":"Jaw Worm","floor":5,"turns":4},{"damage":40,"enemies":"Gremlin Nob","floor":7,"turns":5}],"seed_played":"-1741121787548373518","potions_obtained":[{"floor":1,"key":"AttackPotion"},{"floor":4,"key":"Poison Potion"},{"floor":5,"key":"PowerPotion"}],"is_trial":false,"path_per_floor":["M","?","$","M","M","R","E","?","T","R","?"],"character_chosen":"THE_SILENT","items_purchased":["Footwork","Bouncing Flask"],"campfire_rested":0,"item_purchase_floors":[3,3],"current_hp_per_floor":[63,63,63,63,56,56,16,16,16,16,0],"gold":113,"neow_bonus":"UPGRADE_CARD","is_prod":false,"is_daily":false,"chose_seed":false,"campfire_upgraded":2,"win_rate":0,"timestamp":1563933413,"path_taken":["M","?","$","?","M","R","E","?","T","R","?"],"build_version":"2019-07-17","purchased_purges":0,"victory":false,"max_hp_per_floor":[70,70,70,70,70,70,70,70,70,70,70],"card_choices":[{"not_picked":["Accuracy","Choke"],"picked":"Blade Dance","floor":1},{"not_picked":["Eviscerate","Acrobatics","Riddle With Holes"],"picked":"SKIP","floor":4},{"not_picked":["PiercingWail","Predator"],"picked":"Crippling Poison","floor":5},{"not_picked":["Reflex","Riddle With Holes"],"picked":"Well Laid Plans","floor":7}],"player_experience":415666,"relics_obtained":[{"floor":7,"key":"MawBank"},{"floor":9,"key":"Bottled Lightning"}],"event_choices":[{"damage_healed":0,"gold_gain":0,"player_choice":"Forge","damage_taken":0,"max_hp_gain":0,"max_hp_loss":0,"event_name":"Accursed Blacksmith","floor":2,"gold_loss":0,"cards_upgraded":["Blade Dance"]},{"damage_healed":0,"gold_gain":0,"player_choice":"Ignored","damage_taken":0,"max_hp_gain":0,"max_hp_loss":0,"event_name":"Liars Game","floor":8,"gold_loss":0}],"is_beta":false,"boss_relics":[],"items_purged_floors":[],"is_endless":false,"potions_floor_spawned":[1,4,5],"ascension_level":10}