{"gold_per_floor":[119,132,144,124,137,137,156,188,188,199,199,219,219,219,219,293,343,362,277,327,267,267],"floor_reached":22,"playtime":1569,"items_purged":[],"score":326,"play_id":"b5e521a6-85bb-495b-9a6a-7d9734893129","local_time":"20190726205543","is_ascension_mode":true,"campfire_choices":[{"data":"True Grit","floor":6,"key":"SMITH"},{"floor":13,"key":"REST"},{"data":"Shrug It Off","floor":15,"key":"SMITH"}],"neow_cost":"PERCENT_DAMAGE","seed_source_timestamp":516468425325,"circlet_count":0,"master_deck":["AscendersBane","Strike_R","Strike_R","Strike_R","Defend_R","Defend_R","Defend_R","Defend_R","Bash","Dark Embrace","Clothesline","Shockwave","Sword Boomerang+1","Flame Barrier","True Grit+1","Fire Breathing","Pommel Strike","Corruption","Shrug It Off+1","Impervious","Disarm","Flame Barrier"],"relics":["Burning Blood","Bag of Preparation","Centennial Puzzle","Tiny House","Potion Belt"],"potions_floor_usage":[8,16,16,18],"damage_taken":[{"damage":8,"enemies":"2 Louse","floor":1,"turns":4},{"damage":0,"enemies":"Cultist","floor":2,"turns":3},{"damage":9,"enemies":"Jaw Worm","floor":3,"turns":4},{"damage":3,"enemies":"Looter","floor":5,"turns":5},{"damage":6,"enemies":"Large Slime","floor":7,"turns":6},{"damage":38,"enemies":"Lagavulin","floor":8,"turns":9},{"damage":7,"enemies":"3 Louse","floor":10,"turns":4},{"damage":13,"enemies":"Blue Slaver","floor":12,"turns":5},{"damage":29,"enemies":"The Guardian","floor":16,"turns":17},{"damage":15,"enemies":"Shell Parasite","floor":18,"turns":14},{"damage":10,"enemies":"2 Thieves","floor":21,"turns":4},{"damage":54,"enemies":"Masked Bandits","floor":22,"turns":6}],"seed_played":"-7042581865611821434","potions_obtained":[{"floor":1,"key":"Swift Potion"},{"floor":2,"key":"Energy Potion"},{"floor":3,"key":"LiquidBronze"},{"floor":8,"key":"FearPotion"},{"floor":17,"key":"EssenceOfSteel"}],"is_trial":false,"path_per_floor":["M","M","M","?","M","R","M","E","T","M","?","M","R","?","R","B",null,"M","?","?","M","?"],"character_chosen":"IRONCLAD","items_purchased":[],"campfire_rested":1,"item_purchase_floors":[],"current_hp_per_floor":[48,54,51,51,54,54,54,22,22,21,21,14,36,36,36,13,65,56,56,56,52,0],"gold":267,"neow_bonus":"TRANSFORM_TWO_CARDS","is_prod":false,"is_daily":false,"chose_seed":false,"campfire_upgraded":2,"win_rate":0,"timestamp":1564188943,"path_taken":["M","M","M","?","M","R","?","E","T","M","?","M","R","?","R","BOSS","M","?","?","M","?"],"build_version":"2019-07-17","purchased_purges":0,"victory":false,"max_hp_per_floor":[75,75,75,75,75,75,75,75,75,75,75,75,75,75,75,75,80,80,80,80,80,80],"card_choices":[{"not_picked":["Reckless Charge","Flex"],"picked":"Shockwave","floor":1},{"not_picked":["Perfected Strike","Warcry"],"picked":"Sword Boomerang","floor":2},{"not_picked":["Flex","Havoc"],"picked":"Flame Barrier","floor":3},{"not_picked":["Anger","Dropkick"],"picked":"True Grit","floor":5},{"not_picked":["Evolve","Wild Strike"],"picked":"Fire Breathing","floor":7},{"not_picked":["Flex","Wild Strike"],"picked":"Pommel Strike","floor":8},{"not_picked":["Sword Boomerang","Perfected Strike"],"picked":"Corruption","floor":10},{"not_picked":["Pommel Strike","Rupture"],"picked":"Shrug It Off","floor":12},{"not_picked":["Limit Break","Exhume"],"picked":"Impervious","floor":16},{"not_picked":["Wild Strike","Sword Boomerang"],"picked":"Disarm","floor":17},{"not_picked":["Sword Boomerang","Entrench"],"picked":"Flame Barrier","floor":18},{"not_picked":["Thunderclap","Perfected Strike","Anger+1"],"picked":"SKIP","floor":21}],"player_experience":425220,"relics_obtained":[{"floor":8,"key":"Bag of Preparation"},{"floor":9,"key":"Centennial Puzzle"}],"event_choices":[{"damage_healed":0,"gold_gain":0,"player_choice":"Bought 1 Potion","damage_taken":0,"max_hp_gain":0,"max_hp_loss":0,"event_name":"The Woman in Blue","floor":4,"gold_loss":0},{"damage_healed":0,"gold_gain":0,"player_choice":"Fled","damage_taken":0,"max_hp_gain":0,"max_hp_loss":0,"event_name":"Scrap Ooze","floor":11,"gold_loss":0},{"damage_healed":0,"gold_gain":0,"player_choice":"Ignored","damage_taken":0,"max_hp_gain":0,"max_hp_loss":0,"event_name":"Golden Idol","floor":14,"gold_loss":0},{"damage_healed":0,"gold_gain":0,"player_choice":"Obtained Relic","damage_taken":0,"relics_obtained":["Potion Belt"],"max_hp_gain":0,"max_hp_loss":0,"event_name":"Addict","floor":19,"gold_loss":85},{"damage_healed":0,"gold_gain":50,"player_choice":"Stole From Cult","damage_taken":0,"max_hp_gain":0,"max_hp_loss":0,"event_name":"Nest","floor":20,"gold_loss":0},{"damage_healed":0,"gold_gain":0,"player_choice":"Fought Bandits","damage_taken":0,"max_hp_gain":0,"max_hp_loss":0,"event_name":"Masked Bandits","floor":22,"gold_loss":0}],"is_beta":false,"boss_relics":[{"not_picked":["Ectoplasm","Orrery"],"picked":"Tiny House"}],"items_purged_floors":[],"is_endless":false,"potions_floor_spawned":[1,2,3,8,10],"killed_by":"Masked Bandits","ascension_level":15}