{"gold_per_floor":[110,110,129,129,145,145,24,50,112,149,161,185,197,159,171,254,266,297,327,4,22,22,48,48,48,48,83,100,100,100,100,100,100],"floor_reached":33,"playtime":1505,"items_purged":[],"score":505,"play_id":"f22e2de3-d2d2-431c-9126-5770fee82763","local_time":"20190808094011","is_ascension_mode":true,"campfire_choices":[{"data":"Perfected Strike","floor":6.0,"key":"SMITH"},{"data":"Perfected Strike","floor":11.0,"key":"SMITH"},{"data":"Metallicize","floor":13.0,"key":"SMITH"},{"data":"Perfected Strike","floor":15.0,"key":"SMITH"},{"data":"Burning Pact","floor":25.0,"key":"SMITH"},{"floor":29,"key":"REST"},{"data":"Perfected Strike","floor":32,"key":"SMITH"}],"neow_cost":"NONE","seed_source_timestamp":2463571137620600,"circlet_count":0,"master_deck":["AscendersBane","Strike_R","Strike_R","Strike_R","Strike_R","Strike_R","Bash","Perfected Strike+1","Twin Strike","Burning Pact+1","Metallicize+1","Blind","Perfected Strike+1","Perfected Strike+1","Feel No Pain","Reaper","Twin Strike","Metallicize","Dual Wield","Writhe","Infernal Blade+1","Flame Barrier","Infernal Blade+1","Offering","Perfected Strike","Perfected Strike+1"],"special_seed":0,"relics":["Burning Blood","Regal Pillow","MawBank","Smiling Mask","Bottled Tornado","Mark of Pain","Membership Card","Bronze Scales","Vajra","Question Card","Juzu Bracelet","Bottled Lightning","Dream Catcher"],"potions_floor_usage":[33,33],"damage_taken":[{"damage":1.0,"enemies":"Cultist","floor":1.0,"turns":4.0},{"damage":6.0,"enemies":"2 Louse","floor":3.0,"turns":3.0},{"damage":7.0,"enemies":"Jaw Worm","floor":5.0,"turns":2.0},{"damage":9.0,"enemies":"3 Sentries","floor":8.0,"turns":7.0},{"damage":22.0,"enemies":"Gremlin Nob","floor":10.0,"turns":4.0},{"damage":4.0,"enemies":"Exordium Wildlife","floor":12.0,"turns":3.0},{"damage":45.0,"enemies":"Hexaghost","floor":16.0,"turns":10.0},{"damage":13.0,"enemies":"3 Byrds","floor":18.0,"turns":5.0},{"damage":9.0,"enemies":"Shell Parasite","floor":19.0,"turns":3.0},{"damage":3.0,"enemies":"Snecko","floor":21.0,"turns":3.0},{"damage":56.0,"enemies":"Gremlin Leader","floor":23.0,"turns":8.0},{"damage":42.0,"enemies":"Slavers","floor":27.0,"turns":5.0},{"damage":3,"enemies":"Centurion and Healer","floor":28,"turns":6},{"damage":88,"enemies":"Champ","floor":33,"turns":7}],"seed_played":"8916711742311692260","potions_obtained":[{"floor":3.0,"key":"FairyPotion"},{"floor":4.0,"key":"Swift Potion"},{"floor":4.0,"key":"SkillPotion"},{"floor":12.0,"key":"SmokeBomb"},{"floor":21.0,"key":"Energy Potion"},{"floor":27.0,"key":"Regen Potion"}],"is_trial":false,"path_per_floor":["M","?","M","?","M","R","$","E","T","E","R","M","R","?","R","B",null,"M","M","$","M","?","E","T","R","T","E","M","R","?","?","R","B"],"character_chosen":"IRONCLAD","items_purchased":["Metallicize","Blind","Membership Card","Bronze Scales","Twin Strike","Metallicize"],"campfire_rested":1,"item_purchase_floors":[7,7,20,20,20,20],"current_hp_per_floor":[77,77,77,77,76,76,76,73,73,57,57,59,59,59,59,20,65,66,63,63,66,66,40,40,40,40,19,27,66,66,66,66,0],"gold":100,"neow_bonus":"RANDOM_COMMON_RELIC","is_prod":false,"is_daily":false,"chose_seed":false,"campfire_upgraded":6,"win_rate":0,"timestamp":1565278811,"path_taken":["M","?","M","?","?","R","$","E","T","E","R","M","R","?","R","BOSS","M","M","$","M","?","E","?","R","T","E","M","R","?","?","R","BOSS"],"build_version":"2019-07-18","purchased_purges":0,"victory":false,"max_hp_per_floor":[80,80,80,80,80,80,80,80,80,80,80,80,80,80,80,80,80,80,80,80,80,80,80,80,80,80,80,80,80,80,80,80,80],"card_choices":[{"not_picked":["Twin Strike","Armaments"],"picked":"Perfected Strike","floor":1.0},{"not_picked":["Seeing Red","Thunderclap"],"picked":"Twin Strike","floor":3.0},{"not_picked":["Havoc","Headbutt"],"picked":"Burning Pact","floor":5.0},{"not_picked":["Anger","Rampage"],"picked":"Perfected Strike","floor":8.0},{"not_picked":["Headbutt","Body Slam"],"picked":"Perfected Strike","floor":10.0},{"not_picked":["Immolate","Rupture"],"picked":"Feel No Pain","floor":12.0},{"not_picked":["Berserk","Exhume"],"picked":"Reaper","floor":16.0},{"not_picked":["Iron Wave","Fire Breathing","Cleave"],"picked":"SKIP","floor":18.0},{"not_picked":["Searing Blow","Hemokinesis","Bloodletting"],"picked":"SKIP","floor":19.0},{"not_picked":["Wild Strike","Thunderclap"],"picked":"Dual Wield","floor":21.0},{"not_picked":["Corruption","Exhume","Reckless Charge+1"],"picked":"SKIP","floor":23.0},{"not_picked":["Body Slam","Inflame","Thunderclap"],"picked":"Infernal Blade+1","floor":27.0},{"not_picked":["Combust","Armaments","Shrug It Off"],"picked":"Flame Barrier","floor":28},{"not_picked":["Pommel Strike","True Grit","Blood for Blood+1"],"picked":"Infernal Blade+1","floor":29}],"player_experience":252384,"relics_obtained":[{"floor":8.0,"key":"MawBank"},{"floor":9.0,"key":"Smiling Mask"},{"floor":10.0,"key":"Bottled Tornado"},{"floor":23.0,"key":"Question Card"},{"floor":24.0,"key":"Juzu Bracelet"},{"floor":26.0,"key":"Bottled Lightning"},{"floor":27.0,"key":"Dream Catcher"}],"event_choices":[{"cards_removed":["Defend_R"],"damage_healed":0.0,"max_hp_gain":0.0,"max_hp_loss":0.0,"gold_gain":0.0,"event_name":"Living Wall","player_choice":"Forget","floor":2.0,"gold_loss":0.0,"damage_taken":0.0},{"damage_healed":0.0,"max_hp_gain":0.0,"max_hp_loss":0.0,"gold_gain":0.0,"event_name":"Lab","player_choice":"Got Potions","floor":4.0,"gold_loss":0.0,"damage_taken":0.0},{"cards_removed":["Defend_R"],"damage_healed":0.0,"max_hp_gain":0.0,"max_hp_loss":0.0,"gold_gain":0.0,"event_name":"The Cleric","player_choice":"Card Removal","floor":14.0,"gold_loss":50.0,"damage_taken":0.0},{"damage_healed":0.0,"max_hp_gain":0.0,"max_hp_loss":0.0,"gold_gain":0.0,"event_name":"The Mausoleum","player_choice":"Opened","floor":22.0,"gold_loss":0.0,"damage_taken":0.0,"relics_obtained":["Vajra"],"cards_obtained":["Writhe"]},{"damage_healed":0,"gold_gain":0,"cards_transformed":["Defend_R","Defend_R"],"player_choice":"Became Test Subject","damage_taken":0,"max_hp_gain":0,"max_hp_loss":0,"event_name":"Drug Dealer","floor":30,"gold_loss":0,"cards_obtained":["Offering","Perfected Strike"]},{"damage_healed":0,"gold_gain":0,"player_choice":"Read","damage_taken":0,"max_hp_gain":0,"max_hp_loss":0,"event_name":"The Library","floor":31,"gold_loss":0,"cards_obtained":["Perfected Strike"]}],"is_beta":true,"boss_relics":[{"not_picked":["Fusion Hammer","Eternal Feather"],"picked":"Mark of Pain"}],"items_purged_floors":[],"is_endless":false,"potions_floor_spawned":[3,5,12,21,27],"killed_by":"Champ","ascension_level":13}