{"gold_per_floor":[116,116,131,141,153,153,170,190,190,190,190,190,203,128,128,128],"floor_reached":16,"playtime":342,"items_purged":["Strike_R"],"score":92,"play_id":"c28c3e0a-3dac-428b-9164-e391dae1688a","local_time":"20190521182615","is_ascension_mode":false,"campfire_choices":[{"data":"Pommel Strike","floor":6,"key":"SMITH"},{"data":"Dual Wield","floor":10,"key":"SMITH"},{"floor":15,"key":"REST"}],"neow_cost":"NONE","seed_source_timestamp":27322750589796,"circlet_count":0,"master_deck":["Strike_R","Strike_R","Defend_R","Defend_R","Defend_R","Defend_R","Bash","Pommel Strike+1","Thunderclap","Dual Wield+1","Sword Boomerang"],"relics":["Burning Blood","Odd Mushroom","Matryoshka","Golden Idol"],"potions_floor_usage":[8],"damage_taken":[{"damage":14,"enemies":"Jaw Worm","floor":1,"turns":4},{"damage":3,"enemies":"Small Slimes","floor":3,"turns":4},{"damage":1,"enemies":"Cultist","floor":4,"turns":4},{"damage":28,"enemies":"Lots of Slimes","floor":5,"turns":5},{"damage":27,"enemies":"Gremlin Gang","floor":7,"turns":3},{"damage":23,"enemies":"The Mushroom Lair","floor":8,"turns":5},{"damage":16,"enemies":"Blue Slaver","floor":13,"turns":5},{"damage":0,"enemies":"Slime Boss","floor":16,"turns":1}],"seed_played":"1143888031051167863","potions_obtained":[{"floor":1,"key":"SkillPotion"},{"floor":4,"key":"FairyPotion"},{"floor":7,"key":"Regen Potion"},{"floor":8,"key":"Weak Potion"}],"is_trial":false,"path_per_floor":["M","?","M","M","M","R","M","?","T","R","?","?","M","$","R","B"],"character_chosen":"IRONCLAD","items_purchased":[],"campfire_rested":1,"item_purchase_floors":[],"current_hp_per_floor":[72,72,75,80,58,58,37,34,34,34,34,34,24,24,46,46],"gold":128,"neow_bonus":"REMOVE_CARD","is_prod":false,"is_daily":false,"chose_seed":false,"campfire_upgraded":2,"win_rate":0,"timestamp":1558434375,"path_taken":["M","?","M","M","M","R","M","?","T","R","?","?","?","?","R","BOSS"],"build_version":"2019-01-23","purchased_purges":1,"victory":false,"max_hp_per_floor":[80,80,80,80,80,80,80,80,80,80,74,74,74,74,74,74],"card_choices":[{"not_picked":["Thunderclap","Shrug It Off","Second Wind"],"picked":"SKIP","floor":1},{"not_picked":["Heavy Blade","Wild Strike","Pummel"],"picked":"SKIP","floor":3},{"not_picked":["Dual Wield","Thunderclap"],"picked":"Pommel Strike","floor":4},{"not_picked":["Twin Strike","Juggernaut"],"picked":"Thunderclap","floor":5},{"not_picked":["Heavy Blade","Pummel","Seeing Red"],"picked":"SKIP","floor":7},{"not_picked":["Rage","Fire Breathing"],"picked":"Dual Wield","floor":8},{"not_picked":["Havoc","Evolve"],"picked":"Sword Boomerang","floor":13}],"player_experience":924165,"relics_obtained":[{"floor":8,"key":"Odd Mushroom"},{"floor":9,"key":"Matryoshka"}],"event_choices":[{"damage_healed":0,"gold_gain":0,"player_choice":"Ignored","damage_taken":0,"max_hp_gain":0,"max_hp_loss":0,"event_name":"Liars Game","floor":2,"gold_loss":0},{"damage_healed":0,"gold_gain":0,"player_choice":"Fought Mushrooms","damage_taken":0,"max_hp_gain":0,"max_hp_loss":0,"event_name":"Mushrooms","floor":8,"gold_loss":0},{"damage_healed":0,"gold_gain":0,"player_choice":"Lose Max HP","damage_taken":0,"relics_obtained":["Golden Idol"],"max_hp_gain":0,"max_hp_loss":6,"event_name":"Golden Idol","floor":11,"gold_loss":0},{"cards_removed":["Strike_R"],"damage_healed":0,"gold_gain":0,"player_choice":"Purged","damage_taken":0,"max_hp_gain":0,"max_hp_loss":0,"event_name":"Purifier","floor":12,"gold_loss":0}],"is_beta":false,"boss_relics":[],"items_purged_floors":[14],"is_endless":false,"potions_floor_spawned":[1,4,7,8],"killed_by":"Slime Boss","ascension_level":0}