{"gold_per_floor":[119,119,138,138,158,158,189,202,202,202,221,252,37,50,50,122,122,139,152,152,24,24,57,74,74,146,164,195,195,213,213],"floor_reached":31,"playtime":1102,"items_purged":["Strike_B"],"score":624,"play_id":"456c4fd4-f046-471c-946f-fa51c4b776ed","local_time":"20190525000736","is_ascension_mode":true,"campfire_choices":[{"data":"Defragment","floor":6.0,"key":"SMITH"},{"data":"Dualcast","floor":10.0,"key":"SMITH"},{"data":"Apotheosis","floor":15.0,"key":"SMITH"},{"data":"Fission","floor":29.0,"key":"SMITH"}],"neow_cost":"NONE","seed_source_timestamp":306073175277091,"circlet_count":0,"master_deck":["AscendersBane","Strike_B","Strike_B","Defend_B","Defend_B","Defend_B","Defend_B","Zap","Dualcast+1","Glacier","Ball Lightning+1","Genetic Algorithm","Defragment+1","Hologram","Apotheosis+1","Fission","Biased Cognition","Electrodynamics","Streamline+1","Fission+1"],"special_seed":0,"relics":["Cracked Core","NeowsBlessing","Dream Catcher","Bag of Preparation","Darkstone Periapt","White Beast Statue","Gremlin Horn","Boot","Question Card","Whetstone"],"potions_floor_usage":[30,31],"damage_taken":[{"damage":0.0,"enemies":"2 Louse","floor":1.0,"turns":1.0},{"damage":0.0,"enemies":"Cultist","floor":3.0,"turns":1.0},{"damage":0.0,"enemies":"Small Slimes","floor":5.0,"turns":1.0},{"damage":0.0,"enemies":"Lagavulin","floor":7.0,"turns":8.0},{"damage":15.0,"enemies":"3 Louse","floor":8.0,"turns":4.0},{"damage":0.0,"enemies":"Exordium Thugs","floor":11.0,"turns":4.0},{"damage":3.0,"enemies":"3 Sentries","floor":12.0,"turns":10.0},{"damage":1.0,"enemies":"Red Slaver","floor":14.0,"turns":4.0},{"damage":30.0,"enemies":"Slime Boss","floor":16.0,"turns":9.0},{"damage":7.0,"enemies":"Spheric Guardian","floor":18.0,"turns":6.0},{"damage":0.0,"enemies":"Chosen","floor":19.0,"turns":3.0},{"damage":5.0,"enemies":"Gremlin Leader","floor":23.0,"turns":5.0},{"damage":14.0,"enemies":"Snake Plant","floor":24.0,"turns":4.0},{"damage":2.0,"enemies":"Shelled Parasite and Fungi","floor":27.0,"turns":6.0},{"damage":17.0,"enemies":"Slavers","floor":28.0,"turns":3.0},{"damage":10,"enemies":"Snecko","floor":30,"turns":4},{"damage":30,"enemies":"Book of Stabbing","floor":31,"turns":4}],"seed_played":"-2988440548408718032","potions_obtained":[{"floor":1.0,"key":"SkillPotion"},{"floor":5.0,"key":"PowerPotion"},{"floor":11.0,"key":"FocusPotion"},{"floor":18.0,"key":"SneckoOil"},{"floor":19.0,"key":"Regen Potion"},{"floor":22.0,"key":"GamblersBrew"},{"floor":23.0,"key":"Regen Potion"},{"floor":24.0,"key":"EssenceOfSteel"},{"floor":27.0,"key":"FearPotion"},{"floor":30,"key":"FocusPotion"}],"is_trial":false,"path_per_floor":["M","?","M","?","M","R","E","M","T","R","M","E","$","M","R","B",null,"M","M","T","$","?","E","M","?","T","M","E","R","M","E"],"character_chosen":"DEFECT","items_purchased":["Apotheosis","Streamline"],"campfire_rested":0,"item_purchase_floors":[13,21],"current_hp_per_floor":[64,69,69,69,69,69,69,54,54,54,54,51,51,50,50,20,62,55,55,55,55,55,64,59,59,59,57,40,40,30,0],"gold":213,"neow_bonus":"THREE_ENEMY_KILL","is_prod":false,"is_daily":false,"chose_seed":false,"campfire_upgraded":4,"win_rate":0,"timestamp":1558714056,"path_taken":["M","?","M","?","M","R","E","?","T","R","M","E","$","M","R","BOSS","M","M","?","$","?","E","?","?","T","M","E","R","M","E"],"build_version":"2019-01-23","purchased_purges":1,"victory":false,"max_hp_per_floor":[71,76,76,76,76,76,76,76,76,76,76,76,76,76,76,76,76,76,76,76,76,76,76,76,76,76,76,76,76,76,76],"card_choices":[{"not_picked":["Gash","Skim"],"picked":"Glacier","floor":1.0},{"not_picked":["BootSequence","Redo"],"picked":"Ball Lightning","floor":3.0},{"not_picked":["Barrage","Steam Power"],"picked":"Defragment","floor":5.0},{"not_picked":["Reinforced Body","Doom and Gloom","Double Energy"],"picked":"SKIP","floor":7.0},{"not_picked":["Tempest","Stack","Beam Cell"],"picked":"SKIP","floor":8.0},{"not_picked":["Stack","Beam Cell"],"picked":"Hologram","floor":11.0},{"not_picked":["Consume","Double Energy","Steam"],"picked":"SKIP","floor":12.0},{"not_picked":["Gash","Darkness"],"picked":"Fission","floor":14.0},{"not_picked":["Thunder Strike","Buffer"],"picked":"Biased Cognition","floor":16.0},{"not_picked":["Redo","Hologram+1","Gash"],"picked":"SKIP","floor":18.0},{"not_picked":["Sweeping Beam","Hologram"],"picked":"Electrodynamics","floor":19.0},{"not_picked":["Sweeping Beam","Leap","Ball Lightning"],"picked":"SKIP","floor":23.0},{"not_picked":["Blizzard","Reprogram","Hologram"],"picked":"SKIP","floor":24.0},{"not_picked":["Ball Lightning","Gash","Lockon","Static Discharge"],"picked":"SKIP","floor":27.0},{"not_picked":["Reprogram","Sweeping Beam","FTL"],"picked":"Fission","floor":28.0},{"not_picked":["Reinforced Body","Steam+1","Fusion","Lockon"],"picked":"SKIP","floor":30}],"player_experience":942235,"relics_obtained":[{"floor":7.0,"key":"Dream Catcher"},{"floor":9.0,"key":"Bag of Preparation"},{"floor":12.0,"key":"Darkstone Periapt"},{"floor":20.0,"key":"Gremlin Horn"},{"floor":23.0,"key":"Boot"},{"floor":26.0,"key":"Question Card"},{"floor":28.0,"key":"Whetstone"}],"event_choices":[{"damage_healed":0.0,"max_hp_gain":5.0,"max_hp_loss":0.0,"gold_gain":0.0,"event_name":"Big Fish","player_choice":"Donut","floor":2.0,"gold_loss":0.0,"damage_taken":0.0},{"damage_healed":0.0,"max_hp_gain":0.0,"max_hp_loss":0.0,"gold_gain":0.0,"cards_transformed":["Strike_B"],"event_name":"Transmorgrifier","player_choice":"Transformed","floor":4.0,"gold_loss":0.0,"damage_taken":0.0,"cards_obtained":["Genetic Algorithm"]},{"damage_healed":0.0,"max_hp_gain":0.0,"max_hp_loss":0.0,"gold_gain":0.0,"event_name":"Lab","player_choice":"Got Potions","floor":22.0,"gold_loss":0.0,"damage_taken":0.0},{"damage_healed":0.0,"max_hp_gain":0.0,"max_hp_loss":0.0,"gold_gain":0.0,"event_name":"Beggar","player_choice":"Ignored","floor":25.0,"gold_loss":0.0,"damage_taken":0.0}],"is_beta":false,"boss_relics":[{"not_picked":["Lizard Tail","Calling Bell"],"picked":"White Beast Statue"}],"items_purged_floors":[21],"is_endless":false,"potions_floor_spawned":[1,5,11,12,18,19,23,24,27,28,30],"killed_by":"Book of Stabbing","ascension_level":20}