{"gold_per_floor":[361,361,372,1,1,27,27,62,62,62,77,77,94,110,110,212,212,231,231,231,247,247,247,267,267,267,267,267,267],"floor_reached":29,"playtime":1335,"items_purged":["Strike_R"],"score":337,"play_id":"1de8210a-5884-48d0-afa5-6b1629e0efee","local_time":"20190805064505","is_ascension_mode":true,"campfire_choices":[{"data":"Carnage","floor":7.0,"key":"SMITH"},{"data":"Feed","floor":10.0,"key":"SMITH"},{"data":"Iron Wave","floor":12.0,"key":"SMITH"},{"data":"Metallicize","floor":15.0,"key":"SMITH"},{"floor":23,"key":"REST"},{"data":"Iron Wave","floor":25,"key":"SMITH"},{"data":"Power Through","floor":27,"key":"SMITH"}],"neow_cost":"CURSE","seed_source_timestamp":2194024520988400,"circlet_count":0,"master_deck":["Strike_R","Strike_R","Defend_R","Bash","Carnage+1","Iron Wave+1","Evolve","Shrug It Off","Feed+1","Iron Wave+1","Headbutt","Metallicize+1","Demon Form","Havoc+1","Body Slam+1","Barricade+1","Power Through+1","Seeing Red","Dark Embrace","Dark Embrace"],"special_seed":0,"relics":["Burning Blood","Darkstone Periapt","PreservedInsect","Pen Nib","Astrolabe","Nloth\u0027s Gift"],"potions_floor_usage":[21,24,29],"damage_taken":[{"damage":4.0,"enemies":"2 Louse","floor":1.0,"turns":4.0},{"damage":9.0,"enemies":"Jaw Worm","floor":3.0,"turns":5.0},{"damage":25.0,"enemies":"Lagavulin","floor":6.0,"turns":7.0},{"damage":26.0,"enemies":"Gremlin Nob","floor":8.0,"turns":4.0},{"damage":0.0,"enemies":"Small Slimes","floor":11.0,"turns":3.0},{"damage":0.0,"enemies":"3 Louse","floor":13.0,"turns":3.0},{"damage":17.0,"enemies":"Large Slime","floor":14.0,"turns":5.0},{"damage":39.0,"enemies":"Hexaghost","floor":16.0,"turns":11.0},{"damage":17.0,"enemies":"Chosen","floor":18.0,"turns":6.0},{"damage":27,"enemies":"3 Byrds","floor":21,"turns":6},{"damage":21,"enemies":"Snake Plant","floor":24,"turns":5},{"damage":48,"enemies":"3 Cultists","floor":29,"turns":6}],"seed_played":"-1837602364843473674","potions_obtained":[{"floor":3.0,"key":"Weak Potion"},{"floor":6.0,"key":"Ancient Potion"},{"floor":8.0,"key":"Energy Potion"},{"floor":11.0,"key":"SkillPotion"},{"floor":13.0,"key":"FearPotion"},{"floor":21,"key":"SkillPotion"},{"floor":24,"key":"Weak Potion"}],"is_trial":false,"path_per_floor":["M","?","M","$","?","E","R","E","T","R","M","R","M","M","R","B",null,"M","?","?","M","?","R","M","R","T","R","?","M"],"character_chosen":"IRONCLAD","items_purchased":["Evolve","Shrug It Off","Feed","Iron Wave"],"campfire_rested":1,"item_purchase_floors":[4,4,4,4],"current_hp_per_floor":[74,67,64,64,64,48,48,28,28,28,38,38,48,41,41,12,77,66,66,46,25,25,56,41,41,41,41,41,0],"gold":267,"neow_bonus":"TWO_FIFTY_GOLD","is_prod":false,"is_daily":false,"chose_seed":false,"campfire_upgraded":6,"win_rate":0,"timestamp":1565009105,"path_taken":["M","?","M","$","?","E","R","E","T","R","M","R","?","M","R","BOSS","M","?","?","M","?","R","M","R","T","R","?","?"],"build_version":"2019-07-18","purchased_purges":1,"victory":false,"max_hp_per_floor":[80,80,80,80,80,83,83,83,83,83,87,87,91,95,95,99,99,99,99,104,104,104,104,104,104,104,104,104,108],"card_choices":[{"not_picked":["Armaments","True Grit"],"picked":"Carnage","floor":1.0},{"not_picked":["Wild Strike","Infernal Blade"],"picked":"Iron Wave","floor":3.0},{"not_picked":["Searing Blow","Flex","Warcry"],"picked":"SKIP","floor":6.0},{"not_picked":["Rampage","Sword Boomerang","Thunderclap"],"picked":"SKIP","floor":8.0},{"not_picked":["Armaments","Cleave","Perfected Strike"],"picked":"SKIP","floor":11.0},{"not_picked":["Dropkick","Perfected Strike"],"picked":"Headbutt","floor":13.0},{"not_picked":["Rage","Whirlwind"],"picked":"Metallicize","floor":14.0},{"not_picked":["Reaper","Brutality"],"picked":"Demon Form","floor":16.0},{"not_picked":["Body Slam","Armaments+1"],"picked":"Power Through","floor":18.0},{"not_picked":["Searing Blow","Wild Strike","Flex"],"picked":"SKIP","floor":21},{"not_picked":["Thunderclap","Headbutt","Clash"],"picked":"SKIP","floor":24}],"player_experience":126369,"relics_obtained":[{"floor":6.0,"key":"Darkstone Periapt"},{"floor":8.0,"key":"PreservedInsect"},{"floor":9.0,"key":"Pen Nib"},{"floor":26,"key":"Paper Frog"}],"event_choices":[{"cards_removed":["Doubt"],"damage_healed":0.0,"max_hp_gain":0.0,"max_hp_loss":0.0,"gold_gain":0.0,"event_name":"Golden Wing","player_choice":"Card Removal","floor":2.0,"gold_loss":0.0,"damage_taken":7.0},{"damage_healed":0.0,"max_hp_gain":0.0,"max_hp_loss":0.0,"gold_gain":0.0,"event_name":"Liars Game","player_choice":"Ignored","floor":5.0,"gold_loss":0.0,"damage_taken":0.0},{"damage_healed":0.0,"max_hp_gain":0.0,"max_hp_loss":0.0,"gold_gain":0.0,"event_name":"The Library","player_choice":"Read","floor":19.0,"gold_loss":0.0,"damage_taken":0.0,"cards_obtained":["Seeing Red"]},{"damage_healed":0.0,"max_hp_gain":5.0,"max_hp_loss":0.0,"gold_gain":0.0,"event_name":"Forgotten Altar","player_choice":"Shed Blood","floor":20.0,"gold_loss":0.0,"damage_taken":25.0},{"damage_healed":0,"gold_gain":0,"cards_transformed":["Strike_R","Strike_R"],"player_choice":"Became Test Subject","damage_taken":0,"max_hp_gain":0,"max_hp_loss":0,"event_name":"Drug Dealer","floor":22,"gold_loss":0,"cards_obtained":["Dark Embrace","Dark Embrace"]},{"damage_healed":0,"gold_gain":0,"player_choice":"Traded Relic","damage_taken":0,"relics_obtained":["Nloth\u0027s Gift"],"max_hp_gain":0,"max_hp_loss":0,"event_name":"N\u0027loth","floor":28,"relics_lost":["Paper Frog"],"gold_loss":0}],"is_beta":true,"boss_relics":[{"not_picked":["Empty Cage","Sozu"],"picked":"Astrolabe"}],"items_purged_floors":[4],"is_endless":false,"potions_floor_spawned":[3,6,8,11,13,21,24],"killed_by":"3 Cultists","ascension_level":7}