{"gold_per_floor":[118,28,48,48,48,80,98,98,98,98,98],"floor_reached":11,"playtime":421,"items_purged":[],"score":135,"play_id":"3321e835-69d8-41ef-81c0-5c7a8efdeee2","local_time":"20190305222319","is_ascension_mode":true,"campfire_choices":[{"floor":8,"key":"REST"}],"neow_cost":"PERCENT_DAMAGE","seed_source_timestamp":11045524211681,"circlet_count":0,"master_deck":["AscendersBane","Strike_R","Strike_R","Strike_R","Strike_R","Defend_R","Defend_R","Defend_R","Defend_R","Bash","Shrug It Off","Corruption","Evolve","Intimidate","True Grit","Flame Barrier","Injury"],"relics":["Burning Blood","Frozen Egg 2","Gambling Chip","Mummified Hand","Golden Idol"],"potions_floor_usage":[11],"damage_taken":[{"damage":1,"enemies":"Cultist","floor":1,"turns":3},{"damage":7,"enemies":"Small Slimes","floor":3,"turns":4},{"damage":42,"enemies":"3 Sentries","floor":6,"turns":10},{"damage":8,"enemies":"Jaw Worm","floor":7,"turns":4},{"damage":84,"enemies":"Gremlin Gang","floor":11,"turns":6}],"seed_played":"-2912110164511314161","potions_obtained":[{"floor":3,"key":"FairyPotion"},{"floor":7,"key":"Regen Potion"}],"is_trial":false,"path_per_floor":["M","$","M","?","T","E","M","R","T","?","M"],"character_chosen":"IRONCLAD","items_purchased":["Corruption"],"campfire_rested":1,"item_purchase_floors":[2],"current_hp_per_floor":[69,69,68,68,68,32,30,56,56,56,0],"gold":98,"neow_bonus":"TWENTY_PERCENT_HP_BONUS","is_prod":false,"is_daily":false,"chose_seed":false,"campfire_upgraded":0,"win_rate":0,"timestamp":1551784999,"path_taken":["M","$","?","?","?","E","?","R","T","?","M"],"build_version":"2019-01-23","purchased_purges":0,"victory":false,"max_hp_per_floor":[89,89,89,89,89,89,89,89,89,89,89],"card_choices":[{"not_picked":["Sentinel","Havoc"],"picked":"Shrug It Off","floor":1},{"not_picked":["Perfected Strike","Searing Blow"],"picked":"Evolve","floor":3},{"not_picked":["Havoc","Infernal Blade"],"picked":"True Grit","floor":6},{"not_picked":["Shrug It Off","True Grit"],"picked":"Flame Barrier","floor":7}],"player_experience":805513,"relics_obtained":[{"floor":5,"key":"Frozen Egg 2"},{"floor":6,"key":"Gambling Chip"},{"floor":9,"key":"Mummified Hand"}],"event_choices":[{"damage_healed":0,"gold_gain":0,"cards_transformed":["Strike_R"],"player_choice":"Change","damage_taken":0,"max_hp_gain":0,"max_hp_loss":0,"event_name":"Living Wall","floor":4,"gold_loss":0,"cards_obtained":["Intimidate"]},{"damage_healed":0,"gold_gain":0,"player_choice":"Take Wound","damage_taken":0,"relics_obtained":["Golden Idol"],"max_hp_gain":0,"max_hp_loss":0,"event_name":"Golden Idol","floor":10,"gold_loss":0,"cards_obtained":["Injury"]}],"is_beta":false,"boss_relics":[],"items_purged_floors":[],"is_endless":false,"potions_floor_spawned":[3,7],"killed_by":"Gremlin Gang","ascension_level":18}