{"gold_per_floor":[109,123,143,153,164,193,193],"floor_reached":7,"playtime":402,"items_purged":[],"score":55,"play_id":"46fd3b18-43d0-4372-84c0-564e9c5ce922","local_time":"20190806201624","is_ascension_mode":false,"campfire_choices":[],"neow_cost":"NONE","seed_source_timestamp":0,"circlet_count":0,"master_deck":["Strike_R","Strike_R","Strike_R","Strike_R","Strike_R","Defend_R","Defend_R","Defend_R","Defend_R","Bash","Infernal Blade","Flex","Body Slam","Entrench","Carnage","Sever Soul"],"special_seed":0,"relics":["Burning Blood","Oddly Smooth Stone"],"potions_floor_usage":[6,7],"damage_taken":[{"damage":1.0,"enemies":"Cultist","floor":1.0,"turns":3.0},{"damage":3.0,"enemies":"Small Slimes","floor":2.0,"turns":3.0},{"damage":1.0,"enemies":"Jaw Worm","floor":3.0,"turns":2.0},{"damage":26.0,"enemies":"Exordium Wildlife","floor":4.0,"turns":4.0},{"damage":13.0,"enemies":"3 Louse","floor":5.0,"turns":4.0},{"damage":39,"enemies":"3 Sentries","floor":6,"turns":9},{"damage":25,"enemies":"Gremlin Gang","floor":7,"turns":3}],"seed_played":"1992997404180284881","potions_obtained":[{"floor":0.0,"key":"Energy Potion"},{"floor":0.0,"key":"LiquidBronze"},{"floor":0.0,"key":"SpeedPotion"},{"floor":4.0,"key":"Dexterity Potion"},{"floor":5.0,"key":"EssenceOfSteel"},{"floor":6,"key":"SkillPotion"}],"is_trial":false,"path_per_floor":["M","M","M","M","M","E","M"],"character_chosen":"IRONCLAD","items_purchased":[],"campfire_rested":0,"item_purchase_floors":[],"current_hp_per_floor":[80,80,80,60,53,20,0],"gold":193,"neow_bonus":"THREE_SMALL_POTIONS","is_prod":false,"is_daily":false,"chose_seed":false,"campfire_upgraded":0,"win_rate":0,"timestamp":1565093784,"path_taken":["M","M","M","M","M","E","M"],"build_version":"2019-07-17","purchased_purges":0,"victory":false,"max_hp_per_floor":[80,80,80,80,80,80,80],"card_choices":[{"not_picked":["Seeing Red","Iron Wave"],"picked":"Infernal Blade","floor":1.0},{"not_picked":["Clash","Wild Strike"],"picked":"Flex","floor":2.0},{"not_picked":["Twin Strike","Sentinel"],"picked":"Body Slam","floor":3.0},{"not_picked":["Havoc","Metallicize"],"picked":"Entrench","floor":4.0},{"not_picked":["Bloodletting","Fire Breathing"],"picked":"Carnage","floor":5.0},{"not_picked":["Corruption","Rupture"],"picked":"Sever Soul","floor":6}],"player_experience":87386,"relics_obtained":[{"floor":6,"key":"Oddly Smooth Stone"}],"event_choices":[],"is_beta":false,"boss_relics":[],"items_purged_floors":[],"is_endless":false,"potions_floor_spawned":[1,4,5,6],"killed_by":"Gremlin Gang","ascension_level":0}