{"gold_per_floor":[119,119,31,41,41,41,73,137,137,153,172,172,195,221,221,297,297,316,241,264,31,31,31,31,58,58,90,90,360,360,70,70,142,142,157,157,32,43,58,58,73,104,127,127,154,154,154,204,204,204],"floor_reached":50,"playtime":3476,"items_purged":["Defend_G","Defend_G","Defend_G"],"score":1401,"play_id":"6838e088-1326-4aab-9183-04308bb670a8","local_time":"20190623154800","is_ascension_mode":true,"campfire_choices":[{"data":"Noxious Fumes","floor":6.0,"key":"SMITH"},{"data":"A Thousand Cuts","floor":12.0,"key":"SMITH"},{"data":"Neutralize","floor":15.0,"key":"SMITH"},{"data":"Acrobatics","floor":23.0,"key":"SMITH"},{"data":"Well Laid Plans","floor":28.0,"key":"SMITH"},{"data":"Concentrate","floor":32.0,"key":"SMITH"},{"data":"Calculated Gamble","floor":40.0,"key":"SMITH"},{"data":"Acrobatics","floor":47,"key":"SMITH"},{"floor":49,"key":"RECALL"}],"neow_cost":"NONE","seed_source_timestamp":444834176390207,"circlet_count":0,"master_deck":["AscendersBane","Survivor","Neutralize+1","Noxious Fumes+1","A Thousand Cuts+1","Calculated Gamble+1","Well Laid Plans+1","Acrobatics+1","Blur+1","Deflect+1","Deadly Poison+1","PiercingWail","Acrobatics+1","Madness","Concentrate+1","Malaise"],"special_seed":0,"relics":["Ring of the Snake","NeowsBlessing","Bag of Preparation","Boot","Meat on the Bone","Odd Mushroom","Centennial Puzzle","Astrolabe","Lantern","Juzu Bracelet","Bottled Lightning","Ancient Tea Set","WristBlade","Whetstone","Omamori","Mercury Hourglass"],"potions_floor_usage":[50],"damage_taken":[{"damage":0.0,"enemies":"Jaw Worm","floor":1.0,"turns":1.0},{"damage":0.0,"enemies":"Cultist","floor":4.0,"turns":1.0},{"damage":0.0,"enemies":"Gremlin Nob","floor":7.0,"turns":1.0},{"damage":37.0,"enemies":"Lagavulin Event","floor":8.0,"turns":6.0},{"damage":0.0,"enemies":"2 Louse","floor":10.0,"turns":3.0},{"damage":4.0,"enemies":"2 Fungi Beasts","floor":11.0,"turns":4.0},{"damage":10.0,"enemies":"The Mushroom Lair","floor":13.0,"turns":4.0},{"damage":13.0,"enemies":"Lagavulin","floor":14.0,"turns":8.0},{"damage":32.0,"enemies":"Hexaghost","floor":16.0,"turns":10.0},{"damage":5.0,"enemies":"Shell Parasite","floor":18.0,"turns":6.0},{"damage":18.0,"enemies":"Slavers","floor":25.0,"turns":5.0},{"damage":12.0,"enemies":"Book of Stabbing","floor":27.0,"turns":7.0},{"damage":0.0,"enemies":"Champ","floor":33.0,"turns":13.0},{"damage":0.0,"enemies":"Orb Walker","floor":35.0,"turns":3.0},{"damage":0.0,"enemies":"3 Shapes","floor":38.0,"turns":4.0},{"damage":1.0,"enemies":"3 Darklings","floor":39.0,"turns":5.0},{"damage":0.0,"enemies":"Sphere and 2 Shapes","floor":41.0,"turns":4.0},{"damage":0.0,"enemies":"Reptomancer","floor":42.0,"turns":7.0},{"damage":0,"enemies":"Giant Head","floor":45,"turns":6},{"damage":42,"enemies":"Time Eater","floor":50,"turns":11}],"seed_played":"-5312716425137541516","potions_obtained":[{"floor":1.0,"key":"Ancient Potion"},{"floor":7.0,"key":"Fire Potion"},{"floor":13.0,"key":"PowerPotion"},{"floor":14.0,"key":"GhostInAJar"},{"floor":25.0,"key":"Poison Potion"},{"floor":27.0,"key":"Fire Potion"},{"floor":45,"key":"SteroidPotion"}],"is_trial":false,"path_per_floor":["M","?","$","M","?","R","E","?","T","M","M","R","?","E","R","B",null,"M","?","T","$","?","R","?","E","T","E","R","?","?","$","R","B",null,"M","?","$","M","M","R","M","E","T","?","E","?","R","?","R","B"],"character_chosen":"THE_SILENT","items_purchased":["Noxious Fumes","Juzu Bracelet","Acrobatics","Madness","Concentrate"],"campfire_rested":0,"item_purchase_floors":[3,21,31,31,31],"current_hp_per_floor":[59,59,59,59,59,59,59,22,22,34,42,42,44,43,43,23,55,50,50,50,50,50,50,50,44,44,44,44,20,20,20,20,32,58,58,58,58,58,57,57,57,57,57,53,53,53,53,47,47,5],"gold":204,"neow_bonus":"THREE_ENEMY_KILL","is_prod":false,"is_daily":false,"chose_seed":false,"campfire_upgraded":8,"win_rate":0,"timestamp":1561276080,"path_taken":["M","?","$","?","?","R","E","?","T","M","M","R","?","E","R","BOSS","M","?","?","$","?","R","?","E","T","E","R","?","?","?","R","BOSS","M","?","$","M","M","R","M","E","T","?","E","?","R","?","R","BOSS"],"build_version":"2019-01-23","purchased_purges":3,"victory":false,"max_hp_per_floor":[66,66,66,66,66,66,66,66,66,66,66,66,66,66,66,66,66,66,66,66,66,66,66,66,66,66,66,66,66,66,66,66,66,66,66,66,66,66,66,66,66,66,66,66,66,66,66,66,66,66],"card_choices":[{"not_picked":["Underhanded Strike","Sucker Punch"],"picked":"Skewer","floor":1.0},{"not_picked":["Dagger Spray","Underhanded Strike","Prepared"],"picked":"SKIP","floor":4.0},{"not_picked":["Envenom","Deadly Poison"],"picked":"Calculated Gamble","floor":7.0},{"not_picked":["Underhanded Strike","Slice"],"picked":"Well Laid Plans","floor":8.0},{"not_picked":["Phantasmal Killer","Dagger Spray","Deflect"],"picked":"SKIP","floor":10.0},{"not_picked":["Phantasmal Killer","Dagger Spray","Deflect"],"picked":"SKIP","floor":10.0},{"not_picked":["Quick Slash","Flechettes","Prepared"],"picked":"SKIP","floor":11.0},{"not_picked":["Crippling Poison","Noxious Fumes"],"picked":"Acrobatics","floor":14.0},{"not_picked":["Heel Hook","Finisher","Outmaneuver"],"picked":"SKIP","floor":18.0},{"not_picked":["Venomology","Heel Hook","Eviscerate"],"picked":"SKIP","floor":25.0},{"not_picked":["Prepared","Acrobatics"],"picked":"PiercingWail","floor":27.0},{"not_picked":["Storm of Steel","Bullet Time"],"picked":"Malaise","floor":33.0},{"not_picked":["Dodge and Roll","Dash+1","Slice+1"],"picked":"SKIP","floor":35.0},{"not_picked":["Backflip+1","Leg Sweep","Underhanded Strike+1"],"picked":"SKIP","floor":38.0},{"not_picked":["Infinite Blades","Caltrops","Blade Dance"],"picked":"SKIP","floor":39.0},{"not_picked":["Outmaneuver","Prepared","Backflip"],"picked":"SKIP","floor":41.0},{"not_picked":["Envenom","Finisher","Dagger Throw"],"picked":"SKIP","floor":42.0},{"not_picked":["Quick Slash","Outmaneuver+1","Deadly Poison+1"],"picked":"SKIP","floor":45},{"not_picked":["Quick Slash","Outmaneuver+1","Deadly Poison+1"],"picked":"SKIP","floor":45}],"player_experience":1000242,"relics_obtained":[{"floor":7.0,"key":"Bag of Preparation"},{"floor":8.0,"key":"Boot"},{"floor":9.0,"key":"Meat on the Bone"},{"floor":13.0,"key":"Odd Mushroom"},{"floor":14.0,"key":"Centennial Puzzle"},{"floor":20.0,"key":"Lantern"},{"floor":25.0,"key":"Bottled Lightning"},{"floor":27.0,"key":"Ancient Tea Set"},{"floor":42.0,"key":"Whetstone"},{"floor":43.0,"key":"Omamori"},{"floor":45,"key":"Mercury Hourglass"}],"event_choices":[{"damage_healed":0.0,"max_hp_gain":0.0,"max_hp_loss":0.0,"gold_gain":0.0,"event_name":"Upgrade Shrine","player_choice":"Upgraded","floor":2.0,"gold_loss":0.0,"damage_taken":0.0,"cards_upgraded":["Skewer"]},{"damage_healed":0.0,"max_hp_gain":0.0,"max_hp_loss":0.0,"gold_gain":0.0,"cards_transformed":["Strike_G"],"event_name":"Living Wall","player_choice":"Change","floor":5.0,"gold_loss":0.0,"damage_taken":0.0,"cards_obtained":["A Thousand Cuts"]},{"damage_healed":0.0,"max_hp_gain":0.0,"max_hp_loss":0.0,"gold_gain":0.0,"event_name":"Dead Adventurer","player_choice":"Searched \u00272\u0027 times","floor":8.0,"gold_loss":0.0,"damage_taken":0.0},{"damage_healed":0.0,"max_hp_gain":0.0,"max_hp_loss":0.0,"gold_gain":0.0,"event_name":"Mushrooms","player_choice":"Fought Mushrooms","floor":13.0,"gold_loss":0.0,"damage_taken":0.0},{"cards_removed":["Strike_G"],"damage_healed":0.0,"max_hp_gain":0.0,"max_hp_loss":0.0,"gold_gain":0.0,"event_name":"Beggar","player_choice":"Gave Gold","floor":19.0,"gold_loss":75.0,"damage_taken":0.0},{"cards_removed":["Defend_G"],"damage_healed":0.0,"max_hp_gain":0.0,"max_hp_loss":0.0,"gold_gain":0.0,"event_name":"Back to Basics","player_choice":"Elegance","floor":22.0,"gold_loss":0.0,"damage_taken":0.0},{"damage_healed":0.0,"max_hp_gain":0.0,"max_hp_loss":0.0,"gold_gain":0.0,"event_name":"The Mausoleum","player_choice":"Ignored","floor":24.0,"gold_loss":0.0,"damage_taken":0.0},{"damage_healed":0.0,"max_hp_gain":0.0,"max_hp_loss":0.0,"gold_gain":270.0,"event_name":"Knowing Skull","player_choice":"GOLD GOLD GOLD ","floor":29.0,"potions_obtained":[],"gold_loss":0.0,"damage_taken":24.0,"cards_obtained":[]},{"cards_removed":["Defend_G"],"damage_healed":0.0,"max_hp_gain":0.0,"max_hp_loss":0.0,"gold_gain":0.0,"event_name":"Bonfire Elementals","player_choice":"Offered Basic","floor":30.0,"gold_loss":0.0,"damage_taken":0.0},{"cards_removed":["Skewer"],"damage_healed":0.0,"max_hp_gain":0.0,"max_hp_loss":0.0,"gold_gain":0.0,"event_name":"Falling","player_choice":"Removed Attack","floor":36.0,"gold_loss":0.0,"damage_taken":0.0},{"damage_healed":0,"gold_gain":0,"player_choice":"Bought 0 Potions","damage_taken":0,"max_hp_gain":0,"max_hp_loss":0,"event_name":"The Woman in Blue","floor":44,"gold_loss":0},{"damage_healed":0,"gold_gain":0,"player_choice":"Ignored","damage_taken":0,"max_hp_gain":0,"max_hp_loss":0,"event_name":"Tomb of Lord Red Mask","floor":46,"gold_loss":0},{"damage_healed":0,"gold_gain":50,"player_choice":"Touch","damage_taken":6,"max_hp_gain":0,"max_hp_loss":0,"event_name":"FaceTrader","floor":48,"gold_loss":0}],"is_beta":false,"boss_relics":[{"not_picked":["HoveringKite","Philosopher\u0027s Stone"],"picked":"Astrolabe"},{"not_picked":["Fusion Hammer","Calling Bell"],"picked":"WristBlade"}],"items_purged_floors":[21,31,37],"is_endless":false,"potions_floor_spawned":[1,7,10,13,14,25,27,35,39,41,45],"killed_by":"Time Eater","ascension_level":20}