{"gold_per_floor":[109,120,120,120,136,166,166,166,166,166,22,48,94,113,113,210,210,221,321,336,356,45,45,58,58,58,58,58,258,18,32,32,32],"floor_reached":33,"playtime":1402,"items_purged":[],"score":304,"play_id":"1fe4c178-fdbe-4e29-b2c9-cf8db5bb70a2","local_time":"20190721184128","is_ascension_mode":true,"campfire_choices":[{"floor":7,"key":"REST"},{"data":"Envenom","floor":10,"key":"SMITH"},{"floor":15,"key":"REST"},{"floor":23,"key":"REST"},{"floor":25,"key":"REST"},{"floor":28,"key":"REST"},{"floor":32,"key":"REST"}],"neow_cost":"NONE","seed_source_timestamp":166720092474900,"circlet_count":0,"master_deck":["Strike_G","Strike_G","Strike_G","Strike_G","Strike_G","Defend_G","Defend_G","Defend_G","Defend_G","Survivor","Neutralize","Poisoned Stab","Deflect","Outmaneuver","Envenom+1","Flying Knee","Blur","Corpse Explosion","Poisoned Stab","Slice","Bane","Slice","Blade Dance","Bouncing Flask"],"relics":["Ring of the Snake","NlothsMask","Kunai","Snake Skull","Happy Flower","Smiling Mask","Philosopher\u0027s Stone","FossilizedHelix","Bottled Tornado","Shuriken"],"potions_floor_usage":[6,14,21,21,24],"damage_taken":[{"damage":1,"enemies":"Jaw Worm","floor":1,"turns":3},{"damage":0,"enemies":"Small Slimes","floor":2,"turns":3},{"damage":0,"enemies":"Cultist","floor":5,"turns":3},{"damage":34,"enemies":"Lagavulin","floor":6,"turns":8},{"damage":8,"enemies":"Gremlin Nob","floor":12,"turns":3},{"damage":9,"enemies":"2 Fungi Beasts","floor":14,"turns":2},{"damage":30,"enemies":"Hexaghost","floor":16,"turns":10},{"damage":26,"enemies":"3 Byrds","floor":18,"turns":3},{"damage":36,"enemies":"Spheric Guardian","floor":20,"turns":6},{"damage":11,"enemies":"Chosen and Byrds","floor":21,"turns":5},{"damage":12,"enemies":"Centurion and Healer","floor":24,"turns":5},{"damage":6,"enemies":"Snake Plant","floor":31,"turns":3},{"damage":101,"enemies":"Champ","floor":33,"turns":7}],"seed_played":"-1603653263388157838","potions_obtained":[{"floor":2,"key":"Fire Potion"},{"floor":6,"key":"Explosive Potion"},{"floor":16,"key":"PowerPotion"},{"floor":18,"key":"Swift Potion"},{"floor":21,"key":"SkillPotion"}],"is_trial":false,"path_per_floor":["M","M","?","?","M","E","R","?","T","R","$","E","T","M","R","B",null,"M","?","M","M","$","R","M","R","T","?","R","?","$","M","R","B"],"character_chosen":"THE_SILENT","items_purchased":["Snake Skull","FossilizedHelix","Slice","Shuriken"],"campfire_rested":6,"item_purchase_floors":[11,22,22,30],"current_hp_per_floor":[76,76,69,69,69,35,58,58,58,58,58,50,50,41,64,34,77,51,51,15,4,4,27,15,38,38,38,61,61,61,55,77,0],"gold":32,"neow_bonus":"TEN_PERCENT_HP_BONUS","is_prod":false,"is_daily":false,"chose_seed":false,"campfire_upgraded":1,"win_rate":0,"timestamp":1563759688,"path_taken":["M","M","?","?","?","E","R","?","T","R","$","E","?","M","R","BOSS","M","?","?","M","$","R","M","R","T","?","R","?","$","M","R","BOSS"],"build_version":"2019-07-17","purchased_purges":0,"victory":false,"max_hp_per_floor":[77,77,77,77,77,77,77,77,77,77,77,77,77,77,77,77,77,77,77,77,77,77,77,77,77,77,77,77,77,77,77,77,77],"card_choices":[{"not_picked":["Deflect","Choke"],"picked":"Poisoned Stab","floor":1},{"not_picked":["Reflex","Concentrate"],"picked":"Deflect","floor":2},{"not_picked":["Masterful Stab","Riddle With Holes"],"picked":"Outmaneuver","floor":5},{"not_picked":["Eviscerate","Bane"],"picked":"Envenom","floor":6},{"not_picked":["Backflip","Dagger Throw"],"picked":"Flying Knee","floor":12},{"not_picked":["Dagger Spray","Sucker Punch"],"picked":"Blur","floor":14},{"not_picked":["Envenom","Grand Finale"],"picked":"Corpse Explosion","floor":16},{"not_picked":["Backflip","Deadly Poison"],"picked":"Poisoned Stab","floor":18},{"not_picked":["Cloak And Dagger","Tactician+1"],"picked":"Slice","floor":20},{"not_picked":["Outmaneuver","PiercingWail"],"picked":"Bane","floor":21},{"not_picked":["Deadly Poison","Dagger Throw+1"],"picked":"Blade Dance","floor":24},{"not_picked":["Deflect","Bane"],"picked":"Bouncing Flask","floor":31}],"player_experience":684042,"relics_obtained":[{"floor":6,"key":"Kunai"},{"floor":12,"key":"Happy Flower"},{"floor":13,"key":"Smiling Mask"},{"floor":26,"key":"Bottled Tornado"}],"event_choices":[{"cards_removed":["Defend_G"],"damage_healed":0,"gold_gain":0,"player_choice":"Card Removal","damage_taken":7,"max_hp_gain":0,"max_hp_loss":0,"event_name":"Golden Wing","floor":3,"gold_loss":0},{"damage_healed":0,"gold_gain":0,"player_choice":"Trade","damage_taken":0,"relics_obtained":["NlothsMask"],"max_hp_gain":0,"max_hp_loss":0,"event_name":"FaceTrader","floor":4,"gold_loss":0},{"damage_healed":0,"gold_gain":0,"player_choice":"Ignored","damage_taken":0,"max_hp_gain":0,"max_hp_loss":0,"event_name":"Liars Game","floor":8,"gold_loss":0},{"damage_healed":0,"gold_gain":100,"player_choice":"Pray","damage_taken":0,"max_hp_gain":0,"max_hp_loss":0,"event_name":"Golden Shrine","floor":19,"gold_loss":0},{"damage_healed":0,"gold_gain":0,"player_choice":"Ignored","damage_taken":0,"max_hp_gain":0,"max_hp_loss":0,"event_name":"Ghosts","floor":27,"gold_loss":0},{"damage_healed":0,"gold_gain":250,"player_choice":"Bet on Owner","damage_taken":0,"max_hp_gain":0,"max_hp_loss":0,"event_name":"The Joust","floor":29,"gold_loss":50}],"is_beta":false,"boss_relics":[{"not_picked":["Coffee Dripper","Calling Bell"],"picked":"Philosopher\u0027s Stone"}],"items_purged_floors":[],"is_endless":false,"potions_floor_spawned":[2,6,16,18,21],"killed_by":"Champ","ascension_level":4}