{"gold_per_floor":[110,110,110,122,87,117,133,62,62,76,76,76,76,95,95,192,242,259,358,156,173,18,48,59,59,86,86,86,86,86,104,104,200,200,213,232,247,247],"floor_reached":38,"playtime":2141,"items_purged":["Strike_B"],"score":591,"play_id":"a22a8c4a-8369-4baf-a6fd-65b947bd00be","local_time":"20190206123854","is_ascension_mode":true,"campfire_choices":[{"floor":13.0,"key":"REST"},{"floor":15.0,"key":"REST"},{"floor":25.0,"key":"REST"},{"data":"Echo Form","floor":28.0,"key":"SMITH"},{"data":"Defragment","floor":30.0,"key":"SMITH"},{"floor":32.0,"key":"REST"}],"neow_cost":"NONE","seed_source_timestamp":167518001305965,"circlet_count":0,"master_deck":["AscendersBane","Strike_B","Defend_B","Defend_B","Defend_B","Defend_B","Zap","Dualcast","Turbo+1","Tempest","Sunder+1","Hologram","Defragment+1","Cold Snap","Echo Form+1","Electrodynamics","Melter","Force Field","Capacitor","Hologram+1","Cold Snap","Loop","Thunder Strike","White Noise","Redo","Conserve Battery+1","Parasite"],"special_seed":0,"relics":["Cracked Core","DataDisk","Symbiotic Virus","Gremlin Horn","Boot","Tiny House","Tiny Chest","Regal Pillow","Unceasing Top","Bag of Preparation","Inserter"],"potions_floor_usage":[],"damage_taken":[{"damage":9.0,"enemies":"Jaw Worm","floor":1.0,"turns":3.0},{"damage":1.0,"enemies":"Cultist","floor":4.0,"turns":3.0},{"damage":42.0,"enemies":"Lagavulin","floor":6.0,"turns":8.0},{"damage":0.0,"enemies":"Small Slimes","floor":7.0,"turns":2.0},{"damage":0.0,"enemies":"Exordium Wildlife","floor":10.0,"turns":1.0},{"damage":0.0,"enemies":"Large Slime","floor":14.0,"turns":2.0},{"damage":8.0,"enemies":"Slime Boss","floor":16.0,"turns":5.0},{"damage":5.0,"enemies":"Shell Parasite","floor":18.0,"turns":3.0},{"damage":13.0,"enemies":"2 Thieves","floor":21.0,"turns":3.0},{"damage":17.0,"enemies":"Gremlin Leader","floor":23.0,"turns":5.0},{"damage":10.0,"enemies":"Sentry and Sphere","floor":24.0,"turns":4.0},{"damage":11.0,"enemies":"Snecko","floor":31.0,"turns":4.0},{"damage":54.0,"enemies":"Champ","floor":33.0,"turns":8.0},{"damage":6.0,"enemies":"3 Shapes","floor":35.0,"turns":4.0},{"damage":36.0,"enemies":"3 Darklings","floor":36.0,"turns":4.0},{"damage":6.0,"enemies":"Sphere and 2 Shapes","floor":37.0,"turns":3.0},{"damage":21,"enemies":"Writhing Mass","floor":38,"turns":4}],"seed_played":"-8998315822806958060","potions_obtained":[{"floor":6.0,"key":"Swift Potion"},{"floor":10.0,"key":"Regen Potion"},{"floor":14.0,"key":"Weak Potion"},{"floor":16.0,"key":"SpeedPotion"},{"floor":17.0,"key":"Poison Potion"},{"floor":21.0,"key":"SteroidPotion"},{"floor":31.0,"key":"SteroidPotion"},{"floor":33.0,"key":"FocusPotion"},{"floor":35.0,"key":"Energy Potion"},{"floor":36.0,"key":"GamblersBrew"}],"is_trial":false,"path_per_floor":["M","?","?","M","?","E","M","$","T","M","?","T","R","M","R","B",null,"M","?","$","M","$","E","M","R","T","?","R","?","R","M","R","B",null,"M","M","M","M"],"character_chosen":"DEFECT","items_purchased":["Defragment","Tiny Chest","Regal Pillow"],"campfire_rested":4,"item_purchase_floors":[8,20,22],"current_hp_per_floor":[59,52,52,51,69,27,27,27,27,27,27,27,49,49,71,67,78,73,73,73,60,60,43,33,72,72,72,72,72,72,61,80,26,67,61,25,19,0],"gold":247,"neow_bonus":"RANDOM_COMMON_RELIC","is_prod":false,"is_daily":false,"chose_seed":false,"campfire_upgraded":2,"win_rate":0,"timestamp":1549427934,"path_taken":["M","?","?","?","?","E","M","?","T","M","?","?","R","M","R","BOSS","M","?","$","M","$","E","M","R","T","?","R","?","R","?","R","BOSS","M","?","M","M"],"build_version":"2019-01-23","purchased_purges":1,"victory":false,"max_hp_per_floor":[75,75,75,75,75,75,75,75,75,75,75,75,75,75,75,75,80,80,80,80,80,80,80,80,80,80,80,80,80,80,80,80,80,80,80,80,80,80],"card_choices":[{"not_picked":["Rebound","Stack"],"picked":"Turbo","floor":1.0},{"not_picked":["Compile Driver","Fusion"],"picked":"Tempest","floor":4.0},{"not_picked":["Turbo","Stack"],"picked":"Sunder","floor":6.0},{"not_picked":["Beam Cell","Gash"],"picked":"Hologram","floor":7.0},{"not_picked":["Ball Lightning","Conserve Battery"],"picked":"Cold Snap","floor":10.0},{"not_picked":["Sweeping Beam","Barrage"],"picked":"Echo Form","floor":14.0},{"not_picked":["Fission","All For One"],"picked":"Electrodynamics","floor":16.0},{"not_picked":["Sweeping Beam","Gash"],"picked":"Melter","floor":17.0},{"not_picked":["Hello World","Scrape"],"picked":"Force Field","floor":18.0},{"not_picked":["Force Field+1","Beam Cell"],"picked":"Capacitor","floor":21.0},{"not_picked":["Electrodynamics","Barrage"],"picked":"Hologram+1","floor":23.0},{"not_picked":["Undo","Fusion"],"picked":"Cold Snap","floor":24.0},{"not_picked":["Compile Driver+1","Genetic Algorithm+1"],"picked":"Loop","floor":31.0},{"not_picked":["Reboot","Meteor Strike"],"picked":"Thunder Strike","floor":33.0},{"not_picked":["Turbo+1","Sweeping Beam"],"picked":"White Noise","floor":35.0},{"not_picked":["Barrage+1","Steam+1"],"picked":"Redo","floor":36.0},{"not_picked":["Hello World+1","Static Discharge"],"picked":"Conserve Battery+1","floor":37.0}],"player_experience":659785,"relics_obtained":[{"floor":6.0,"key":"Symbiotic Virus"},{"floor":9.0,"key":"Gremlin Horn"},{"floor":12.0,"key":"Boot"},{"floor":23.0,"key":"Unceasing Top"},{"floor":26.0,"key":"Bag of Preparation"}],"event_choices":[{"cards_removed":["Strike_B"],"damage_healed":0.0,"max_hp_gain":0.0,"max_hp_loss":0.0,"gold_gain":0.0,"event_name":"Golden Wing","player_choice":"Card Removal","floor":2.0,"gold_loss":0.0,"damage_taken":7.0},{"cards_removed":["Strike_B"],"damage_healed":0.0,"max_hp_gain":0.0,"max_hp_loss":0.0,"gold_gain":0.0,"event_name":"Bonfire Elementals","player_choice":"Offered Basic","floor":3.0,"gold_loss":0.0,"damage_taken":0.0},{"damage_healed":18.0,"max_hp_gain":0.0,"max_hp_loss":0.0,"gold_gain":0.0,"event_name":"The Cleric","player_choice":"Healed","floor":5.0,"gold_loss":35.0,"damage_taken":0.0},{"damage_healed":0.0,"max_hp_gain":0.0,"max_hp_loss":0.0,"gold_gain":0.0,"event_name":"Shining Light","player_choice":"Ignored","floor":11.0,"gold_loss":0.0,"damage_taken":0.0},{"damage_healed":0.0,"max_hp_gain":0.0,"max_hp_loss":0.0,"gold_gain":99.0,"event_name":"Nest","player_choice":"Stole From Cult","floor":19.0,"gold_loss":0.0,"damage_taken":0.0},{"damage_healed":0.0,"max_hp_gain":0.0,"max_hp_loss":0.0,"gold_gain":0.0,"event_name":"Ghosts","player_choice":"Ignored","floor":27.0,"gold_loss":0.0,"damage_taken":0.0},{"damage_healed":0.0,"max_hp_gain":0.0,"max_hp_loss":0.0,"gold_gain":0.0,"event_name":"Accursed Blacksmith","player_choice":"Forge","floor":29.0,"gold_loss":0.0,"damage_taken":0.0,"cards_upgraded":["Sunder"]}],"is_beta":false,"boss_relics":[{"not_picked":["Eternal Feather","White Beast Statue"],"picked":"Tiny House"},{"not_picked":["Empty Cage","Snecko Eye"],"picked":"Inserter"}],"items_purged_floors":[20],"is_endless":false,"potions_floor_spawned":[6,10,14,16,18,21,31,33,35,36],"killed_by":"Writhing Mass","ascension_level":10}