{"gold_per_floor":[110,110,185,185,185,219,243,282,282,282,302,333,333,346,346,465,465,479,497,512,535,535,535,535,555,555,555,555,555,575,251,251,374,374,387,406,166,187,211,247,247,278,328,341,341,341,341,357,357,357],"floor_reached":51,"playtime":4404,"items_purged":["Strike_G"],"score":855,"play_id":"8aae8f1e-a66c-4ede-8e5d-9061185da925","local_time":"20190207083124","is_ascension_mode":true,"campfire_choices":[{"floor":10.0,"key":"REST"},{"floor":15.0,"key":"REST"},{"floor":23.0,"key":"REST"},{"floor":27.0,"key":"REST"},{"floor":32.0,"key":"REST"},{"data":"A Thousand Cuts","floor":41.0,"key":"SMITH"},{"data":"After Image","floor":49,"key":"SMITH"}],"neow_cost":"NONE","seed_source_timestamp":208151403830154,"circlet_count":0,"master_deck":["Defend_G","Defend_G","Defend_G","Defend_G","Defend_G","Survivor","Neutralize","Blade Dance","After Image+1","Well Laid Plans","Leg Sweep","Footwork","Footwork","Noxious Fumes","A Thousand Cuts+1","Endless Agony+1","Predator+1","Poisoned Stab+1","Blade Dance","Panacea","Wraith Form v2","Skewer+1","Infinite Blades","Dodge and Roll","Bullet Time","Underhanded Strike+1","Deflect+1","Accuracy","Blade Dance+1","Footwork","Outmaneuver+1","Catalyst+1","Panache","Cloak And Dagger"],"special_seed":0,"relics":["Ring of the Snake","NeowsBlessing","Mummified Hand","Golden Idol","Pen Nib","Potion Belt","Question Card","Odd Mushroom","WristBlade","Ancient Tea Set","Anchor","Runic Pyramid","PreservedInsect","Bag of Marbles","Boot","Whetstone"],"potions_floor_usage":[42,42,50,50],"damage_taken":[{"damage":0.0,"enemies":"Cultist","floor":1.0,"turns":1.0},{"damage":0.0,"enemies":"Lagavulin","floor":6.0,"turns":1.0},{"damage":0.0,"enemies":"2 Louse","floor":7.0,"turns":1.0},{"damage":4.0,"enemies":"3 Sentries","floor":8.0,"turns":13.0},{"damage":0.0,"enemies":"Small Slimes","floor":11.0,"turns":3.0},{"damage":0.0,"enemies":"The Mushroom Lair","floor":12.0,"turns":7.0},{"damage":0.0,"enemies":"2 Fungi Beasts","floor":14.0,"turns":5.0},{"damage":25.0,"enemies":"Hexaghost","floor":16.0,"turns":16.0},{"damage":0.0,"enemies":"Shell Parasite","floor":18.0,"turns":7.0},{"damage":13.0,"enemies":"Chosen","floor":19.0,"turns":7.0},{"damage":9.0,"enemies":"Snake Plant","floor":20.0,"turns":5.0},{"damage":6.0,"enemies":"Centurion and Healer","floor":21.0,"turns":5.0},{"damage":0.0,"enemies":"3 Cultists","floor":25.0,"turns":4.0},{"damage":11.0,"enemies":"Snake Plant","floor":30.0,"turns":2.0},{"damage":36.0,"enemies":"Collector","floor":33.0,"turns":11.0},{"damage":0.0,"enemies":"Orb Walker","floor":35.0,"turns":5.0},{"damage":0.0,"enemies":"3 Shapes","floor":36.0,"turns":4.0},{"damage":0.0,"enemies":"Transient","floor":38.0,"turns":5.0},{"damage":8.0,"enemies":"Sphere and 2 Shapes","floor":39.0,"turns":7.0},{"damage":1.0,"enemies":"Reptomancer","floor":40.0,"turns":6.0},{"damage":28,"enemies":"Nemesis","floor":42,"turns":5},{"damage":2,"enemies":"Jaw Worm Horde","floor":44,"turns":4},{"damage":2,"enemies":"4 Shapes","floor":48,"turns":4},{"damage":47,"enemies":"Donu and Deca","floor":50,"turns":10}],"seed_played":"1121646376921146569","potions_obtained":[{"floor":1.0,"key":"GhostInAJar"},{"floor":11.0,"key":"Energy Potion"},{"floor":12.0,"key":"Weak Potion"},{"floor":20.0,"key":"Strength Potion"},{"floor":30.0,"key":"Strength Potion"},{"floor":35.0,"key":"Block Potion"},{"floor":39.0,"key":"SpeedPotion"},{"floor":44,"key":"Poison Potion"},{"floor":48,"key":"GhostInAJar"}],"is_trial":false,"path_per_floor":["M","?","?","?","?","E","M","E","T","R","M","?","?","M","R","B",null,"M","M","M","M","?","R","?","M","T","R","?","?","M","$","R","B",null,"M","M","$","M","M","E","R","E","T","M","?","?","?","M","R","B",null],"character_chosen":"THE_SILENT","items_purchased":["Infinite Blades","Anchor","Dodge and Roll","Accuracy","PreservedInsect","PowerPotion"],"campfire_rested":5,"item_purchase_floors":[31,31,31,37,37,37],"current_hp_per_floor":[70,63,52,45,28,28,28,24,24,45,45,45,45,45,66,41,70,70,57,48,42,42,63,49,49,49,70,70,70,59,59,70,34,70,70,70,70,70,62,61,61,33,33,31,31,61,61,59,59,12],"gold":357,"neow_bonus":"THREE_ENEMY_KILL","is_prod":false,"is_daily":false,"chose_seed":false,"campfire_upgraded":2,"win_rate":0,"timestamp":1549499484,"path_taken":["M","?","?","?","?","E","?","E","T","R","M","?","?","M","R","BOSS","M","M","M","M","?","R","?","?","T","R","?","?","M","$","R","BOSS","M","M","$","M","M","E","R","E","T","M","?","?","?","?","R","BOSS"],"build_version":"2019-01-23","purchased_purges":1,"victory":true,"max_hp_per_floor":[70,70,70,70,70,70,70,70,70,70,70,70,70,70,70,70,70,70,70,70,70,70,70,70,70,70,70,70,70,70,70,70,70,70,70,70,70,70,70,70,70,70,70,70,70,61,61,61,61,61],"card_choices":[{"not_picked":["Accuracy","Underhanded Strike"],"picked":"Blade Dance","floor":1.0},{"not_picked":["Escape Plan","Flechettes"],"picked":"After Image","floor":6.0},{"not_picked":["Acrobatics","Quick Slash"],"picked":"Well Laid Plans","floor":7.0},{"not_picked":["Dagger Spray","Flying Knee"],"picked":"Leg Sweep","floor":8.0},{"not_picked":["Accuracy","Poisoned Stab","Wraith Form v2"],"picked":"Footwork","floor":11.0},{"not_picked":["Outmaneuver","Dodge and Roll","Well Laid Plans"],"picked":"Footwork","floor":12.0},{"not_picked":["Prepared","Finisher","Riddle With Holes"],"picked":"Noxious Fumes","floor":14.0},{"not_picked":["Glass Knife","Die Die Die","Malaise"],"picked":"A Thousand Cuts","floor":16.0},{"not_picked":["Bane","Dagger Spray","Sucker Punch"],"picked":"Endless Agony+1","floor":18.0},{"not_picked":["PiercingWail","Outmaneuver","Sucker Punch"],"picked":"Predator+1","floor":19.0},{"not_picked":["Blade Dance","Acrobatics","Sucker Punch"],"picked":"Poisoned Stab","floor":20.0},{"not_picked":["Underhanded Strike","Dodge and Roll","Masterful Stab"],"picked":"Blade Dance","floor":21.0},{"not_picked":["Quick Slash","Dagger Spray","Sucker Punch","Night Terror"],"picked":"SKIP","floor":25.0},{"not_picked":["Bane","Endless Agony","Outmaneuver","Sucker Punch"],"picked":"SKIP","floor":30.0},{"not_picked":["Grand Finale","Doppelganger","After Image"],"picked":"Bullet Time","floor":33.0},{"not_picked":["Bane","Quick Slash","Sucker Punch"],"picked":"Underhanded Strike+1","floor":35.0},{"not_picked":["Flying Knee","Sucker Punch","Distraction+1"],"picked":"Deflect+1","floor":36.0},{"not_picked":["Predator+1","Flechettes","Poisoned Stab+1"],"picked":"Blade Dance+1","floor":38.0},{"not_picked":["Deflect+1","Dagger Spray+1","Well Laid Plans+1"],"picked":"Footwork","floor":39.0},{"not_picked":["Concentrate","Bane","Deflect+1","Backstab"],"picked":"SKIP","floor":40.0},{"not_picked":["Acrobatics","Dagger Throw+1","Sucker Punch"],"picked":"Outmaneuver+1","floor":42},{"not_picked":["Poisoned Stab","Tools of the Trade","Dodge and Roll"],"picked":"Catalyst+1","floor":44},{"not_picked":["Good Instincts","PanicButton","Madness"],"picked":"Panache","floor":45},{"not_picked":["Finisher+1","Dodge and Roll+1","Dagger Spray"],"picked":"Cloak And Dagger","floor":48}],"player_experience":666154,"relics_obtained":[{"floor":6.0,"key":"Pen Nib"},{"floor":8.0,"key":"Potion Belt"},{"floor":9.0,"key":"Question Card"},{"floor":12.0,"key":"Odd Mushroom"},{"floor":26.0,"key":"Ancient Tea Set"},{"floor":40.0,"key":"Bag of Marbles"},{"floor":42,"key":"Boot"},{"floor":43,"key":"Whetstone"}],"event_choices":[{"damage_healed":0.0,"max_hp_gain":0.0,"max_hp_loss":0.0,"gold_gain":0.0,"event_name":"Scrap Ooze","player_choice":"Success","floor":2.0,"gold_loss":0.0,"damage_taken":7.0,"relics_obtained":["Mummified Hand"]},{"damage_healed":0.0,"max_hp_gain":0.0,"max_hp_loss":0.0,"gold_gain":75.0,"event_name":"World of Goop","player_choice":"Gather Gold","floor":3.0,"gold_loss":0.0,"damage_taken":11.0},{"cards_removed":["Strike_G"],"damage_healed":0.0,"max_hp_gain":0.0,"max_hp_loss":0.0,"gold_gain":0.0,"event_name":"Golden Wing","player_choice":"Card Removal","floor":4.0,"gold_loss":0.0,"damage_taken":7.0},{"damage_healed":0.0,"max_hp_gain":0.0,"max_hp_loss":0.0,"gold_gain":0.0,"event_name":"Golden Idol","player_choice":"Take Damage","floor":5.0,"gold_loss":0.0,"damage_taken":17.0,"relics_obtained":["Golden Idol"]},{"damage_healed":0.0,"max_hp_gain":0.0,"max_hp_loss":0.0,"gold_gain":0.0,"event_name":"Mushrooms","player_choice":"Fought Mushrooms","floor":12.0,"gold_loss":0.0,"damage_taken":0.0},{"damage_healed":0.0,"max_hp_gain":0.0,"max_hp_loss":0.0,"gold_gain":0.0,"event_name":"Shining Light","player_choice":"Ignored","floor":13.0,"gold_loss":0.0,"damage_taken":0.0},{"damage_healed":0.0,"max_hp_gain":0.0,"max_hp_loss":0.0,"gold_gain":0.0,"event_name":"Ghosts","player_choice":"Ignored","floor":22.0,"gold_loss":0.0,"damage_taken":0.0},{"damage_healed":0.0,"max_hp_gain":0.0,"max_hp_loss":0.0,"gold_gain":0.0,"event_name":"Knowing Skull","player_choice":"CARD ","floor":24.0,"potions_obtained":[],"gold_loss":0.0,"damage_taken":14.0,"cards_obtained":["Panacea"]},{"cards_removed":["Strike_G"],"damage_healed":0.0,"max_hp_gain":0.0,"max_hp_loss":0.0,"gold_gain":0.0,"event_name":"Back to Basics","player_choice":"Elegance","floor":28.0,"gold_loss":0.0,"damage_taken":0.0},{"damage_healed":0.0,"max_hp_gain":0.0,"max_hp_loss":0.0,"gold_gain":0.0,"cards_transformed":["Strike_G","Strike_G"],"event_name":"Drug Dealer","player_choice":"Became Test Subject","floor":29.0,"gold_loss":0.0,"damage_taken":0.0,"cards_obtained":["Wraith Form v2","Skewer"]},{"damage_healed":0,"gold_gain":0,"player_choice":"Memory 1","damage_taken":0,"max_hp_gain":0,"max_hp_loss":0,"event_name":"SensoryStone","floor":45,"gold_loss":0},{"damage_healed":61,"gold_gain":0,"player_choice":"Heal","damage_taken":0,"max_hp_gain":0,"max_hp_loss":9,"event_name":"The Moai Head","floor":46,"gold_loss":0},{"damage_healed":0,"gold_gain":0,"player_choice":"Ignored","damage_taken":0,"max_hp_gain":0,"max_hp_loss":0,"event_name":"Tomb of Lord Red Mask","floor":47,"gold_loss":0}],"is_beta":false,"boss_relics":[{"not_picked":["Coffee Dripper","Empty Cage"],"picked":"WristBlade"},{"not_picked":["Fusion Hammer","Astrolabe"],"picked":"Runic Pyramid"}],"items_purged_floors":[31],"is_endless":false,"potions_floor_spawned":[1,11,12,20,30,35,39,44,48],"ascension_level":4}