{"gold_per_floor":[111,130,147,72,86,86,97,97,97,114,129,139,157,168,168,271,271,290,300,300,300,300],"floor_reached":22,"playtime":1127,"items_purged":["Strike_R"],"score":209,"play_id":"fcb7610e-01ff-48f8-81fb-fe920e0271b0","local_time":"20181214171546","is_ascension_mode":false,"campfire_choices":[{"floor":6,"key":"RECALL"},{"floor":8,"key":"REST"},{"data":"Whirlwind","floor":15,"key":"SMITH"}],"neow_cost":"CURSE","seed_source_timestamp":1700730865058722,"circlet_count":0,"master_deck":["Defend_R","Defend_R","Defend_R","Defend_R","Bash","Clumsy","Brutality","Thunderclap","Anger","Infernal Blade","Impervious","True Grit","Dual Wield","Whirlwind+1","Limit Break","Flex","Body Slam+1","RitualDagger","Bite","Bite","Bite","Bite","Bite"],"relics":["Burning Blood","Happy Flower","Runic Pyramid"],"potions_floor_usage":[11,14,16,16,16,18,22,22],"damage_taken":[{"damage":5,"enemies":"Cultist","floor":1,"turns":4},{"damage":6,"enemies":"Jaw Worm","floor":2,"turns":3},{"damage":10,"enemies":"Small Slimes","floor":3,"turns":3},{"damage":20,"enemies":"Looter","floor":5,"turns":3},{"damage":11,"enemies":"Lots of Slimes","floor":7,"turns":4},{"damage":21,"enemies":"3 Louse","floor":10,"turns":3},{"damage":4,"enemies":"Gremlin Gang","floor":11,"turns":5},{"damage":1,"enemies":"2 Fungi Beasts","floor":12,"turns":3},{"damage":5,"enemies":"3 Louse","floor":13,"turns":3},{"damage":6,"enemies":"Exordium Wildlife","floor":14,"turns":3},{"damage":54,"enemies":"Hexaghost","floor":16,"turns":12},{"damage":46,"enemies":"Spheric Guardian","floor":18,"turns":8},{"damage":25,"enemies":"2 Thieves","floor":19,"turns":3},{"damage":18,"enemies":"Snake Plant","floor":22,"turns":2}],"seed_played":"5490097011390737855","potions_obtained":[{"floor":2,"key":"Weak Potion"},{"floor":5,"key":"SkillPotion"},{"floor":11,"key":"Fire Potion"},{"floor":12,"key":"Ancient Potion"},{"floor":14,"key":"Block Potion"},{"floor":16,"key":"SkillPotion"},{"floor":18,"key":"SkillPotion"},{"floor":19,"key":"SteroidPotion"}],"is_trial":false,"path_per_floor":["M","M","M","$","M","R","M","R","T","M","M","M","M","M","R","B",null,"M","M","?","?","M"],"character_chosen":"IRONCLAD","items_purchased":[],"campfire_rested":1,"item_purchase_floors":[],"current_hp_per_floor":[80,80,76,76,62,62,57,80,80,65,67,72,73,73,73,25,80,40,21,15,15,0],"gold":300,"neow_bonus":"THREE_RARE_CARDS","is_prod":false,"is_daily":false,"chose_seed":false,"campfire_upgraded":1,"win_rate":0,"timestamp":1544768146,"path_taken":["M","M","M","$","M","R","M","R","T","M","?","M","M","M","R","BOSS","M","M","?","?","M"],"build_version":"2018-12-13","purchased_purges":1,"victory":false,"max_hp_per_floor":[80,80,80,80,80,80,80,80,80,80,80,80,80,80,80,80,80,80,80,80,56,56],"card_choices":[{"not_picked":["Limit Break","Reaper"],"picked":"Brutality","floor":0},{"not_picked":["Uppercut","Twin Strike","Perfected Strike"],"picked":"SKIP","floor":1},{"not_picked":["Pummel","Metallicize"],"picked":"Thunderclap","floor":2},{"not_picked":["Rampage","Clash"],"picked":"Anger","floor":3},{"not_picked":["Corruption","Clash"],"picked":"Infernal Blade","floor":5},{"not_picked":["Wild Strike","Havoc","Pommel Strike"],"picked":"SKIP","floor":7},{"not_picked":["Clash","Iron Wave"],"picked":"Impervious","floor":10},{"not_picked":["Anger","Ghostly Armor"],"picked":"True Grit","floor":11},{"not_picked":["Dropkick","Battle Trance"],"picked":"Dual Wield","floor":12},{"not_picked":["Sword Boomerang","Perfected Strike","Ghostly Armor"],"picked":"SKIP","floor":13},{"not_picked":["Sentinel","Heavy Blade"],"picked":"Whirlwind","floor":14},{"not_picked":["Juggernaut","Exhume"],"picked":"Limit Break","floor":16},{"not_picked":["Headbutt","Warcry"],"picked":"Flex","floor":18},{"not_picked":["Blood for Blood","Clash"],"picked":"Body Slam+1","floor":19}],"player_experience":226977,"relics_obtained":[{"floor":9,"key":"Happy Flower"}],"event_choices":[{"damage_healed":0,"gold_gain":0,"player_choice":"Joined the Cult","damage_taken":6,"max_hp_gain":0,"max_hp_loss":0,"event_name":"Nest","floor":20,"gold_loss":0,"cards_obtained":["RitualDagger"]},{"damage_healed":0,"gold_gain":0,"player_choice":"Became a vampire","damage_taken":0,"max_hp_gain":0,"max_hp_loss":24,"event_name":"Vampires","floor":21,"gold_loss":0,"cards_obtained":["Bite","Bite","Bite","Bite","Bite"]}],"is_beta":false,"boss_relics":[{"not_picked":["Tiny House","Calling Bell"],"picked":"Runic Pyramid"}],"items_purged_floors":[4],"is_endless":false,"potions_floor_spawned":[2,5,11,12,14,16,18,19],"killed_by":"Snake Plant","ascension_level":0}