{"gold_per_floor":[117,127,145,161,161,187,187,205,205,238,37,69,99,115,115,220,220,234,251,48,48,63,63,63,80,80,5,5,19,34,54,54,152,152,169,181,232,232,232,232,246,12,12,39,39,1,12,31,31,31],"floor_reached":51,"playtime":3186,"items_purged":["Streamline"],"score":886,"play_id":"4d470deb-8523-4f04-a188-09b7bd6f3b9c","local_time":"20181102223034","daily_mods":["SealedDeck","Vintage","Time Dilation","Flight"],"is_ascension_mode":false,"campfire_choices":[{"floor":7,"key":"REST"},{"floor":15,"key":"REST"},{"data":"Gash","floor":23,"key":"SMITH"},{"data":"Leap","floor":32,"key":"SMITH"},{"floor":40,"key":"REST"},{"floor":45,"key":"REST"},{"data":"1","floor":49,"key":"LIFT"}],"neow_cost":"","seed_source_timestamp":0,"circlet_count":0,"master_deck":["Coolheaded","Cold Snap","Coolheaded","Genetic Algorithm","Gash+1","Gash","Gash","Streamline","Doom and Gloom","Hologram+1","All For One","Electrodynamics","Chill+1","Machine Learning"],"relics":["FrozenCore","Letter Opener","Gambling Chip","StoneCalendar","Bottled Lightning","Smiling Mask","Toxic Egg 2","Thread and Needle","Gremlin Horn","ClockworkSouvenir","Art of War","Dodecahedron","DataDisk","Inserter","Pear","Bird Faced Urn","Mango","Pocketwatch","Sundial","Ice Cream","Du-Vu Doll","Singing Bowl","Bronze Scales","Mummified Hand","Happy Flower","Emotion Chip","The Courier","Blue Candle","Calipers","Ornamental Fan","Pantograph","Darkstone Periapt","Girya"],"potions_floor_usage":[29,29,37,37],"damage_taken":[{"damage":0,"enemies":"Cultist","floor":1,"turns":2},{"damage":0,"enemies":"2 Louse","floor":2,"turns":2},{"damage":9,"enemies":"Jaw Worm","floor":3,"turns":2},{"damage":8,"enemies":"Lots of Slimes","floor":4,"turns":2},{"damage":0,"enemies":"Gremlin Nob","floor":6,"turns":3},{"damage":5,"enemies":"Blue Slaver","floor":8,"turns":2},{"damage":8,"enemies":"3 Sentries","floor":10,"turns":5},{"damage":0,"enemies":"Gremlin Nob","floor":12,"turns":3},{"damage":3,"enemies":"3 Sentries","floor":13,"turns":4},{"damage":0,"enemies":"3 Louse","floor":14,"turns":1},{"damage":24,"enemies":"The Guardian","floor":16,"turns":5},{"damage":0,"enemies":"3 Byrds","floor":18,"turns":3},{"damage":0,"enemies":"Spheric Guardian","floor":19,"turns":3},{"damage":0,"enemies":"Snake Plant","floor":22,"turns":3},{"damage":0,"enemies":"Shelled Parasite and Fungi","floor":25,"turns":3},{"damage":0,"enemies":"Centurion and Healer","floor":29,"turns":2},{"damage":0,"enemies":"Sentry and Sphere","floor":30,"turns":2},{"damage":0,"enemies":"Shelled Parasite and Fungi","floor":31,"turns":3},{"damage":0,"enemies":"Automaton","floor":33,"turns":5},{"damage":3,"enemies":"3 Shapes","floor":35,"turns":2},{"damage":5,"enemies":"Orb Walker","floor":36,"turns":3},{"damage":2,"enemies":"2 Orb Walkers","floor":37,"turns":3},{"damage":6,"enemies":"4 Shapes","floor":41,"turns":2},{"damage":0,"enemies":"Giant Head","floor":44,"turns":5},{"damage":0,"enemies":"Maw","floor":47,"turns":5},{"damage":0,"enemies":"Spire Growth","floor":48,"turns":3},{"damage":11,"enemies":"Donu and Deca","floor":50,"turns":7}],"seed_played":"6732969154376474514","potions_obtained":[{"floor":3,"key":"Strength Potion"},{"floor":6,"key":"EssenceOfSteel"},{"floor":8,"key":"Dexterity Potion"},{"floor":28,"key":"FocusPotion"},{"floor":30,"key":"Block Potion"},{"floor":33,"key":"FearPotion"},{"floor":35,"key":"AttackPotion"},{"floor":41,"key":"FearPotion"},{"floor":44,"key":"SteroidPotion"}],"is_trial":true,"path_per_floor":["M","M","M","M","$","E","R","M","T","E","$","E","E","M","R","B",null,"M","M","$","?","M","R","T","M","T","?","?","M","M","M","R","B",null,"M","M","?","T","?","R","M","$","T","E","R","$","M","M","R","B",null],"character_chosen":"DEFECT","items_purchased":["ClockworkSouvenir","Electrodynamics","Calipers","Energy Potion"],"campfire_rested":4,"item_purchase_floors":[11,20,42,46],"current_hp_per_floor":[75,75,66,58,58,58,75,70,70,62,62,62,59,59,75,51,75,85,85,85,85,99,99,99,99,99,99,99,99,99,99,99,99,99,96,93,97,97,97,101,95,95,95,101,103,103,103,103,103,92],"gold":31,"neow_bonus":"","is_prod":false,"is_daily":false,"chose_seed":false,"campfire_upgraded":2,"win_rate":0,"timestamp":1541187034,"path_taken":["M","M","M","M","$","E","R","M","T","E","$","E","E","M","R","BOSS","M","?","$","?","M","R","?","?","T","?","?","M","M","M","R","BOSS","M","?","?","?","?","R","?","$","T","E","R","$","M","M","R","BOSS"],"build_version":"2018-11-01","purchased_purges":1,"victory":true,"max_hp_per_floor":[75,75,75,75,75,75,75,75,75,75,75,75,75,75,75,75,75,85,85,85,85,99,99,99,99,99,99,99,99,99,99,99,99,99,99,99,101,101,101,101,101,101,101,103,103,103,103,103,103,103],"card_choices":[{"not_picked":["Reprogram","Hologram"],"picked":"Streamline","floor":6},{"not_picked":["Amplify+1","Sweeping Beam"],"picked":"Doom and Gloom","floor":10},{"not_picked":["Compile Driver","Thunder Strike","Rebound"],"picked":"SKIP","floor":12},{"not_picked":["Echo Form","Gash"],"picked":"Hologram+1","floor":13},{"not_picked":["Reboot+1","Fission+1"],"picked":"All For One","floor":16},{"not_picked":["Thunder Strike","Seek+1"],"picked":"Machine Learning","floor":33},{"not_picked":["Darkness+1","Compile Driver","Stack+1"],"picked":"Singing Bowl","floor":37},{"not_picked":["Ball Lightning","Aggregate+1","Go for the Eyes"],"picked":"Singing Bowl","floor":44}],"player_experience":262228,"relics_obtained":[{"floor":1,"key":"Letter Opener"},{"floor":2,"key":"Gambling Chip"},{"floor":3,"key":"StoneCalendar"},{"floor":4,"key":"Bottled Lightning"},{"floor":6,"key":"Smiling Mask"},{"floor":8,"key":"Toxic Egg 2"},{"floor":9,"key":"Thread and Needle"},{"floor":10,"key":"Gremlin Horn"},{"floor":12,"key":"Art of War"},{"floor":13,"key":"Dodecahedron"},{"floor":14,"key":"DataDisk"},{"floor":18,"key":"Pear"},{"floor":19,"key":"Bird Faced Urn"},{"floor":22,"key":"Mango"},{"floor":24,"key":"Pocketwatch"},{"floor":25,"key":"Sundial"},{"floor":26,"key":"Ice Cream"},{"floor":29,"key":"Du-Vu Doll"},{"floor":30,"key":"Singing Bowl"},{"floor":31,"key":"Bronze Scales"},{"floor":35,"key":"Mummified Hand"},{"floor":36,"key":"Happy Flower"},{"floor":37,"key":"Emotion Chip"},{"floor":38,"key":"The Courier"},{"floor":41,"key":"Blue Candle"},{"floor":43,"key":"Ornamental Fan"},{"floor":44,"key":"Pantograph"},{"floor":47,"key":"Darkstone Periapt"},{"floor":48,"key":"Girya"}],"event_choices":[{"damage_healed":0,"gold_gain":0,"player_choice":"Read","damage_taken":0,"max_hp_gain":0,"max_hp_loss":0,"event_name":"The Library","floor":21,"gold_loss":0,"cards_obtained":["Chill"]},{"cards_removed":["Gash"],"damage_healed":0,"gold_gain":0,"player_choice":"Gave Gold","damage_taken":0,"max_hp_gain":0,"max_hp_loss":0,"event_name":"Beggar","floor":27,"gold_loss":75},{"damage_healed":0,"gold_gain":0,"player_choice":"Got Potions","damage_taken":0,"max_hp_gain":0,"max_hp_loss":0,"event_name":"Lab","floor":28,"gold_loss":0},{"damage_healed":0,"gold_gain":0,"player_choice":"Fight","damage_taken":0,"max_hp_gain":0,"max_hp_loss":0,"event_name":"Mysterious Sphere","floor":37,"gold_loss":0},{"cards_removed":["Leap"],"damage_healed":0,"gold_gain":0,"player_choice":"Removed Skill","damage_taken":0,"max_hp_gain":0,"max_hp_loss":0,"event_name":"Falling","floor":39,"gold_loss":0}],"is_beta":false,"boss_relics":[{"not_picked":["Orrery","Velvet Choker"],"picked":"Inserter"},{"not_picked":["Coffee Dripper","White Beast Statue"],"picked":"FrozenCore"}],"items_purged_floors":[20],"is_endless":false,"potions_floor_spawned":[3,6,8,10,25,30,33,35,41,44,48],"ascension_level":0}