{"gold_per_floor":[109,34,50,65,65,65,140,140,212,212,231,212,212,231,231,330,380,345,345,361,380,400,400,459,472,498,498],"floor_reached":27,"playtime":1490,"items_purged":["Strike_G"],"score":227,"play_id":"c73d81c6-1492-4805-869d-4e659ef8c2e5","local_time":"20181031032542","is_ascension_mode":false,"campfire_choices":[{"data":"Blur","floor":6,"key":"SMITH"},{"data":"Dagger Spray","floor":8,"key":"SMITH"},{"data":"Neutralize","floor":10,"key":"SMITH"},{"data":"Poisoned Stab","floor":15,"key":"SMITH"},{"floor":23,"key":"REST"}],"neow_cost":"NONE","seed_source_timestamp":35203837260456,"circlet_count":0,"master_deck":["Defend_G","Defend_G+1","Defend_G","Defend_G","Strike_G","Strike_G","Strike_G","Strike_G","Survivor","Neutralize+1","Quick Slash","Blur+1","Dagger Spray+1","Deadly Poison","Poisoned Stab+1","After Image","Catalyst","Dodge and Roll+1","Backflip","Bane+1","Bane","Bane+1","Deadly Poison"],"relics":["Ring of the Snake","Dream Catcher","Question Card","Tiny House","Tiny Chest","Happy Flower"],"potions_floor_usage":[16,18,21,24,25,27],"damage_taken":[{"damage":0,"enemies":"Jaw Worm","floor":1,"turns":7},{"damage":3,"enemies":"Small Slimes","floor":3,"turns":3},{"damage":0,"enemies":"2 Louse","floor":4,"turns":5},{"damage":0,"enemies":"Blue Slaver","floor":11,"turns":4},{"damage":0,"enemies":"Exordium Thugs","floor":12,"turns":4},{"damage":0,"enemies":"Looter","floor":14,"turns":4},{"damage":18,"enemies":"Hexaghost","floor":16,"turns":11},{"damage":15,"enemies":"2 Thieves","floor":18,"turns":5},{"damage":15,"enemies":"Spheric Guardian","floor":20,"turns":7},{"damage":15,"enemies":"3 Cultists","floor":21,"turns":7},{"damage":4,"enemies":"Snecko","floor":22,"turns":7},{"damage":61,"enemies":"Slavers","floor":24,"turns":6},{"damage":7,"enemies":"Chosen and Byrds","floor":25,"turns":6},{"damage":8,"enemies":"Sentry and Sphere","floor":27,"turns":3}],"seed_played":"8631837516987082494","potions_obtained":[{"floor":4,"key":"GhostInAJar"},{"floor":11,"key":"Strength Potion"},{"floor":12,"key":"SteroidPotion"},{"floor":17,"key":"Swift Potion"},{"floor":20,"key":"Regen Potion"},{"floor":25,"key":"GhostInAJar"}],"is_trial":false,"path_per_floor":["M","$","M","M","?","R","?","R","T","R","M","M","?","M","R","B",null,"M","?","M","M","M","R","E","M","T"],"character_chosen":"THE_SILENT","items_purchased":[],"campfire_rested":1,"item_purchase_floors":[],"current_hp_per_floor":[70,70,67,67,72,72,61,61,61,61,61,61,61,61,61,43,80,65,65,50,50,46,70,9,2,2,0],"gold":498,"neow_bonus":"RANDOM_COMMON_RELIC","is_prod":false,"is_daily":false,"chose_seed":false,"campfire_upgraded":4,"win_rate":0,"timestamp":1540945542,"path_taken":["M","$","M","M","?","R","?","R","T","R","M","M","?","M","R","BOSS","M","?","M","M","M","R","E","M","T","M"],"build_version":"2018-10-25v2","purchased_purges":1,"victory":false,"max_hp_per_floor":[70,70,70,70,75,75,75,75,75,75,75,75,75,75,75,75,80,80,80,80,80,80,80,80,80,80,80],"card_choices":[{"not_picked":["Dagger Throw","Eviscerate"],"picked":"Quick Slash","floor":1},{"not_picked":["Heel Hook","Flechettes"],"picked":"Blur","floor":3},{"not_picked":["All Out Attack","Blade Dance"],"picked":"Dagger Spray","floor":4},{"not_picked":["Dagger Throw","Venomology","Blade Dance"],"picked":"Deadly Poison","floor":11},{"not_picked":["Outmaneuver","Deadly Poison","PiercingWail"],"picked":"Poisoned Stab","floor":12},{"not_picked":["Dagger Throw","Terror","Outmaneuver","Doppelganger"],"picked":"SKIP","floor":14},{"not_picked":["Die Die Die","Glass Knife","Envenom"],"picked":"After Image","floor":16},{"not_picked":["Dagger Throw","Prepared","Underhanded Strike"],"picked":"Catalyst","floor":17},{"not_picked":["Slice","Underhanded Strike","Backflip"],"picked":"Dodge and Roll+1","floor":18},{"not_picked":["Tools of the Trade","Flying Knee","Slice"],"picked":"Backflip","floor":20},{"not_picked":["Skewer","Quick Slash","Prepared","Heel Hook"],"picked":"SKIP","floor":21},{"not_picked":["Leg Sweep","Noxious Fumes","Dagger Throw"],"picked":"Bane+1","floor":22},{"not_picked":["Dagger Spray","Dagger Throw","Choke"],"picked":"Bane","floor":23},{"not_picked":["Grand Finale","Calculated Gamble","Blade Dance"],"picked":"Bane+1","floor":24},{"not_picked":["Underhanded Strike","Deflect","Finisher"],"picked":"Deadly Poison","floor":25}],"player_experience":238196,"relics_obtained":[{"floor":9,"key":"Question Card"},{"floor":24,"key":"Tiny Chest"},{"floor":26,"key":"Happy Flower"}],"event_choices":[{"damage_healed":0,"gold_gain":0,"player_choice":"Donut","damage_taken":0,"max_hp_gain":5,"max_hp_loss":0,"event_name":"Big Fish","floor":5,"gold_loss":0},{"damage_healed":0,"gold_gain":75,"player_choice":"Gather Gold","damage_taken":11,"max_hp_gain":0,"max_hp_loss":0,"event_name":"World of Goop","floor":7,"gold_loss":0},{"damage_healed":0,"gold_gain":0,"player_choice":"Ignored","damage_taken":0,"max_hp_gain":0,"max_hp_loss":0,"event_name":"Liars Game","floor":13,"gold_loss":0},{"cards_removed":["Defend_G"],"damage_healed":0,"gold_gain":0,"player_choice":"Elegance","damage_taken":0,"max_hp_gain":0,"max_hp_loss":0,"event_name":"Back to Basics","floor":19,"gold_loss":0}],"is_beta":false,"boss_relics":[{"not_picked":["Velvet Choker","White Beast Statue"],"picked":"Tiny House"}],"items_purged_floors":[2],"is_endless":false,"potions_floor_spawned":[4,11,12,20,25],"killed_by":"Sentry and Sphere","ascension_level":0}