{"gold_per_floor":[117,130,130,146,146,184,184,228,228,228,56,77,77,77,77,201,201,191,212,236,196,215,215,215,68,95,95],"floor_reached":27,"playtime":2143,"items_purged":[],"score":221,"play_id":"bdc0f817-7fd4-41d8-a76b-1b6a42b2774e","local_time":"20190414171140","is_ascension_mode":false,"campfire_choices":[{"data":"Metallicize","floor":7,"key":"SMITH"},{"data":"Corruption","floor":10,"key":"SMITH"},{"data":"Feel No Pain","floor":13,"key":"SMITH"},{"data":"Exhume","floor":15,"key":"SMITH"},{"data":"Fiend Fire","floor":23,"key":"SMITH"}],"neow_cost":"NONE","seed_source_timestamp":128238374172660,"circlet_count":0,"master_deck":["Strike_R","Strike_R","Strike_R","Strike_R","Strike_R","Defend_R","Defend_R","Defend_R","Defend_R","Bash","Metallicize+1","Rage","Feel No Pain+1","Exhume+1","Corruption+1","Chrysalis","Metallicize","Fiend Fire+1","Rampage+1","Burning Pact","Sword Boomerang+1"],"relics":["Burning Blood","Golden Idol","Kunai","Magic Flower","Philosopher\u0027s Stone","Nilry\u0027s Codex","Vajra","Omamori"],"potions_floor_usage":[6,18,18,20,22,27],"damage_taken":[{"damage":5,"enemies":"2 Louse","floor":1,"turns":3},{"damage":3,"enemies":"Jaw Worm","floor":2,"turns":6},{"damage":0,"enemies":"Small Slimes","floor":4,"turns":3},{"damage":18,"enemies":"Gremlin Nob","floor":6,"turns":4},{"damage":7,"enemies":"Lagavulin","floor":8,"turns":8},{"damage":3,"enemies":"Blue Slaver","floor":12,"turns":5},{"damage":14,"enemies":"Slime Boss","floor":16,"turns":14},{"damage":14,"enemies":"2 Thieves","floor":18,"turns":4},{"damage":25,"enemies":"Shell Parasite","floor":19,"turns":9},{"damage":30,"enemies":"Cultist and Chosen","floor":20,"turns":9},{"damage":9,"enemies":"Centurion and Healer","floor":22,"turns":11},{"damage":37,"enemies":"Slavers","floor":27,"turns":3}],"seed_played":"-3869245858775436895","potions_obtained":[{"floor":2,"key":"AttackPotion"},{"floor":12,"key":"Swift Potion"},{"floor":16,"key":"Swift Potion"},{"floor":19,"key":"Fruit Juice"},{"floor":21,"key":"Weak Potion"},{"floor":21,"key":"Explosive Potion"},{"floor":21,"key":"FearPotion"},{"floor":22,"key":"FearPotion"}],"is_trial":false,"path_per_floor":["M","M","?","M","?","E","R","E","T","R","$","M","R","?","R","B",null,"M","M","M","?","M","R","?","$","T","E"],"character_chosen":"IRONCLAD","items_purchased":["Chrysalis","Vajra"],"campfire_rested":0,"item_purchase_floors":[11,25],"current_hp_per_floor":[80,80,60,66,66,54,54,53,53,53,53,59,59,52,52,47,80,75,59,46,46,46,46,30,30,30,0],"gold":95,"neow_bonus":"ONE_RANDOM_RARE_CARD","is_prod":false,"is_daily":false,"chose_seed":false,"campfire_upgraded":5,"win_rate":0,"timestamp":1555276300,"path_taken":["M","M","?","M","?","E","R","E","T","R","$","M","R","?","R","BOSS","M","M","M","?","?","R","?","?","T","E"],"build_version":"2019-01-23","purchased_purges":0,"victory":false,"max_hp_per_floor":[80,80,80,80,80,80,80,80,80,80,80,80,80,80,80,80,80,80,80,85,85,85,85,85,85,85,85],"card_choices":[{"not_picked":["Warcry","Sword Boomerang"],"picked":"Metallicize","floor":1},{"not_picked":["Perfected Strike","Disarm"],"picked":"Rage","floor":2},{"not_picked":["Fiend Fire","Metallicize"],"picked":"Feel No Pain","floor":4},{"not_picked":["Wild Strike","Warcry"],"picked":"Exhume","floor":6},{"not_picked":["Heavy Blade","Uppercut"],"picked":"Corruption","floor":8},{"not_picked":["Flex","Heavy Blade"],"picked":"Metallicize","floor":12},{"not_picked":["Reaper","Bludgeon"],"picked":"Fiend Fire","floor":16},{"not_picked":["Thunderclap","Clash","Headbutt"],"picked":"SKIP","floor":18},{"not_picked":["Disarm+1","Blood for Blood"],"picked":"Rampage+1","floor":19},{"not_picked":["Clash","Blood for Blood"],"picked":"Burning Pact","floor":20},{"not_picked":["Havoc+1","Shrug It Off"],"picked":"Sword Boomerang+1","floor":22}],"player_experience":148934,"relics_obtained":[{"floor":6,"key":"Kunai"},{"floor":8,"key":"Magic Flower"},{"floor":24,"key":"Nilry\u0027s Codex"},{"floor":26,"key":"Omamori"}],"event_choices":[{"damage_healed":0,"gold_gain":0,"player_choice":"Take Damage","damage_taken":20,"relics_obtained":["Golden Idol"],"max_hp_gain":0,"max_hp_loss":0,"event_name":"Golden Idol","floor":3,"gold_loss":0},{"damage_healed":0,"gold_gain":0,"player_choice":"Ignored","damage_taken":0,"max_hp_gain":0,"max_hp_loss":0,"event_name":"Liars Game","floor":5,"gold_loss":0},{"cards_removed":["Berserk"],"damage_healed":0,"gold_gain":0,"player_choice":"Card Removal","damage_taken":7,"max_hp_gain":0,"max_hp_loss":0,"event_name":"Golden Wing","floor":14,"gold_loss":0},{"damage_healed":0,"gold_gain":0,"player_choice":"Bought 3 Potions","damage_taken":0,"max_hp_gain":0,"max_hp_loss":0,"event_name":"The Woman in Blue","floor":21,"gold_loss":0},{"damage_healed":0,"gold_gain":0,"player_choice":"Obtained Book","damage_taken":16,"max_hp_gain":0,"max_hp_loss":0,"event_name":"Cursed Tome","floor":24,"gold_loss":0}],"is_beta":false,"boss_relics":[{"not_picked":["Ectoplasm","Eternal Feather"],"picked":"Philosopher\u0027s Stone"}],"items_purged_floors":[],"is_endless":false,"potions_floor_spawned":[2,12,16,19,22],"killed_by":"Slavers","ascension_level":0}