{"gold_per_floor":[135,173,98,98,136,186,186,232,232,232,243,243,260,280],"floor_reached":14,"playtime":609,"items_purged":["Defend_R"],"score":120,"play_id":"553292f5-0cd6-4806-a997-5ecb9e0976b2","local_time":"20181028151215","is_ascension_mode":true,"campfire_choices":[{"data":"Perfected Strike","floor":7,"key":"SMITH"},{"floor":12,"key":"REST"}],"neow_cost":"PERCENT_DAMAGE","seed_source_timestamp":344692849726711,"circlet_count":0,"master_deck":["Strike_R","Strike_R","Strike_R","Strike_R","Strike_R","Defend_R","Defend_R","Defend_R","Bash","HandOfGreed","Flash of Steel","Flex","Perfected Strike+1","Regret","Pommel Strike","Offering+1","Seeing Red","Wild Strike"],"relics":["Burning Blood","Centennial Puzzle","Question Card","Letter Opener","Omamori"],"potions_floor_usage":[6,6,13],"damage_taken":[{"damage":0,"enemies":"Cultist","floor":1,"turns":4},{"damage":0,"enemies":"2 Louse","floor":2,"turns":3},{"damage":12,"enemies":"Jaw Worm","floor":5,"turns":2},{"damage":24,"enemies":"3 Sentries","floor":6,"turns":5},{"damage":40,"enemies":"Lagavulin","floor":8,"turns":5},{"damage":9,"enemies":"Red Slaver","floor":11,"turns":2},{"damage":15,"enemies":"Exordium Wildlife","floor":13,"turns":3},{"damage":31,"enemies":"Gremlin Gang","floor":14,"turns":3}],"seed_played":"4122057207094302352","potions_obtained":[{"floor":1,"key":"Energy Potion"},{"floor":5,"key":"Explosive Potion"},{"floor":8,"key":"SteroidPotion"}],"is_trial":false,"path_per_floor":["M","M","$","?","M","E","R","E","T","?","M","R","M"],"character_chosen":"IRONCLAD","items_purchased":[],"campfire_rested":1,"item_purchase_floors":[],"current_hp_per_floor":[62,68,68,68,62,44,44,10,10,10,7,31,22,0],"gold":280,"neow_bonus":"RANDOM_COLORLESS_2","is_prod":false,"is_daily":false,"chose_seed":false,"campfire_upgraded":1,"win_rate":0,"timestamp":1540761135,"path_taken":["M","M","?","?","?","E","R","E","T","?","M","R","M","M"],"build_version":"2018-10-25v2","purchased_purges":1,"victory":false,"max_hp_per_floor":[80,80,80,80,80,80,80,80,80,80,80,80,80,80],"card_choices":[{"not_picked":["Clothesline","Sentinel"],"picked":"Flex","floor":1},{"not_picked":["Twin Strike","True Grit"],"picked":"Perfected Strike","floor":2},{"not_picked":["Ghostly Armor","Pummel"],"picked":"Pommel Strike","floor":5},{"not_picked":["Uppercut","Anger","Feel No Pain"],"picked":"SKIP","floor":6},{"not_picked":["Evolve","Barricade","True Grit"],"picked":"Offering","floor":8},{"not_picked":["Burning Pact","True Grit","Blood for Blood"],"picked":"Seeing Red","floor":11},{"not_picked":["Spot Weakness","Body Slam","Combust"],"picked":"Wild Strike","floor":13}],"player_experience":208953,"relics_obtained":[{"floor":6,"key":"Question Card"},{"floor":8,"key":"Letter Opener"},{"floor":9,"key":"Omamori"}],"event_choices":[{"damage_healed":0,"gold_gain":0,"player_choice":"Box","damage_taken":0,"relics_obtained":["Centennial Puzzle"],"max_hp_gain":0,"max_hp_loss":0,"event_name":"Big Fish","floor":4,"gold_loss":0,"cards_obtained":["Regret"]},{"damage_healed":0,"gold_gain":0,"player_choice":"Upgraded","damage_taken":0,"max_hp_gain":0,"max_hp_loss":0,"event_name":"Upgrade Shrine","floor":10,"gold_loss":0,"cards_upgraded":["Offering"]}],"is_beta":false,"boss_relics":[],"items_purged_floors":[3],"is_endless":false,"potions_floor_spawned":[1,5,8],"killed_by":"Gremlin Gang","ascension_level":4}