{"gold_per_floor":[112,124,49,66,78,78,91,91,91,125,138,158,172,192,192,291,291,306,406,406,418,172,172,109,159,159,159,170,184,200,212,212,307,307,326,340,0,11,11,43,43,0,26,51,51,66,77,88,88,88],"floor_reached":51,"playtime":5777,"items_purged":["Strike_G","Writhe","Survivor"],"score":817,"play_id":"42aad25d-2295-47a7-8f38-f7e372188e09","local_time":"20181021012509","is_ascension_mode":false,"campfire_choices":[{"data":"Adrenaline","floor":6,"key":"SMITH"},{"data":"Neutralize","floor":8,"key":"SMITH"},{"floor":15,"key":"REST"},{"data":"Outmaneuver+1","floor":23,"key":"PURGE"},{"floor":27,"key":"REST"},{"floor":32,"key":"REST"},{"floor":41,"key":"REST"},{"data":"Dagger Throw","floor":45,"key":"PURGE"},{"data":"After Image","floor":49,"key":"SMITH"}],"neow_cost":"PERCENT_DAMAGE","seed_source_timestamp":354951956095301,"circlet_count":0,"master_deck":["Neutralize+1","Adrenaline+1","Well Laid Plans","Leg Sweep+1","Noxious Fumes","Dodge and Roll+1","Blur+1","Endless Agony","Bouncing Flask+1","Glass Knife","Catalyst+1","Dodge and Roll+1","Poisoned Stab","Well Laid Plans","Calculated Gamble+1","Blade Dance+1","Cloak And Dagger+1","Cloak And Dagger+1","Blade Dance+1","Backflip+1","Dodge and Roll+1","Bane+1","Phantasmal Killer+1","Escape Plan+1","Backflip+1","Footwork","Blade Dance+1","Finesse+1","Noxious Fumes","Blade Dance+1","Blade Dance+1","After Image+1","Quick Slash+1","Distraction+1"],"relics":["Ring of the Snake","Toxic Egg 2","Ancient Tea Set","Pandora\u0027s Box","Peace Pipe","Matryoshka","Sundial","War Paint","Strawberry","Potion Belt","Dream Catcher","Ninja Scroll","Kunai","Sozu","Lantern","Bronze Scales","Red Mask","Snake Skull","The Courier"],"potions_floor_usage":[5,14,19,19,19,21,30,33,50],"damage_taken":[{"damage":4,"enemies":"Cultist","floor":1,"turns":5},{"damage":2,"enemies":"Jaw Worm","floor":2,"turns":4},{"damage":0,"enemies":"2 Louse","floor":4,"turns":4},{"damage":5,"enemies":"Gremlin Gang","floor":5,"turns":10},{"damage":6,"enemies":"Exordium Wildlife","floor":7,"turns":7},{"damage":7,"enemies":"Lagavulin","floor":10,"turns":9},{"damage":0,"enemies":"3 Louse","floor":11,"turns":4},{"damage":0,"enemies":"Blue Slaver","floor":12,"turns":5},{"damage":6,"enemies":"Exordium Wildlife","floor":13,"turns":5},{"damage":0,"enemies":"2 Fungi Beasts","floor":14,"turns":3},{"damage":4,"enemies":"Hexaghost","floor":16,"turns":9},{"damage":4,"enemies":"2 Thieves","floor":18,"turns":3},{"damage":12,"enemies":"Colosseum Slavers","floor":19,"turns":4},{"damage":30,"enemies":"Colosseum Nobs","floor":19,"turns":4},{"damage":0,"enemies":"Spheric Guardian","floor":21,"turns":2},{"damage":0,"enemies":"3 Cultists","floor":28,"turns":4},{"damage":9,"enemies":"Snake Plant","floor":29,"turns":3},{"damage":18,"enemies":"Shelled Parasite and Fungi","floor":30,"turns":4},{"damage":0,"enemies":"Sentry and Sphere","floor":31,"turns":4},{"damage":31,"enemies":"Collector","floor":33,"turns":7},{"damage":0,"enemies":"3 Shapes","floor":35,"turns":3},{"damage":8,"enemies":"3 Darklings","floor":36,"turns":3},{"damage":0,"enemies":"Jaw Worm Horde","floor":38,"turns":5},{"damage":6,"enemies":"Nemesis","floor":40,"turns":5},{"damage":0,"enemies":"Giant Head","floor":44,"turns":6},{"damage":0,"enemies":"Spire Growth","floor":46,"turns":4},{"damage":0,"enemies":"Transient","floor":47,"turns":5},{"damage":0,"enemies":"Sphere and 2 Shapes","floor":48,"turns":4},{"damage":0,"enemies":"Donu and Deca","floor":50,"turns":10}],"seed_played":"-7657033965977145530","potions_obtained":[{"floor":2,"key":"Energy Potion"},{"floor":4,"key":"SkillPotion"},{"floor":12,"key":"Energy Potion"},{"floor":13,"key":"EssenceOfSteel"},{"floor":16,"key":"Strength Potion"},{"floor":19,"key":"SkillPotion"},{"floor":21,"key":"FairyPotion"},{"floor":29,"key":"SpeedPotion"},{"floor":30,"key":"SkillPotion"},{"floor":31,"key":"SteroidPotion"},{"floor":33,"key":"Fire Potion"}],"is_trial":false,"path_per_floor":["M","M","$","M","M","R","M","R","T","E","M","M","M","M","R","B",null,"M","?","?","M","$","R","?","T","T","R","M","M","M","M","R","B",null,"M","M","$","M","?","E","R","?","T","E","R","M","M","M","R","B"],"character_chosen":"THE_SILENT","items_purchased":["War Paint","Footwork","Lantern"],"campfire_rested":4,"item_purchase_floors":[22,37,37],"current_hp_per_floor":[45,43,43,43,38,38,32,32,32,25,25,25,19,19,40,36,70,66,24,24,24,24,24,31,31,31,54,54,45,27,27,50,19,77,77,69,69,69,69,63,77,77,77,77,77,77,77,77,77,77],"gold":88,"neow_bonus":"THREE_RARE_CARDS","is_prod":false,"is_daily":false,"chose_seed":false,"campfire_upgraded":3,"win_rate":0,"timestamp":1540074309,"path_taken":["M","?","?","M","M","R","M","R","T","E","M","M","M","M","R","BOSS","M","?","?","M","$","R","?","?","T","R","M","M","?","M","R","BOSS","M","M","$","?","?","E","R","?","T","E","R","?","M","M","R","BOSS"],"build_version":"2018-10-18","purchased_purges":3,"victory":true,"max_hp_per_floor":[70,70,70,70,70,70,70,70,70,70,70,70,70,70,70,70,70,70,70,70,70,70,70,77,77,77,77,77,77,77,77,77,77,77,77,77,77,77,77,77,77,77,77,77,77,77,77,77,77,77],"card_choices":[{"not_picked":["After Image","Storm of Steel"],"picked":"Adrenaline","floor":0},{"not_picked":["Underhanded Strike","Catalyst","Deadly Poison"],"picked":"SKIP","floor":1},{"not_picked":["Sucker Punch","Deadly Poison"],"picked":"Well Laid Plans","floor":2},{"not_picked":["Blade Dance","Slice"],"picked":"Leg Sweep","floor":4},{"not_picked":["Deflect","PiercingWail"],"picked":"Noxious Fumes","floor":5},{"not_picked":["Deadly Poison","Storm of Steel"],"picked":"Dodge and Roll","floor":7},{"not_picked":["Die Die Die","Acrobatics+1"],"picked":"Blur+1","floor":10},{"not_picked":["Slice","Skewer"],"picked":"Endless Agony","floor":11},{"not_picked":["Well Laid Plans","PiercingWail+1","Acrobatics+1"],"picked":"SKIP","floor":12},{"not_picked":["Heel Hook","Acrobatics+1"],"picked":"Bouncing Flask+1","floor":13},{"not_picked":["Bouncing Flask+1","Reflex+1","Prepared+1"],"picked":"SKIP","floor":14},{"not_picked":["Unload","Bullet Time+1"],"picked":"Glass Knife","floor":16},{"not_picked":["Flying Knee+1","Underhanded Strike","PiercingWail+1"],"picked":"SKIP","floor":18},{"not_picked":["Caltrops","Acrobatics+1"],"picked":"Cloak And Dagger+1","floor":19},{"not_picked":["Choke","Predator+1"],"picked":"Blade Dance+1","floor":21},{"not_picked":["Prepared+1","Cloak And Dagger+1"],"picked":"Backflip+1","floor":28},{"not_picked":["Setup+1","Doppelganger+1","Acrobatics+1"],"picked":"SKIP","floor":29},{"not_picked":["Dash+1","Masterful Stab+1","Reflex+1"],"picked":"SKIP","floor":30},{"not_picked":["Outmaneuver+1","Flying Knee"],"picked":"Dodge and Roll+1","floor":31},{"not_picked":["Bullet Time+1","Acrobatics+1"],"picked":"Bane+1","floor":32},{"not_picked":["Wraith Form v2","Storm of Steel+1"],"picked":"Phantasmal Killer+1","floor":33},{"not_picked":["Deflect+1","Expertise+1"],"picked":"Escape Plan+1","floor":35},{"not_picked":["Expertise+1","Sucker Punch+1"],"picked":"Backflip+1","floor":36},{"not_picked":["Deadly Poison+1","Dagger Spray+1"],"picked":"Blade Dance+1","floor":38},{"not_picked":["Mind Blast","Dark Shackles+1"],"picked":"Finesse+1","floor":39},{"not_picked":["Bouncing Flask+1","Calculated Gamble+1"],"picked":"Noxious Fumes","floor":40},{"not_picked":["Predator+1","Dagger Spray+1"],"picked":"Blade Dance+1","floor":41},{"not_picked":["Deflect+1","Underhanded Strike+1"],"picked":"Blade Dance+1","floor":44},{"not_picked":["Sucker Punch","Dagger Spray"],"picked":"After Image","floor":46},{"not_picked":["Poisoned Stab+1","Bane+1"],"picked":"Quick Slash+1","floor":47},{"not_picked":["Flying Knee","Dagger Throw+1"],"picked":"Distraction+1","floor":48}],"player_experience":182757,"relics_obtained":[{"floor":9,"key":"Toxic Egg 2"},{"floor":10,"key":"Ancient Tea Set"},{"floor":19,"key":"Peace Pipe"},{"floor":19,"key":"Matryoshka"},{"floor":25,"key":"Potion Belt"},{"floor":25,"key":"Dream Catcher"},{"floor":26,"key":"Ninja Scroll"},{"floor":26,"key":"Kunai"},{"floor":40,"key":"Bronze Scales"},{"floor":43,"key":"Snake Skull"},{"floor":44,"key":"The Courier"}],"event_choices":[{"damage_healed":0,"gold_gain":0,"player_choice":"Fight","damage_taken":0,"max_hp_gain":0,"max_hp_loss":0,"event_name":"Colosseum","floor":19,"gold_loss":0},{"damage_healed":0,"gold_gain":0,"player_choice":"Fought Nobs","damage_taken":0,"max_hp_gain":0,"max_hp_loss":0,"event_name":"Colosseum","floor":19,"gold_loss":0},{"damage_healed":0,"gold_gain":0,"player_choice":"Opened","damage_taken":0,"relics_obtained":["Sundial"],"max_hp_gain":0,"max_hp_loss":0,"event_name":"The Mausoleum","floor":20,"gold_loss":0,"cards_obtained":["Writhe"]},{"damage_healed":0,"gold_gain":0,"player_choice":"Paid Gold","damage_taken":0,"relics_obtained":["Strawberry"],"max_hp_gain":0,"max_hp_loss":0,"event_name":"WeMeetAgain","floor":24,"gold_loss":63},{"damage_healed":0,"gold_gain":0,"player_choice":"Memory 1","damage_taken":0,"max_hp_gain":0,"max_hp_loss":0,"event_name":"SensoryStone","floor":39,"gold_loss":0},{"damage_healed":0,"gold_gain":0,"player_choice":"Paid","damage_taken":0,"relics_obtained":["Red Mask"],"max_hp_gain":0,"max_hp_loss":0,"event_name":"Tomb of Lord Red Mask","floor":42,"gold_loss":43}],"is_beta":false,"boss_relics":[{"not_picked":["Snecko Eye","HoveringKite"],"picked":"Pandora\u0027s Box"},{"not_picked":["Cursed Key","Empty Cage"],"picked":"Sozu"}],"items_purged_floors":[3,22,37],"is_endless":false,"potions_floor_spawned":[2,4,12,13,16,19,21,29,30,31,33,38,40,44,46,47],"ascension_level":0}