{"gold_per_floor":[112,112,123,123,82,82,93,93,93,110,27,45,57,83,83,160,160,174,174,184,184,196,227,227,253,253,270,320,320,335,355,355,428,428,444,330,330,350,365,365,385,385,436,436,464,475,475,475,475,475,475,475,475,79,79],"floor_reached":55,"playtime":3733,"items_purged":["Strike_R","Strike_R"],"score":1832,"play_id":"ba1e1e89-f17e-46d4-b933-3099620de051","local_time":"20190601151554","is_ascension_mode":true,"campfire_choices":[{"data":"Juggernaut","floor":6.0,"key":"SMITH"},{"data":"Shrug It Off","floor":8.0,"key":"SMITH"},{"data":"Metallicize","floor":15.0,"key":"SMITH"},{"floor":24.0,"key":"REST"},{"data":"Barricade","floor":32.0,"key":"SMITH"},{"data":"Metallicize","floor":40.0,"key":"SMITH"},{"data":"Flame Barrier","floor":42.0,"key":"SMITH"},{"data":"Shrug It Off","floor":47.0,"key":"SMITH"},{"floor":49.0,"key":"RECALL"},{"data":"Shrug It Off","floor":53.0,"key":"SMITH"}],"neow_cost":"NONE","seed_source_timestamp":0,"circlet_count":0,"master_deck":["AscendersBane","Strike_R+1","Defend_R","Defend_R","Defend_R","Defend_R","Bash","Juggernaut+1","True Grit+1","Ghostly Armor+1","Shrug It Off+1","Flame Barrier+1","Shrug It Off+1","Metallicize+1","Barricade+1","Seeing Red","Shrug It Off+1","Metallicize","Intimidate","Metallicize+1"],"special_seed":0,"relics":["Burning Blood","Vajra","Torii","Velvet Choker","Singing Bowl","Letter Opener","Magic Flower","Coffee Dripper","Pantograph","Happy Flower"],"potions_floor_usage":[55],"damage_taken":[{"damage":1.0,"enemies":"Cultist","floor":1.0,"turns":4.0},{"damage":4.0,"enemies":"Small Slimes","floor":3.0,"turns":4.0},{"damage":9.0,"enemies":"2 Louse","floor":7.0,"turns":3.0},{"damage":7.0,"enemies":"Large Slime","floor":10.0,"turns":5.0},{"damage":0.0,"enemies":"2 Fungi Beasts","floor":12.0,"turns":5.0},{"damage":4.0,"enemies":"Red Slaver","floor":13.0,"turns":5.0},{"damage":8.0,"enemies":"Lagavulin","floor":14.0,"turns":9.0},{"damage":26.0,"enemies":"Hexaghost","floor":16.0,"turns":13.0},{"damage":0.0,"enemies":"Spheric Guardian","floor":18.0,"turns":8.0},{"damage":0.0,"enemies":"Chosen","floor":20.0,"turns":5.0},{"damage":7.0,"enemies":"3 Cultists","floor":22.0,"turns":6.0},{"damage":46.0,"enemies":"Slavers","floor":23.0,"turns":7.0},{"damage":0.0,"enemies":"Gremlin Leader","floor":25.0,"turns":12.0},{"damage":8.0,"enemies":"Snake Plant","floor":27.0,"turns":5.0},{"damage":0.0,"enemies":"Cultist and Chosen","floor":29.0,"turns":3.0},{"damage":15.0,"enemies":"Centurion and Healer","floor":30.0,"turns":8.0},{"damage":0.0,"enemies":"Snecko","floor":31.0,"turns":8.0},{"damage":1.0,"enemies":"Champ","floor":33.0,"turns":21.0},{"damage":12.0,"enemies":"3 Shapes","floor":35.0,"turns":4.0},{"damage":0.0,"enemies":"Orb Walker","floor":38.0,"turns":4.0},{"damage":0.0,"enemies":"Maw","floor":39.0,"turns":8.0},{"damage":9.0,"enemies":"Jaw Worm Horde","floor":41.0,"turns":5.0},{"damage":15.0,"enemies":"Nemesis","floor":45.0,"turns":17.0},{"damage":1.0,"enemies":"Spire Growth","floor":46.0,"turns":7.0},{"damage":6.0,"enemies":"Time Eater","floor":50.0,"turns":15.0},{"damage":64.0,"enemies":"Awakened One","floor":51.0,"turns":24.0},{"damage":80,"enemies":"Shield and Spear","floor":55,"turns":6}],"seed_played":"-961402817721098803","potions_obtained":[{"floor":7.0,"key":"Fire Potion"},{"floor":12.0,"key":"Regen Potion"},{"floor":14.0,"key":"Swift Potion"},{"floor":20.0,"key":"SpeedPotion"},{"floor":23.0,"key":"AttackPotion"},{"floor":25.0,"key":"Swift Potion"},{"floor":27.0,"key":"SmokeBomb"},{"floor":33.0,"key":"FearPotion"},{"floor":35.0,"key":"AttackPotion"},{"floor":39.0,"key":"Block Potion"},{"floor":41.0,"key":"Fire Potion"},{"floor":46.0,"key":"PowerPotion"}],"is_trial":false,"path_per_floor":["M","?","M","?","?","R","M","R","T","M","$","M","M","E","R","B",null,"M","?","M","?","M","E","R","E","T","M","?","M","M","M","R","B",null,"M","$","?","M","M","R","M","R","T","?","E","M","R","?","R","B","B",null,"R","$","E"],"character_chosen":"IRONCLAD","items_purchased":["Flame Barrier","Metallicize","Dexterity Potion","EssenceOfSteel","Happy Flower"],"campfire_rested":1,"item_purchase_floors":[11,36,54,54,54],"current_hp_per_floor":[73,73,75,52,52,52,49,49,49,48,48,54,56,69,69,49,69,75,75,75,75,74,36,59,67,67,70,62,71,65,76,76,85,85,84,84,84,89,91,91,93,93,93,88,84,92,92,92,92,92,37,78,78,78,0],"gold":79,"neow_bonus":"TRANSFORM_CARD","is_prod":false,"is_daily":false,"chose_seed":false,"campfire_upgraded":8,"win_rate":0,"timestamp":1559416554,"path_taken":["M","?","M","?","?","R","M","R","T","M","?","M","M","E","R","BOSS","M","?","M","?","M","E","R","E","T","M","?","M","M","M","R","BOSS","M","$","?","M","M","R","M","R","T","?","E","M","R","?","R","BOSS","BOSS","R","$","E"],"build_version":"2019-01-23","purchased_purges":2,"victory":false,"max_hp_per_floor":[75,75,75,75,75,75,75,75,75,75,75,75,75,75,75,75,75,75,75,75,75,75,77,77,79,79,81,81,81,81,83,83,85,85,87,87,87,89,91,91,93,93,93,88,90,92,92,92,92,92,92,92,92,92,92],"card_choices":[{"not_picked":["Pommel Strike","Dual Wield"],"picked":"True Grit","floor":1.0},{"not_picked":["Iron Wave","Seeing Red"],"picked":"Ghostly Armor","floor":3.0},{"not_picked":["Twin Strike","Cleave"],"picked":"Shrug It Off","floor":7.0},{"not_picked":["Rage","Clash","Cleave"],"picked":"SKIP","floor":10.0},{"not_picked":["Ghostly Armor","Dual Wield"],"picked":"Shrug It Off","floor":12.0},{"not_picked":["Pummel","Inflame","Dual Wield"],"picked":"SKIP","floor":13.0},{"not_picked":["Reaper","Iron Wave"],"picked":"Metallicize","floor":14.0},{"not_picked":["Double Tap","Demon Form"],"picked":"Barricade","floor":16.0},{"not_picked":["Burning Pact","Disarm"],"picked":"Seeing Red","floor":18.0},{"not_picked":["Heavy Blade","Iron Wave+1"],"picked":"Shrug It Off","floor":20.0},{"not_picked":["Sword Boomerang","Pommel Strike"],"picked":"Metallicize","floor":22.0},{"not_picked":["Anger","Twin Strike","Wild Strike"],"picked":"Singing Bowl","floor":23.0},{"not_picked":["Flex","Thunderclap","Twin Strike"],"picked":"Singing Bowl","floor":25.0},{"not_picked":["Clothesline+1","Clash","Iron Wave"],"picked":"Singing Bowl","floor":27.0},{"not_picked":["Body Slam+1","Burning Pact"],"picked":"Intimidate","floor":30.0},{"not_picked":["Reaper","Thunderclap","Shrug It Off+1"],"picked":"Singing Bowl","floor":31.0},{"not_picked":["Immolate","Juggernaut","Berserk"],"picked":"Singing Bowl","floor":33.0},{"not_picked":["Shrug It Off","True Grit","Bloodletting"],"picked":"Singing Bowl","floor":35.0},{"not_picked":["Havoc","Rupture","Dual Wield"],"picked":"Singing Bowl","floor":38.0},{"not_picked":["Uppercut","Twin Strike","Anger"],"picked":"Singing Bowl","floor":39.0},{"not_picked":["Intimidate","Second Wind","Feel No Pain+1"],"picked":"Singing Bowl","floor":41.0},{"not_picked":["Whirlwind","Barricade","Heavy Blade"],"picked":"Singing Bowl","floor":45.0},{"not_picked":["Seeing Red","Spot Weakness","Cleave"],"picked":"Singing Bowl","floor":46.0}],"player_experience":535972,"relics_obtained":[{"floor":9.0,"key":"Vajra"},{"floor":14.0,"key":"Torii"},{"floor":23.0,"key":"Singing Bowl"},{"floor":25.0,"key":"Letter Opener"},{"floor":26.0,"key":"Magic Flower"},{"floor":45.0,"key":"Pantograph"}],"event_choices":[{"damage_healed":0.0,"max_hp_gain":0.0,"max_hp_loss":0.0,"gold_gain":0.0,"event_name":"Living Wall","player_choice":"Grow","floor":2.0,"gold_loss":0.0,"damage_taken":0.0,"cards_upgraded":["True Grit"]},{"damage_healed":0.0,"max_hp_gain":0.0,"max_hp_loss":0.0,"gold_gain":0.0,"event_name":"Shining Light","player_choice":"Entered Light","floor":4.0,"gold_loss":0.0,"damage_taken":23.0,"cards_upgraded":["Strike_R","Ghostly Armor"]},{"damage_healed":0.0,"max_hp_gain":0.0,"max_hp_loss":0.0,"gold_gain":0.0,"event_name":"World of Goop","player_choice":"Left Gold","floor":5.0,"gold_loss":41.0,"damage_taken":0.0},{"damage_healed":0.0,"max_hp_gain":0.0,"max_hp_loss":0.0,"gold_gain":0.0,"event_name":"Vampires","player_choice":"Ignored","floor":19.0,"gold_loss":0.0,"damage_taken":0.0},{"cards_removed":["Strike_R"],"damage_healed":0.0,"max_hp_gain":0.0,"max_hp_loss":0.0,"gold_gain":0.0,"event_name":"Back to Basics","player_choice":"Elegance","floor":21.0,"gold_loss":0.0,"damage_taken":0.0},{"damage_healed":0.0,"max_hp_gain":0.0,"max_hp_loss":0.0,"gold_gain":50.0,"event_name":"FaceTrader","player_choice":"Touch","floor":28.0,"gold_loss":0.0,"damage_taken":8.0},{"damage_healed":0.0,"max_hp_gain":0.0,"max_hp_loss":0.0,"gold_gain":0.0,"event_name":"Tomb of Lord Red Mask","player_choice":"Ignored","floor":37.0,"gold_loss":0.0,"damage_taken":0.0},{"damage_healed":0.0,"max_hp_gain":0.0,"max_hp_loss":5.0,"gold_gain":0.0,"event_name":"Winding Halls","player_choice":"Max HP","floor":44.0,"gold_loss":0.0,"damage_taken":0.0},{"damage_healed":0.0,"max_hp_gain":0.0,"max_hp_loss":0.0,"gold_gain":0.0,"event_name":"Duplicator","player_choice":"Ignored","floor":48.0,"gold_loss":0.0,"damage_taken":0.0}],"is_beta":false,"boss_relics":[{"not_picked":["Eternal Feather","Cursed Key"],"picked":"Velvet Choker"},{"not_picked":["Snecko Eye","Runic Cube"],"picked":"Coffee Dripper"}],"items_purged_floors":[36,54],"is_endless":false,"potions_floor_spawned":[7,12,13,14,20,23,25,27,33,35,39,41,46],"killed_by":"Shield and Spear","ascension_level":20}