{"gold_per_floor":[116,1,101,115,133,133,150,183,183,183,83,83,116,136,136,231,231,246,246,258,348,367,367,385,385,410,421,436,452,469,159,159,159],"floor_reached":33,"playtime":4503,"items_purged":["Strike_B","Strike_B","Strike_B"],"score":286,"play_id":"4a3a18c5-aa7c-4c5d-a6bd-52b588e2cc60","local_time":"20190601093226","is_ascension_mode":false,"campfire_choices":[{"data":"Streamline","floor":6,"key":"SMITH"},{"data":"Dualcast","floor":10,"key":"SMITH"},{"data":"Redo","floor":15,"key":"SMITH"},{"floor":23,"key":"REST"},{"data":"Reinforced Body","floor":25,"key":"SMITH"},{"data":"Redo","floor":32,"key":"SMITH"}],"neow_cost":"NONE","seed_source_timestamp":1377178950518400,"circlet_count":0,"master_deck":["Defend_B","Defend_B","Defend_B","Defend_B","Zap+1","Dualcast+1","Ball Lightning","Defragment","Streamline+1","Rebound","Beam Cell","Reinforced Body+1","Redo+1","Electrodynamics","Storm+1","Genetic Algorithm","Redo+1","Capacitor","Defragment+1","Tempest","Genetic Algorithm"],"relics":["Cracked Core","Bag of Marbles","Bottled Flame","Incense Burner","Philosopher\u0027s Stone","Enchiridion","Blood Vial","Oddly Smooth Stone"],"potions_floor_usage":[13,22,22,30,33,33,33],"damage_taken":[{"damage":0,"enemies":"Cultist","floor":1,"turns":3},{"damage":0,"enemies":"2 Louse","floor":4,"turns":2},{"damage":0,"enemies":"Small Slimes","floor":5,"turns":3},{"damage":13,"enemies":"2 Fungi Beasts","floor":7,"turns":3},{"damage":11,"enemies":"Lagavulin","floor":8,"turns":5},{"damage":0,"enemies":"3 Sentries","floor":13,"turns":4},{"damage":0,"enemies":"Looter","floor":14,"turns":1},{"damage":5,"enemies":"The Guardian","floor":16,"turns":7},{"damage":19,"enemies":"2 Thieves","floor":18,"turns":3},{"damage":0,"enemies":"Shell Parasite","floor":20,"turns":3},{"damage":16,"enemies":"Shelled Parasite and Fungi","floor":22,"turns":3},{"damage":6,"enemies":"3 Cultists","floor":24,"turns":4},{"damage":0,"enemies":"Sentry and Sphere","floor":27,"turns":4},{"damage":0,"enemies":"Snake Plant","floor":28,"turns":2},{"damage":0,"enemies":"Chosen and Byrds","floor":29,"turns":3},{"damage":23,"enemies":"Centurion and Healer","floor":30,"turns":3},{"damage":20,"enemies":"Automaton","floor":33,"turns":4}],"seed_played":"4715375037805080916","potions_obtained":[{"floor":1,"key":"GamblersBrew"},{"floor":5,"key":"SneckoOil"},{"floor":7,"key":"Swift Potion"},{"floor":16,"key":"Ancient Potion"},{"floor":22,"key":"FocusPotion"},{"floor":24,"key":"SkillPotion"},{"floor":28,"key":"FocusPotion"},{"floor":30,"key":"FearPotion"}],"is_trial":false,"path_per_floor":["M","$","?","M","M","R","M","E","T","R","$","?","E","M","R","B",null,"M","?","M","?","M","R","M","R","T","M","M","M","M","$","R","B"],"character_chosen":"DEFECT","items_purchased":["Defragment","Oddly Smooth Stone","Genetic Algorithm"],"campfire_rested":1,"item_purchase_floors":[2,31,31],"current_hp_per_floor":[75,75,75,75,75,75,62,51,51,51,51,51,51,51,51,46,75,56,40,40,26,10,32,26,26,26,28,30,32,11,11,11,0],"gold":159,"neow_bonus":"UPGRADE_CARD","is_prod":false,"is_daily":false,"chose_seed":false,"campfire_upgraded":5,"win_rate":0.0,"timestamp":1559395946,"path_taken":["M","?","?","M","?","R","M","E","T","R","$","?","E","M","R","BOSS","M","?","M","?","?","R","M","R","T","M","M","?","M","$","R","BOSS"],"build_version":"2019-01-23","purchased_purges":3,"victory":false,"max_hp_per_floor":[75,75,75,75,75,75,75,75,75,75,75,75,75,75,75,75,75,75,75,75,75,75,75,75,75,75,75,75,75,75,75,75,75],"card_choices":[{"not_picked":["Scrape","Barrage"],"picked":"Ball Lightning","floor":1},{"not_picked":["Coolheaded","Fusion","Barrage"],"picked":"SKIP","floor":4},{"not_picked":["Lockon","Steam"],"picked":"Streamline","floor":5},{"not_picked":["BootSequence","Gash"],"picked":"Rebound","floor":7},{"not_picked":["Cold Snap","Chaos"],"picked":"Beam Cell","floor":8},{"not_picked":["Rebound","Gash"],"picked":"Reinforced Body","floor":13},{"not_picked":["Cold Snap","Compile Driver"],"picked":"Redo","floor":14},{"not_picked":["Echo Form","Biased Cognition"],"picked":"Electrodynamics","floor":16},{"not_picked":["Defragment","Rebound"],"picked":"Storm+1","floor":18},{"not_picked":["Sweeping Beam+1","Rebound+1"],"picked":"Genetic Algorithm","floor":20},{"not_picked":["Rebound","Rip and Tear"],"picked":"Redo","floor":22},{"not_picked":["Fusion","Scrape"],"picked":"Capacitor","floor":24},{"not_picked":["Go for the Eyes","Ball Lightning"],"picked":"Defragment+1","floor":27},{"not_picked":["Conserve Battery","Beam Cell","Cold Snap"],"picked":"SKIP","floor":28},{"not_picked":["Aggregate","Reprogram"],"picked":"Tempest","floor":29},{"not_picked":["Beam Cell+1","Sweeping Beam","Turbo"],"picked":"SKIP","floor":30}],"player_experience":1001639,"relics_obtained":[{"floor":8,"key":"Bag of Marbles"},{"floor":9,"key":"Bottled Flame"},{"floor":13,"key":"Incense Burner"},{"floor":19,"key":"Enchiridion"},{"floor":26,"key":"Blood Vial"}],"event_choices":[{"damage_healed":0,"gold_gain":100,"player_choice":"Pray","damage_taken":0,"max_hp_gain":0,"max_hp_loss":0,"event_name":"Golden Shrine","floor":3,"gold_loss":0},{"cards_removed":["Strike_B"],"damage_healed":0,"gold_gain":0,"player_choice":"Forget","damage_taken":0,"max_hp_gain":0,"max_hp_loss":0,"event_name":"Living Wall","floor":12,"gold_loss":0},{"damage_healed":0,"gold_gain":0,"player_choice":"Obtained Book","damage_taken":16,"max_hp_gain":0,"max_hp_loss":0,"event_name":"Cursed Tome","floor":19,"gold_loss":0},{"damage_healed":0,"gold_gain":90,"player_choice":"GOLD ","damage_taken":14,"max_hp_gain":0,"max_hp_loss":0,"event_name":"Knowing Skull","floor":21,"potions_obtained":[],"gold_loss":0,"cards_obtained":[]}],"is_beta":false,"boss_relics":[{"not_picked":["Eternal Feather","Astrolabe"],"picked":"Philosopher\u0027s Stone"}],"items_purged_floors":[2,11,31],"is_endless":false,"potions_floor_spawned":[1,5,7,16,22,24,28,29,30],"killed_by":"Automaton","ascension_level":0}