{"gold_per_floor":[114,114,37,37,57,57,76,88,88,88,102,102,177,190,190,294,294,313,238,88,106,118,118,135,155,181,181,181,0,0,14,14,116,116,134,134,134,134,149,149,160,160,160,160,176,194,37,49,49,49],"floor_reached":50,"playtime":3775,"items_purged":["Strike_G","Strike_G"],"score":461,"play_id":"55daca38-28ee-41b1-b376-248b4cd056a4","local_time":"20190527232048","is_ascension_mode":false,"campfire_choices":[{"data":"Noxious Fumes","floor":6,"key":"SMITH"},{"data":"Catalyst","floor":10,"key":"SMITH"},{"data":"Neutralize","floor":12,"key":"SMITH"},{"data":"Deadly Poison","floor":15,"key":"SMITH"},{"data":"Noxious Fumes","floor":23,"key":"SMITH"},{"data":"After Image","floor":30,"key":"SMITH"},{"data":"A Thousand Cuts","floor":32,"key":"SMITH"},{"data":"Escape Plan","floor":40,"key":"SMITH"},{"floor":42,"key":"REST"},{"floor":49,"key":"REST"}],"neow_cost":"NONE","seed_source_timestamp":1029372212588400,"circlet_count":0,"master_deck":["Defend_G","Defend_G","Defend_G","Defend_G","Defend_G","Survivor","Neutralize+1","Outmaneuver","Noxious Fumes+1","Catalyst+1","Deadly Poison+1","A Thousand Cuts+1","Noxious Fumes+1","Backflip","Dodge and Roll+1","After Image+1","Burst","Burst","Madness","Madness","Escape Plan+1","Deflect+1","After Image","Noxious Fumes+1"],"relics":["Velvet Choker"],"potions_floor_usage":[8,25,33,33,50,50,50],"damage_taken":[{"damage":0,"enemies":"2 Louse","floor":1,"turns":4},{"damage":1,"enemies":"Cultist","floor":5,"turns":4},{"damage":0,"enemies":"Small Slimes","floor":7,"turns":5},{"damage":0,"enemies":"Gremlin Gang","floor":8,"turns":2},{"damage":0,"enemies":"3 Louse","floor":11,"turns":3},{"damage":0,"enemies":"Blue Slaver","floor":14,"turns":4},{"damage":45,"enemies":"Slime Boss","floor":16,"turns":12},{"damage":5,"enemies":"Chosen","floor":18,"turns":4},{"damage":0,"enemies":"Spheric Guardian","floor":21,"turns":3},{"damage":20,"enemies":"Centurion and Healer","floor":22,"turns":6},{"damage":41,"enemies":"3 Cultists","floor":24,"turns":6},{"damage":0,"enemies":"Snecko","floor":25,"turns":6},{"damage":5,"enemies":"Shelled Parasite and Fungi","floor":31,"turns":6},{"damage":16,"enemies":"Automaton","floor":33,"turns":8},{"damage":4,"enemies":"Orb Walker","floor":35,"turns":3},{"damage":17,"enemies":"3 Darklings","floor":39,"turns":5},{"damage":0,"enemies":"Maw","floor":41,"turns":6},{"damage":19,"enemies":"Writhing Mass","floor":45,"turns":4},{"damage":10,"enemies":"Jaw Worm Horde","floor":46,"turns":5},{"damage":19,"enemies":"Transient","floor":48,"turns":5},{"damage":37,"enemies":"Time Eater","floor":50,"turns":6}],"seed_played":"3004660920549750701","potions_obtained":[{"floor":1,"key":"EssenceOfSteel"},{"floor":5,"key":"Strength Potion"},{"floor":7,"key":"Explosive Potion"},{"floor":21,"key":"Dexterity Potion"},{"floor":31,"key":"EssenceOfSteel"},{"floor":33,"key":"Poison Potion"},{"floor":39,"key":"FearPotion"},{"floor":45,"key":"Weak Potion"}],"is_trial":false,"path_per_floor":["M","?","$","?","M","R","M","M","T","R","M","R","?","M","R","B",null,"M","?","$","M","M","R","M","M","T","?","?","$","R","M","R","B",null,"M","?","?","?","M","R","M","R","T","$","M","M","$","M","R","B"],"character_chosen":"THE_SILENT","items_purchased":["Noxious Fumes","Noxious Fumes","After Image","After Image"],"campfire_rested":2,"item_purchase_floors":[3,20,29,47],"current_hp_per_floor":[70,70,70,70,69,69,69,69,69,69,69,69,58,58,58,13,70,65,65,65,65,45,45,4,4,4,27,27,27,27,22,22,6,70,66,66,66,57,40,40,40,61,61,61,42,32,32,13,34,0],"gold":49,"neow_bonus":"BOSS_RELIC","is_prod":false,"is_daily":false,"chose_seed":false,"campfire_upgraded":8,"win_rate":0,"timestamp":1559013648,"path_taken":["M","?","$","?","?","R","M","M","T","R","M","R","?","M","R","BOSS","M","?","$","M","M","R","M","M","T","?","?","$","R","?","R","BOSS","M","?","?","?","M","R","M","R","T","?","?","M","$","M","R","BOSS"],"build_version":"2019-01-23","purchased_purges":2,"victory":false,"max_hp_per_floor":[70,70,70,70,70,70,70,70,70,70,70,70,70,70,70,70,70,70,70,70,70,70,70,70,70,70,70,70,70,70,70,70,70,70,70,70,70,70,70,70,70,70,70,70,70,70,70,70,70,70],"card_choices":[{"not_picked":["Riddle With Holes","Skewer"],"picked":"Outmaneuver","floor":1},{"not_picked":["Quick Slash","Reflex"],"picked":"Catalyst","floor":5},{"not_picked":["Quick Slash","Cloak And Dagger","Expertise"],"picked":"SKIP","floor":7},{"not_picked":["Dagger Spray","Accuracy","Outmaneuver"],"picked":"SKIP","floor":8},{"not_picked":["Underhanded Strike","Deflect","Riddle With Holes"],"picked":"SKIP","floor":11},{"not_picked":["Expertise","Sucker Punch"],"picked":"Deadly Poison","floor":14},{"not_picked":["Tools of the Trade","Storm of Steel"],"picked":"A Thousand Cuts","floor":16},{"not_picked":["Dagger Spray","Slice","Deflect"],"picked":"SKIP","floor":18},{"not_picked":["Outmaneuver","PiercingWail","Calculated Gamble+1"],"picked":"SKIP","floor":21},{"not_picked":["PiercingWail+1","Acrobatics"],"picked":"Backflip","floor":22},{"not_picked":["PiercingWail","Cloak And Dagger+1"],"picked":"Dodge and Roll+1","floor":24},{"not_picked":["Quick Slash","Poisoned Stab","Backflip"],"picked":"SKIP","floor":25},{"not_picked":["Cloak And Dagger+1","Sucker Punch"],"picked":"Burst","floor":31},{"not_picked":["Phantasmal Killer","Unload"],"picked":"Burst","floor":33},{"not_picked":["Underhanded Strike","Backflip","Sucker Punch+1"],"picked":"SKIP","floor":35},{"not_picked":["Calculated Gamble","Riddle With Holes"],"picked":"Escape Plan","floor":39},{"not_picked":["Blade Dance","Cloak And Dagger","PiercingWail"],"picked":"SKIP","floor":41},{"not_picked":["Eviscerate","Concentrate","Backflip"],"picked":"SKIP","floor":45},{"not_picked":["Infinite Blades+1","Acrobatics"],"picked":"Deflect+1","floor":46},{"not_picked":["Skewer","Deadly Poison+1"],"picked":"Noxious Fumes+1","floor":48}],"player_experience":954102,"relics_obtained":[],"event_choices":[{"damage_healed":0,"gold_gain":0,"player_choice":"Fled","damage_taken":0,"max_hp_gain":0,"max_hp_loss":0,"event_name":"Scrap Ooze","floor":2,"gold_loss":0},{"damage_healed":0,"gold_gain":0,"player_choice":"Ignored","damage_taken":0,"max_hp_gain":0,"max_hp_loss":0,"event_name":"NoteForYourself","floor":4,"gold_loss":0},{"damage_healed":0,"gold_gain":75,"player_choice":"Gather Gold","damage_taken":11,"max_hp_gain":0,"max_hp_loss":0,"event_name":"World of Goop","floor":13,"gold_loss":0},{"cards_removed":["Strike_G"],"damage_healed":0,"gold_gain":0,"player_choice":"Gave Gold","damage_taken":0,"max_hp_gain":0,"max_hp_loss":0,"event_name":"Beggar","floor":19,"gold_loss":75},{"damage_healed":23,"gold_gain":0,"player_choice":"Heal","damage_taken":0,"max_hp_gain":0,"max_hp_loss":0,"event_name":"The Library","floor":27,"gold_loss":0},{"cards_removed":["Strike_G"],"damage_healed":0,"gold_gain":0,"player_choice":"Offered Basic","damage_taken":0,"max_hp_gain":0,"max_hp_loss":0,"event_name":"Bonfire Elementals","floor":28,"gold_loss":0},{"cards_removed":["Strike_G"],"damage_healed":0,"gold_gain":0,"player_choice":"Removed Attack","damage_taken":0,"max_hp_gain":0,"max_hp_loss":0,"event_name":"Falling","floor":36,"gold_loss":0},{"damage_healed":0,"gold_gain":0,"player_choice":"Ignored","damage_taken":0,"max_hp_gain":0,"max_hp_loss":0,"event_name":"Tomb of Lord Red Mask","floor":37,"gold_loss":0},{"damage_healed":0,"gold_gain":0,"player_choice":"Embrace Madness","damage_taken":9,"max_hp_gain":0,"max_hp_loss":0,"event_name":"Winding Halls","floor":38,"gold_loss":0,"cards_obtained":["Madness","Madness"]}],"is_beta":false,"boss_relics":[{"not_picked":["Astrolabe","Runic Dome","Lizard Tail"]},{"not_picked":["Snecko Eye","White Beast Statue","Coffee Dripper"]}],"items_purged_floors":[20,29],"is_endless":false,"potions_floor_spawned":[1,5,7,21,31,33,39,45],"killed_by":"Time Eater","ascension_level":0}