{"gold_per_floor":[112,5,5,5,20,52,52,52,52,82,82,4,39,53,53,149,149,165,165,179,104,114,141,154,154,154,154,39,54,54,80,80,180,180,200,142,142,142,152,186,186,78,78,78,178,191,222,249,249,249],"floor_reached":51,"playtime":2572,"items_purged":["Strike_R"],"score":1261,"play_id":"eab42ba4-c047-42fa-9dc7-2bd0508b5601","local_time":"20190424172641","is_ascension_mode":true,"campfire_choices":[{"data":"Bash","floor":8.0,"key":"SMITH"},{"data":"Ghostly Armor","floor":11.0,"key":"SMITH"},{"floor":15.0,"key":"REST"},{"data":"Shockwave","floor":25,"key":"SMITH"},{"data":"Feel No Pain","floor":32,"key":"SMITH"},{"data":"Inflame","floor":41,"key":"SMITH"},{"data":"Injury","floor":44,"key":"PURGE"},{"data":"Inflame","floor":49,"key":"SMITH"}],"neow_cost":"NONE","seed_source_timestamp":0,"circlet_count":0,"master_deck":["AscendersBane","Strike_R+1","Strike_R","Strike_R","Defend_R","Defend_R","Defend_R","Bash+1","Ghostly Armor+1","Shockwave+1","Corruption+1","Disarm+1","True Grit+1","Havoc+1","Offering+1","Intimidate+1","Spot Weakness+1","Seeing Red+1","Rampage+1","Feel No Pain+1","Clothesline","Impervious+1","Reaper","Inflame+1","Chrysalis+1","Rampage","Shrug It Off+1","Inflame+1","Fire Breathing+1","Shrug It Off+1","Writhe"],"special_seed":0,"relics":["Burning Blood","NeowsBlessing","Toxic Egg 2","Pen Nib","The Courier","Charon\u0027s Ashes","Juzu Bracelet","Runic Pyramid","Regal Pillow","Matryoshka","Bird Faced Urn","Cursed Key","Whetstone","Red Skull","Peace Pipe","Thread and Needle","Blood Vial","Art of War","Anchor"],"potions_floor_usage":[31,33,35,46,50],"damage_taken":[{"damage":0.0,"enemies":"Small Slimes","floor":1.0,"turns":1.0},{"damage":0.0,"enemies":"Jaw Worm","floor":5.0,"turns":1.0},{"damage":0.0,"enemies":"Lagavulin","floor":6.0,"turns":2.0},{"damage":43.0,"enemies":"Gremlin Nob","floor":10.0,"turns":6.0},{"damage":15.0,"enemies":"3 Sentries","floor":13.0,"turns":5.0},{"damage":2.0,"enemies":"Cultist","floor":14.0,"turns":4.0},{"damage":58.0,"enemies":"Slime Boss","floor":16.0,"turns":10.0},{"damage":0,"enemies":"Shell Parasite","floor":18,"turns":6},{"damage":4,"enemies":"Chosen","floor":20,"turns":6},{"damage":6,"enemies":"3 Cultists","floor":22,"turns":3},{"damage":7,"enemies":"Slavers","floor":23,"turns":3},{"damage":16,"enemies":"Sentry and Sphere","floor":24,"turns":4},{"damage":0,"enemies":"Chosen and Byrds","floor":29,"turns":6},{"damage":13,"enemies":"Book of Stabbing","floor":31,"turns":4},{"damage":7,"enemies":"Champ","floor":33,"turns":9},{"damage":6,"enemies":"3 Darklings","floor":35,"turns":5},{"damage":6,"enemies":"3 Shapes","floor":39,"turns":3},{"damage":52,"enemies":"Nemesis","floor":40,"turns":9},{"damage":6,"enemies":"Mind Bloom Boss Battle","floor":45,"turns":9},{"damage":14,"enemies":"Transient","floor":46,"turns":5},{"damage":9,"enemies":"Giant Head","floor":47,"turns":6},{"damage":6,"enemies":"Time Eater","floor":50,"turns":9}],"seed_played":"-4998093840883977156","potions_obtained":[{"floor":1.0,"key":"Swift Potion"},{"floor":5.0,"key":"BloodPotion"},{"floor":6.0,"key":"FearPotion"},{"floor":16.0,"key":"Fire Potion"},{"floor":18,"key":"PowerPotion"},{"floor":31,"key":"SkillPotion"},{"floor":33,"key":"Ancient Potion"},{"floor":39,"key":"Fire Potion"},{"floor":40,"key":"Regen Potion"},{"floor":47,"key":"Regen Potion"}],"is_trial":false,"path_per_floor":["M","$","?","T","M","E","?","R","T","E","R","$","E","M","R","B",null,"M","?","M","?","M","E","M","R","T","?","$","M","?","E","R","B",null,"M","$","?","?","M","E","R","$","T","R","?","M","E","T","R","B",null],"character_chosen":"IRONCLAD","items_purchased":["Shockwave","Corruption","Havoc+1","Rampage","Feel No Pain","Inflame","Shrug It Off+1","Inflame"],"campfire_rested":1,"item_purchase_floors":[2,2,12,28,28,36,42,42],"current_hp_per_floor":[78,78,78,78,80,80,80,80,80,43,43,43,34,38,62,18,65,71,71,73,73,73,72,62,62,62,47,47,53,53,46,46,49,76,85,85,85,85,85,41,41,41,41,41,75,85,85,85,85,85],"gold":249,"neow_bonus":"THREE_ENEMY_KILL","is_prod":false,"is_daily":false,"chose_seed":false,"campfire_upgraded":6,"win_rate":0,"timestamp":1556141201,"path_taken":["M","$","?","?","?","E","?","R","T","E","R","?","E","M","R","BOSS","M","?","M","?","M","E","M","R","T","?","$","M","?","E","R","BOSS","M","$","?","?","M","E","R","$","T","R","?","M","E","?","R","BOSS"],"build_version":"2019-01-23","purchased_purges":1,"victory":true,"max_hp_per_floor":[80,80,80,80,80,80,80,80,80,80,80,80,80,80,80,80,80,80,80,80,80,80,80,80,80,80,85,85,85,85,85,85,85,85,85,85,85,85,85,85,85,85,85,85,85,85,85,85,85,85],"card_choices":[{"not_picked":["Heavy Blade","Rupture"],"picked":"Ghostly Armor","floor":1.0},{"not_picked":["Heavy Blade","Body Slam","Thunderclap"],"picked":"SKIP","floor":5.0},{"not_picked":["Perfected Strike","Thunderclap"],"picked":"Disarm+1","floor":6.0},{"not_picked":["Impervious+1","Bloodletting+1"],"picked":"True Grit+1","floor":10.0},{"not_picked":["Wild Strike","Immolate","Perfected Strike"],"picked":"SKIP","floor":13.0},{"not_picked":["Dropkick","Iron Wave","Clash"],"picked":"SKIP","floor":14.0},{"not_picked":["Fiend Fire","Barricade"],"picked":"Offering+1","floor":16.0},{"not_picked":["Havoc+1","Second Wind+1","Twin Strike"],"picked":"SKIP","floor":18},{"not_picked":["Body Slam","Havoc+1"],"picked":"Intimidate+1","floor":20},{"not_picked":["Heavy Blade+1","Armaments+1"],"picked":"Spot Weakness+1","floor":22},{"not_picked":["Headbutt+1","Burning Pact+1"],"picked":"Seeing Red+1","floor":23},{"not_picked":["Pommel Strike","Seeing Red+1","Searing Blow"],"picked":"SKIP","floor":24},{"not_picked":["Havoc+1","Seeing Red+1"],"picked":"Clothesline","floor":29},{"not_picked":["Anger","Rupture+1"],"picked":"Impervious+1","floor":31},{"not_picked":["Berserk","Fiend Fire"],"picked":"Reaper","floor":33},{"not_picked":["Twin Strike","Blood for Blood","True Grit+1"],"picked":"SKIP","floor":35},{"not_picked":["Flash of Steel","Mind Blast"],"picked":"Chrysalis+1","floor":38},{"not_picked":["Entrench+1","Perfected Strike","Evolve"],"picked":"SKIP","floor":39},{"not_picked":["Armaments+1","Headbutt+1"],"picked":"Rampage","floor":40},{"not_picked":["Blood for Blood","Shrug It Off+1"],"picked":"Fire Breathing+1","floor":45},{"not_picked":["Havoc+1","Heavy Blade+1"],"picked":"Shrug It Off+1","floor":46},{"not_picked":["Blood for Blood+1","Body Slam+1","Clash+1"],"picked":"SKIP","floor":47}],"player_experience":289004,"relics_obtained":[{"floor":4.0,"key":"Toxic Egg 2"},{"floor":6.0,"key":"Pen Nib"},{"floor":9.0,"key":"The Courier"},{"floor":10.0,"key":"Charon\u0027s Ashes"},{"floor":13.0,"key":"Juzu Bracelet"},{"floor":23,"key":"Regal Pillow"},{"floor":26,"key":"Matryoshka"},{"floor":31,"key":"Bird Faced Urn"},{"floor":40,"key":"Whetstone"},{"floor":43,"key":"Red Skull"},{"floor":43,"key":"Peace Pipe"},{"floor":45,"key":"Thread and Needle"},{"floor":47,"key":"Blood Vial"},{"floor":48,"key":"Art of War"},{"floor":48,"key":"Anchor"}],"event_choices":[{"damage_healed":0.0,"max_hp_gain":0.0,"max_hp_loss":0.0,"gold_gain":0.0,"event_name":"Liars Game","player_choice":"Ignored","floor":3.0,"gold_loss":0.0,"damage_taken":0.0},{"damage_healed":0.0,"max_hp_gain":0.0,"max_hp_loss":0.0,"gold_gain":0.0,"event_name":"Upgrade Shrine","player_choice":"Upgraded","floor":7.0,"gold_loss":0.0,"damage_taken":0.0,"cards_upgraded":["Corruption"]},{"cards_removed":["Strike_R"],"damage_healed":0,"gold_gain":0,"player_choice":"Elegance","damage_taken":0,"max_hp_gain":0,"max_hp_loss":0,"event_name":"Back to Basics","floor":19,"gold_loss":0},{"cards_removed":["Defend_R"],"damage_healed":0,"gold_gain":0,"player_choice":"Gave Gold","damage_taken":0,"max_hp_gain":0,"max_hp_loss":0,"event_name":"Beggar","floor":21,"gold_loss":75},{"damage_healed":0,"gold_gain":0,"player_choice":"Shed Blood","damage_taken":20,"max_hp_gain":5,"max_hp_loss":0,"event_name":"Forgotten Altar","floor":27,"gold_loss":0},{"damage_healed":0,"gold_gain":0,"player_choice":"Ignored","damage_taken":0,"max_hp_gain":0,"max_hp_loss":0,"event_name":"The Mausoleum","floor":30,"gold_loss":0},{"damage_healed":0,"gold_gain":0,"player_choice":"Ignored","damage_taken":0,"max_hp_gain":0,"max_hp_loss":0,"event_name":"Tomb of Lord Red Mask","floor":37,"gold_loss":0},{"damage_healed":0,"gold_gain":0,"player_choice":"Memory 1","damage_taken":0,"max_hp_gain":0,"max_hp_loss":0,"event_name":"SensoryStone","floor":38,"gold_loss":0},{"damage_healed":0,"gold_gain":0,"player_choice":"Fight","damage_taken":0,"max_hp_gain":0,"max_hp_loss":0,"event_name":"MindBloom","floor":45,"gold_loss":0}],"is_beta":false,"boss_relics":[{"not_picked":["Empty Cage","Fusion Hammer"],"picked":"Runic Pyramid"},{"not_picked":["Calling Bell","Lizard Tail"],"picked":"Cursed Key"}],"items_purged_floors":[12],"is_endless":false,"potions_floor_spawned":[1,5,6,16,18,31,33,39,40,47],"ascension_level":10}