{"gold_per_floor":[114,114,127,127,127,127,151,151,204,218,238,262,147,168,168,292,292,317,416,416],"floor_reached":20,"playtime":874,"items_purged":["Strike_G"],"score":249,"play_id":"fc279ae8-76ee-4328-af87-71f14397bfea","local_time":"20190428100134","is_ascension_mode":true,"campfire_choices":[{"data":"Cloak And Dagger","floor":6.0,"key":"SMITH"},{"data":"Neutralize","floor":8.0,"key":"SMITH"},{"data":"Noxious Fumes","floor":15.0,"key":"SMITH"}],"neow_cost":"NONE","seed_source_timestamp":0,"circlet_count":0,"master_deck":["AscendersBane","Defend_G","Defend_G","Defend_G","Defend_G","Defend_G","Strike_G","Strike_G","Strike_G","Survivor","Neutralize+1","Cloak And Dagger+1","Deadly Poison","Catalyst","Bane","Dodge and Roll","PiercingWail","Noxious Fumes+1","Venomology","Adrenaline"],"special_seed":0,"relics":["Ring of the Snake","Golden Idol","Potion Belt","WristBlade"],"potions_floor_usage":[16,16,16,18,20,20],"damage_taken":[{"damage":4.0,"enemies":"Small Slimes","floor":1.0,"turns":4.0},{"damage":0.0,"enemies":"2 Louse","floor":3.0,"turns":3.0},{"damage":0.0,"enemies":"Jaw Worm","floor":7.0,"turns":4.0},{"damage":9.0,"enemies":"2 Fungi Beasts","floor":10.0,"turns":4.0},{"damage":1.0,"enemies":"3 Louse","floor":11.0,"turns":4.0},{"damage":7.0,"enemies":"Large Slime","floor":12.0,"turns":9.0},{"damage":0.0,"enemies":"2 Fungi Beasts","floor":14.0,"turns":3.0},{"damage":30,"enemies":"Slime Boss","floor":16,"turns":13},{"damage":4,"enemies":"Chosen","floor":18,"turns":5},{"damage":61,"enemies":"Masked Bandits","floor":20,"turns":4}],"seed_played":"-6928935397467738387","potions_obtained":[{"floor":0.0,"key":"GhostInAJar"},{"floor":0.0,"key":"SkillPotion"},{"floor":0.0,"key":"EssenceOfSteel"},{"floor":10.0,"key":"GamblersBrew"},{"floor":11.0,"key":"AttackPotion"}],"is_trial":false,"path_per_floor":["M","?","M","?","?","R","M","R","T","M","M","M","$","M","R","B",null,"M","?","?"],"character_chosen":"THE_SILENT","items_purchased":["Noxious Fumes"],"campfire_rested":0,"item_purchase_floors":[13],"current_hp_per_floor":[59,59,59,59,52,52,52,52,52,43,42,35,35,35,35,5,50,60,60,0],"gold":416,"neow_bonus":"THREE_SMALL_POTIONS","is_prod":false,"is_daily":false,"chose_seed":false,"campfire_upgraded":3,"win_rate":0,"timestamp":1556460094,"path_taken":["M","?","M","?","?","R","M","R","T","?","M","M","$","M","R","BOSS","M","?","?"],"build_version":"2019-01-23","purchased_purges":1,"victory":false,"max_hp_per_floor":[70,70,70,65,65,65,65,65,65,65,65,65,65,65,65,65,65,65,65,65],"card_choices":[{"not_picked":["Predator","Dagger Throw"],"picked":"Cloak And Dagger","floor":1.0},{"not_picked":["Leg Sweep","Poisoned Stab"],"picked":"Deadly Poison","floor":3.0},{"not_picked":["Bane","Cloak And Dagger"],"picked":"Catalyst","floor":7.0},{"not_picked":["Slice","Deflect"],"picked":"Bane","floor":10.0},{"not_picked":["Dash","Bane"],"picked":"Dodge and Roll","floor":11.0},{"not_picked":["Finisher","Prepared"],"picked":"PiercingWail","floor":12.0},{"not_picked":["Riddle With Holes","PiercingWail"],"picked":"Venomology","floor":14.0},{"not_picked":["Malaise","Venomology"],"picked":"Adrenaline","floor":16},{"not_picked":["Slice","Acrobatics","Bane"],"picked":"SKIP","floor":18}],"player_experience":328813,"relics_obtained":[{"floor":9.0,"key":"Potion Belt"}],"event_choices":[{"damage_healed":0.0,"max_hp_gain":0.0,"max_hp_loss":0.0,"gold_gain":0.0,"event_name":"Liars Game","player_choice":"Ignored","floor":2.0,"gold_loss":0.0,"damage_taken":0.0},{"damage_healed":0.0,"max_hp_gain":0.0,"max_hp_loss":5.0,"gold_gain":0.0,"event_name":"Golden Idol","player_choice":"Lose Max HP","floor":4.0,"gold_loss":0.0,"damage_taken":0.0,"relics_obtained":["Golden Idol"]},{"cards_removed":["Strike_G"],"damage_healed":0.0,"max_hp_gain":0.0,"max_hp_loss":0.0,"gold_gain":0.0,"event_name":"Golden Wing","player_choice":"Card Removal","floor":5.0,"gold_loss":0.0,"damage_taken":7.0},{"damage_healed":0,"gold_gain":99,"player_choice":"Stole From Cult","damage_taken":0,"max_hp_gain":0,"max_hp_loss":0,"event_name":"Nest","floor":19,"gold_loss":0},{"damage_healed":0,"gold_gain":0,"player_choice":"Fought Bandits","damage_taken":0,"max_hp_gain":0,"max_hp_loss":0,"event_name":"Masked Bandits","floor":20,"gold_loss":0}],"is_beta":false,"boss_relics":[{"not_picked":["Runic Dome","Lizard Tail"],"picked":"WristBlade"}],"items_purged_floors":[13],"is_endless":false,"potions_floor_spawned":[3,10,11],"killed_by":"Masked Bandits","ascension_level":10}