{"gold_per_floor":[116,116,129,129,142,176,31,66,92,92,106,133,133,149,149,246,246,261,261,278,290,115,115,115,40,40,40,51,65,65,78,78,183,183,202,213,268,61,71,71,71,71,71,71,85,85,118,128,128,128],"floor_reached":51,"playtime":3273,"items_purged":["Strike_B","Defend_B","Darkness"],"score":704,"play_id":"d61367e7-2224-4e5b-a8c5-bb12b6bda40d","local_time":"20181201010141","is_ascension_mode":true,"campfire_choices":[{"floor":10.0,"key":"REST"},{"floor":15,"key":"REST"},{"data":"Redo","floor":27,"key":"SMITH"},{"floor":30,"key":"REST"},{"data":"Lockon","floor":32,"key":"SMITH"},{"floor":40,"key":"REST"},{"floor":42,"key":"REST"},{"data":"Blizzard","floor":46,"key":"SMITH"},{"floor":49,"key":"REST"}],"neow_cost":"NONE","seed_source_timestamp":22975527378795,"circlet_count":0,"master_deck":["Defend_B+1","Defend_B+1","Zap","Dualcast","Go for the Eyes","Coolheaded+1","Redo+1","Biased Cognition","Loop","Conserve Battery","Ball Lightning","Lockon+1","Coolheaded","Electrodynamics","Gash+1","Streamline+1","Hello World","Seek","Cold Snap","Self Repair+1","Cold Snap","Core Surge","Gash+1","Gash","Blizzard+1","Undo+1","Madness","Madness","Stack+1","Undo+1"],"special_seed":0,"relics":["Cracked Core","Anchor","PreservedInsect","Boot","War Paint","Nuclear Battery","Peace Pipe","Orichalcum","Shuriken","Inserter","Ginger","Dead Branch","Bag of Preparation"],"potions_floor_usage":[21,31,36,45,47,50],"damage_taken":[{"damage":0.0,"enemies":"Small Slimes","floor":1.0,"turns":2.0},{"damage":0.0,"enemies":"Cultist","floor":3.0,"turns":3.0},{"damage":0.0,"enemies":"Jaw Worm","floor":5.0,"turns":4.0},{"damage":20.0,"enemies":"Gremlin Nob","floor":6.0,"turns":5.0},{"damage":7.0,"enemies":"Lagavulin","floor":8.0,"turns":7.0},{"damage":0.0,"enemies":"Looter","floor":11.0,"turns":4.0},{"damage":14.0,"enemies":"Gremlin Nob","floor":12.0,"turns":3.0},{"damage":4,"enemies":"Large Slime","floor":14,"turns":3},{"damage":42,"enemies":"Hexaghost","floor":16,"turns":11},{"damage":9,"enemies":"2 Thieves","floor":18,"turns":3},{"damage":0,"enemies":"Chosen","floor":20,"turns":4},{"damage":14,"enemies":"Centurion and Healer","floor":21,"turns":7},{"damage":4,"enemies":"3 Cultists","floor":28,"turns":3},{"damage":13,"enemies":"Shelled Parasite and Fungi","floor":29,"turns":5},{"damage":0,"enemies":"Cultist and Chosen","floor":31,"turns":4},{"damage":42,"enemies":"Automaton","floor":33,"turns":8},{"damage":0,"enemies":"3 Darklings","floor":35,"turns":4},{"damage":3,"enemies":"3 Shapes","floor":36,"turns":3},{"damage":34,"enemies":"2 Orb Walkers","floor":37,"turns":5},{"damage":25,"enemies":"Sphere and 2 Shapes","floor":39,"turns":5},{"damage":12,"enemies":"Transient","floor":45,"turns":5},{"damage":25,"enemies":"Reptomancer","floor":47,"turns":7},{"damage":0,"enemies":"Maw","floor":48,"turns":5},{"damage":12,"enemies":"Donu and Deca","floor":50,"turns":9}],"seed_played":"8778339739607827241","potions_obtained":[{"floor":3.0,"key":"SpeedPotion"},{"floor":5.0,"key":"PowerPotion"},{"floor":12.0,"key":"FearPotion"},{"floor":14,"key":"EssenceOfSteel"},{"floor":16,"key":"Explosive Potion"},{"floor":20,"key":"SkillPotion"},{"floor":29,"key":"AttackPotion"},{"floor":31,"key":"LiquidBronze"},{"floor":35,"key":"EssenceOfSteel"},{"floor":37,"key":"Fire Potion"},{"floor":48,"key":"Energy Potion"}],"is_trial":false,"path_per_floor":["M","?","M","?","M","E","$","E","T","R","M","E","?","M","R","B",null,"M","?","M","M","$","?","?","?","T","R","M","M","R","M","R","B",null,"M","M","?","$","M","R","?","R","T","$","M","R","E","M","R","B",null],"character_chosen":"DEFECT","items_purchased":["Loop","Hello World","Blizzard"],"campfire_rested":6,"item_purchase_floors":[7,22,38],"current_hp_per_floor":[82,66,66,66,66,46,46,39,39,63,63,49,49,45,69,27,82,73,73,73,59,59,59,59,59,59,59,55,42,66,76,76,34,82,82,82,58,58,43,67,57,81,81,81,69,69,54,64,82,80],"gold":128,"neow_bonus":"TEN_PERCENT_HP_BONUS","is_prod":false,"is_daily":false,"chose_seed":false,"campfire_upgraded":3,"win_rate":0,"timestamp":1543615301,"path_taken":["M","?","M","?","M","E","$","E","T","R","M","E","?","M","R","BOSS","M","?","M","?","$","?","?","?","T","R","M","M","R","?","R","BOSS","M","M","?","$","M","R","?","R","T","?","M","R","E","?","R","BOSS"],"build_version":"2018-11-15","purchased_purges":3,"victory":true,"max_hp_per_floor":[82,82,82,82,82,82,82,82,82,82,82,82,82,82,82,82,82,82,82,82,82,82,82,82,82,82,82,82,82,82,82,82,82,82,82,82,82,82,82,82,82,82,82,82,82,82,82,82,82,82],"card_choices":[{"not_picked":["Heatsinks","Turbo"],"picked":"Go for the Eyes","floor":1.0},{"not_picked":["Auto Shields","Chill"],"picked":"Coolheaded","floor":3.0},{"not_picked":["Fusion","Stack"],"picked":"Redo","floor":5.0},{"not_picked":["Recycle","Beam Cell"],"picked":"Biased Cognition","floor":6.0},{"not_picked":["Steam","Double Energy"],"picked":"Conserve Battery","floor":8.0},{"not_picked":["Chill","Rebound"],"picked":"Ball Lightning","floor":11.0},{"not_picked":["Recycle","Auto Shields"],"picked":"Lockon","floor":12.0},{"not_picked":["Rip and Tear","Redo"],"picked":"Coolheaded","floor":14},{"not_picked":["Thunder Strike","Biased Cognition"],"picked":"Electrodynamics","floor":16},{"not_picked":["Aggregate","Hello World","Beam Cell+1"],"picked":"SKIP","floor":18},{"not_picked":["Stack","Barrage"],"picked":"Gash+1","floor":20},{"not_picked":["Turbo+1","Fusion"],"picked":"Streamline+1","floor":21},{"not_picked":["Barrage","Turbo+1"],"picked":"Cold Snap","floor":28},{"not_picked":["Undo","Streamline"],"picked":"Self Repair+1","floor":29},{"not_picked":["Steam","Leap+1"],"picked":"Cold Snap","floor":31},{"not_picked":["Machine Learning","Fission"],"picked":"Core Surge","floor":33},{"not_picked":["Darkness","Sunder+1","Go for the Eyes+1"],"picked":"SKIP","floor":35},{"not_picked":["Conserve Battery+1","Leap"],"picked":"Gash+1","floor":36},{"not_picked":["Conserve Battery","Buffer"],"picked":"Gash","floor":37},{"not_picked":["Static Discharge+1","Darkness+1"],"picked":"Undo+1","floor":39},{"not_picked":["Cold Snap","Blizzard+1"],"picked":"Stack+1","floor":45},{"not_picked":["Steam+1","Chill","Turbo+1"],"picked":"SKIP","floor":47},{"not_picked":["Streamline+1","Reboot"],"picked":"Undo+1","floor":48}],"player_experience":413783,"relics_obtained":[{"floor":6.0,"key":"Anchor"},{"floor":8.0,"key":"PreservedInsect"},{"floor":9.0,"key":"Boot"},{"floor":12.0,"key":"War Paint"},{"floor":26,"key":"Shuriken"},{"floor":37,"key":"Ginger"},{"floor":43,"key":"Dead Branch"},{"floor":47,"key":"Bag of Preparation"}],"event_choices":[{"damage_healed":0.0,"max_hp_gain":0.0,"max_hp_loss":0.0,"gold_gain":0.0,"event_name":"Shining Light","player_choice":"Entered Light","floor":2.0,"gold_loss":0.0,"damage_taken":16.0,"cards_upgraded":["Strike_B","Defend_B"]},{"damage_healed":0.0,"max_hp_gain":0.0,"max_hp_loss":0.0,"gold_gain":0.0,"event_name":"Liars Game","player_choice":"Ignored","floor":4.0,"gold_loss":0.0,"damage_taken":0.0},{"cards_removed":["Strike_B"],"damage_healed":0,"gold_gain":0,"player_choice":"Forget","damage_taken":0,"max_hp_gain":0,"max_hp_loss":0,"event_name":"Living Wall","floor":13,"gold_loss":0},{"damage_healed":0,"gold_gain":0,"player_choice":"Gave Potion","damage_taken":0,"relics_obtained":["Peace Pipe"],"max_hp_gain":0,"max_hp_loss":0,"event_name":"WeMeetAgain","floor":19,"gold_loss":0},{"damage_healed":0,"gold_gain":0,"cards_transformed":["Strike_B","Defend_B"],"player_choice":"Became Test Subject","damage_taken":0,"max_hp_gain":0,"max_hp_loss":0,"event_name":"Drug Dealer","floor":23,"gold_loss":0,"cards_obtained":["Seek","Darkness"]},{"damage_healed":0,"gold_gain":0,"player_choice":"Opened","damage_taken":0,"relics_obtained":["Orichalcum"],"max_hp_gain":0,"max_hp_loss":0,"event_name":"The Mausoleum","floor":24,"gold_loss":0},{"cards_removed":["Strike_B"],"damage_healed":0,"gold_gain":0,"player_choice":"Gave Gold","damage_taken":0,"max_hp_gain":0,"max_hp_loss":0,"event_name":"Beggar","floor":25,"gold_loss":75},{"damage_healed":0,"gold_gain":0,"player_choice":"Fight","damage_taken":0,"max_hp_gain":0,"max_hp_loss":0,"event_name":"Mysterious Sphere","floor":37,"gold_loss":0},{"damage_healed":0,"gold_gain":0,"player_choice":"Embrace Madness","damage_taken":10,"max_hp_gain":0,"max_hp_loss":0,"event_name":"Winding Halls","floor":41,"gold_loss":0,"cards_obtained":["Madness","Madness"]}],"is_beta":false,"boss_relics":[{"not_picked":["Black Star","Busted Crown"],"picked":"Nuclear Battery"},{"not_picked":["FrozenCore","Fusion Hammer"],"picked":"Inserter"}],"items_purged_floors":[7,22,38],"is_endless":false,"potions_floor_spawned":[3,5,12,14,16,20,29,31,35,37,48],"ascension_level":1}