{"gold_per_floor":[117,192,142,156,166,166,182,182,209,253,276,18,18,28,28,126,126,146,165,165,177,177,177,209,225,225,225,256,268,287,300,300,400,400,420,440,457,557,606,606,637,190,269,289,289,289,303,319,319,319,319,319,95,120,120],"floor_reached":55,"playtime":2991,"items_purged":["Defend_R"],"score":1124,"play_id":"5443ddfa-4fee-4d7e-bdd2-39e0f732976f","local_time":"20190424231527","is_ascension_mode":true,"campfire_choices":[{"data":"Pommel Strike","floor":6,"key":"SMITH"},{"data":"Clothesline","floor":8,"key":"SMITH"},{"data":"Apotheosis","floor":13,"key":"SMITH"},{"floor":15,"key":"REST"},{"data":"Demon Form","floor":23,"key":"SMITH"},{"data":"Shrug It Off","floor":27,"key":"SMITH"},{"data":"Shrug It Off","floor":32,"key":"SMITH"},{"data":"Battle Trance","floor":40,"key":"SMITH"},{"floor":45,"key":"RECALL"},{"floor":49,"key":"REST"},{"data":"Rampage","floor":52,"key":"SMITH"}],"neow_cost":"NONE","seed_source_timestamp":503573538153721,"circlet_count":0,"master_deck":["AscendersBane","Defend_R","Defend_R","Defend_R","Bash","Pommel Strike+1","Clothesline+1","Rampage+1","Spot Weakness","Apotheosis+1","Demon Form+1","Battle Trance+1","Bite","Bite","Bite","Bite","Bite","Shrug It Off+1","Shrug It Off+1","Ghostly Armor+1","Shockwave+1","Whirlwind+1","Metallicize"],"relics":["Burning Blood","MawBank","Pen Nib","Velvet Choker","Omamori","Matryoshka","Singing Bowl","Mark of Pain","Ice Cream","StoneCalendar","Bottled Flame","Blood Vial","PreservedInsect","Pantograph","Red Skull"],"potions_floor_usage":[10,16,16,28,39,41,50,50,54,54],"damage_taken":[{"damage":6,"enemies":"Jaw Worm","floor":1,"turns":5},{"damage":2,"enemies":"2 Louse","floor":4,"turns":3},{"damage":8,"enemies":"Small Slimes","floor":5,"turns":4},{"damage":8,"enemies":"Blue Slaver","floor":7,"turns":5},{"damage":32,"enemies":"3 Sentries","floor":10,"turns":7},{"damage":5,"enemies":"2 Fungi Beasts","floor":11,"turns":4},{"damage":19,"enemies":"Exordium Thugs","floor":14,"turns":4},{"damage":28,"enemies":"The Guardian","floor":16,"turns":11},{"damage":13,"enemies":"Spheric Guardian","floor":18,"turns":5},{"damage":0,"enemies":"Chosen","floor":19,"turns":4},{"damage":14,"enemies":"Centurion and Healer","floor":21,"turns":5},{"damage":20,"enemies":"Gremlin Leader","floor":24,"turns":5},{"damage":32,"enemies":"Chosen and Byrds","floor":25,"turns":7},{"damage":59,"enemies":"Book of Stabbing","floor":28,"turns":6},{"damage":15,"enemies":"Snake Plant","floor":29,"turns":4},{"damage":1,"enemies":"Centurion and Healer","floor":30,"turns":5},{"damage":19,"enemies":"Shelled Parasite and Fungi","floor":31,"turns":6},{"damage":21,"enemies":"Champ","floor":33,"turns":10},{"damage":16,"enemies":"3 Shapes","floor":35,"turns":5},{"damage":0,"enemies":"Orb Walker","floor":36,"turns":3},{"damage":29,"enemies":"4 Shapes","floor":37,"turns":6},{"damage":8,"enemies":"Mind Bloom Boss Battle","floor":38,"turns":8},{"damage":39,"enemies":"2 Orb Walkers","floor":39,"turns":5},{"damage":43,"enemies":"Reptomancer","floor":41,"turns":7},{"damage":23,"enemies":"Writhing Mass","floor":44,"turns":7},{"damage":22,"enemies":"3 Darklings","floor":47,"turns":5},{"damage":56,"enemies":"Spire Growth","floor":48,"turns":5},{"damage":54,"enemies":"Time Eater","floor":50,"turns":7},{"damage":76,"enemies":"Shield and Spear","floor":54,"turns":5},{"damage":82,"enemies":"The Heart","floor":55,"turns":3}],"seed_played":"541815489310504882","potions_obtained":[{"floor":4,"key":"Strength Potion"},{"floor":7,"key":"Weak Potion"},{"floor":10,"key":"SkillPotion"},{"floor":18,"key":"Swift Potion"},{"floor":25,"key":"Strength Potion"},{"floor":30,"key":"BloodPotion"},{"floor":36,"key":"Block Potion"},{"floor":39,"key":"BloodPotion"},{"floor":41,"key":"LiquidBronze"}],"is_trial":false,"path_per_floor":["M","?","?","M","M","R","M","R","T","E","M","$","R","M","R","B",null,"M","M","?","M","?","R","E","M","T","R","E","M","M","M","R","B",null,"M","M","M","?","?","R","E","$","T","M","R","?","M","M","R","B",null,"R","$","E","B"],"character_chosen":"IRONCLAD","items_purchased":["Spot Weakness","Apotheosis","Blood Vial","PreservedInsect","Ancient Potion","Metallicize","Fruit Juice","Explosive Potion"],"campfire_rested":2,"item_purchase_floors":[12,12,42,42,42,53,53,53],"current_hp_per_floor":[72,61,61,65,63,63,61,61,61,35,36,36,36,23,47,25,66,59,65,56,56,56,56,56,51,51,51,16,23,50,54,54,62,62,64,66,55,66,49,49,40,40,40,50,50,50,49,19,42,36,68,68,68,11,0],"gold":120,"neow_bonus":"THREE_CARDS","is_prod":false,"is_daily":false,"chose_seed":false,"campfire_upgraded":8,"win_rate":0,"timestamp":1556162127,"path_taken":["M","?","?","M","M","R","M","R","T","E","M","$","R","M","R","BOSS","M","M","?","M","?","R","E","M","T","R","E","M","M","M","R","BOSS","M","M","M","?","?","R","E","$","T","M","R","?","M","M","R","BOSS","R","$","E","BOSS"],"build_version":"2019-01-23","purchased_purges":1,"victory":false,"max_hp_per_floor":[80,80,80,80,80,80,80,80,80,80,80,80,80,80,80,80,80,80,80,56,56,56,56,56,56,56,56,58,58,58,60,60,62,62,64,66,68,68,70,70,72,72,72,74,74,74,76,78,78,78,78,78,78,85,85],"card_choices":[{"not_picked":["Wild Strike","Clash"],"picked":"Thunderclap","floor":0},{"not_picked":["Armaments","Havoc"],"picked":"Pommel Strike","floor":1},{"not_picked":["Clash","Anger","Infernal Blade"],"picked":"SKIP","floor":4},{"not_picked":["Immolate","Flex"],"picked":"Clothesline","floor":5},{"not_picked":["Feel No Pain","Pommel Strike","Fiend Fire"],"picked":"SKIP","floor":7},{"not_picked":["Reckless Charge","Sever Soul","Sword Boomerang"],"picked":"SKIP","floor":10},{"not_picked":["Warcry","Headbutt"],"picked":"Rampage","floor":11},{"not_picked":["Flex","Warcry","Entrench"],"picked":"SKIP","floor":14},{"not_picked":["Limit Break","Bludgeon"],"picked":"Demon Form","floor":16},{"not_picked":["Anger+1","Cleave","Havoc"],"picked":"SKIP","floor":18},{"not_picked":["Body Slam","Rampage"],"picked":"Battle Trance","floor":19},{"not_picked":["Flex","Hemokinesis+1","Warcry"],"picked":"SKIP","floor":21},{"not_picked":["Heavy Blade","Brutality","Anger"],"picked":"SKIP","floor":24},{"not_picked":["Clash","Flex"],"picked":"Shrug It Off","floor":25},{"not_picked":["Perfected Strike","Feel No Pain","Spot Weakness"],"picked":"Singing Bowl","floor":28},{"not_picked":["Iron Wave","Warcry"],"picked":"Ghostly Armor+1","floor":29},{"not_picked":["Uppercut","Heavy Blade"],"picked":"Shockwave+1","floor":30},{"not_picked":["Feel No Pain","Perfected Strike+1","Flex"],"picked":"Singing Bowl","floor":31},{"not_picked":["Demon Form","Exhume","Berserk"],"picked":"Singing Bowl","floor":33},{"not_picked":["Clash+1","Thunderclap","Twin Strike+1"],"picked":"Singing Bowl","floor":35},{"not_picked":["Power Through+1","Infernal Blade","Dual Wield"],"picked":"Singing Bowl","floor":36},{"not_picked":["Reckless Charge+1","Pummel+1","Pommel Strike"],"picked":"Singing Bowl","floor":37},{"not_picked":["Battle Trance","Flex"],"picked":"Whirlwind+1","floor":38},{"not_picked":["Dropkick+1","Heavy Blade","Seeing Red"],"picked":"Singing Bowl","floor":39},{"not_picked":["True Grit+1","Anger+1","Shockwave+1"],"picked":"Singing Bowl","floor":41},{"not_picked":["Warcry+1","Battle Trance","Sword Boomerang+1"],"picked":"Singing Bowl","floor":44},{"not_picked":["Pommel Strike+1","Wild Strike","Cleave+1"],"picked":"Singing Bowl","floor":47},{"not_picked":["Pommel Strike+1","Havoc","Inflame+1"],"picked":"Singing Bowl","floor":48},{"not_picked":["Iron Wave+1","Pommel Strike+1","Heavy Blade+1"],"picked":"Singing Bowl","floor":54}],"player_experience":297496,"relics_obtained":[{"floor":9,"key":"MawBank"},{"floor":10,"key":"Pen Nib"},{"floor":24,"key":"Omamori"},{"floor":26,"key":"Matryoshka"},{"floor":28,"key":"Singing Bowl"},{"floor":38,"key":"Ice Cream"},{"floor":39,"key":"StoneCalendar"},{"floor":41,"key":"Bottled Flame"},{"floor":43,"key":"Pantograph"},{"floor":54,"key":"Red Skull"}],"event_choices":[{"damage_healed":0,"gold_gain":75,"player_choice":"Gather Gold","damage_taken":11,"max_hp_gain":0,"max_hp_loss":0,"event_name":"World of Goop","floor":2,"gold_loss":0},{"cards_removed":["Strike_R"],"damage_healed":0,"gold_gain":0,"player_choice":"Card Removal","damage_taken":0,"max_hp_gain":0,"max_hp_loss":0,"event_name":"The Cleric","floor":3,"gold_loss":50},{"damage_healed":0,"gold_gain":0,"player_choice":"Became a vampire","damage_taken":0,"max_hp_gain":0,"max_hp_loss":24,"event_name":"Vampires","floor":20,"gold_loss":0,"cards_obtained":["Bite","Bite","Bite","Bite","Bite"]},{"damage_healed":0,"gold_gain":0,"player_choice":"Read","damage_taken":0,"max_hp_gain":0,"max_hp_loss":0,"event_name":"The Library","floor":22,"gold_loss":0,"cards_obtained":["Shrug It Off"]},{"damage_healed":0,"gold_gain":0,"player_choice":"Fight","damage_taken":0,"max_hp_gain":0,"max_hp_loss":0,"event_name":"MindBloom","floor":38,"gold_loss":0},{"damage_healed":0,"gold_gain":0,"player_choice":"Fight","damage_taken":0,"max_hp_gain":0,"max_hp_loss":0,"event_name":"Mysterious Sphere","floor":39,"gold_loss":0},{"cards_removed":["Thunderclap"],"damage_healed":0,"gold_gain":0,"player_choice":"Removed Attack","damage_taken":0,"max_hp_gain":0,"max_hp_loss":0,"event_name":"Falling","floor":46,"gold_loss":0}],"is_beta":false,"boss_relics":[{"not_picked":["Black Star","Ectoplasm"],"picked":"Velvet Choker"},{"not_picked":["Astrolabe","Lizard Tail"],"picked":"Mark of Pain"}],"items_purged_floors":[42],"is_endless":false,"potions_floor_spawned":[4,7,10,11,18,25,30,31,33,36,38,39,41],"killed_by":"The Heart","ascension_level":11}