{"gold_per_floor":[116,134,134,134,8,8,28,28,28,72,88,88,112,37,37,37],"floor_reached":16,"playtime":577,"items_purged":[],"score":195,"play_id":"5f206f9c-c113-49fe-a200-691fa7893dc3","local_time":"20190528194106","is_ascension_mode":true,"campfire_choices":[{"data":"Noxious Fumes","floor":6,"key":"SMITH"},{"data":"Neutralize","floor":8,"key":"SMITH"},{"data":"Dodge and Roll","floor":12,"key":"SMITH"},{"floor":15,"key":"REST"}],"neow_cost":"NONE","seed_source_timestamp":1638363141567195,"circlet_count":0,"master_deck":["AscendersBane","Defend_G","Defend_G","Defend_G","Defend_G","Defend_G","Strike_G","Strike_G","Strike_G","Strike_G","Survivor+1","Neutralize+1","Dodge and Roll+1","PiercingWail+1","Noxious Fumes+1","Bouncing Flask","Well Laid Plans"],"relics":["Ring of the Snake","NeowsBlessing","Golden Idol","Question Card","Kunai"],"potions_floor_usage":[10,13,16],"damage_taken":[{"damage":0,"enemies":"Small Slimes","floor":1,"turns":1},{"damage":0,"enemies":"2 Louse","floor":2,"turns":1},{"damage":0,"enemies":"Jaw Worm","floor":7,"turns":1},{"damage":12,"enemies":"3 Sentries","floor":10,"turns":7},{"damage":4,"enemies":"2 Fungi Beasts","floor":11,"turns":4},{"damage":5,"enemies":"Lots of Slimes","floor":13,"turns":4},{"damage":42,"enemies":"Slime Boss","floor":16,"turns":13}],"seed_played":"-6519507934869387352","potions_obtained":[{"floor":7,"key":"SkillPotion"},{"floor":11,"key":"GamblersBrew"},{"floor":13,"key":"Block Potion"}],"is_trial":false,"path_per_floor":["M","M","?","?","$","R","M","R","T","E","M","R","M","?","R","B"],"character_chosen":"THE_SILENT","items_purchased":["Noxious Fumes","Bouncing Flask"],"campfire_rested":1,"item_purchase_floors":[5,5],"current_hp_per_floor":[59,59,39,39,39,39,39,39,39,27,23,23,18,18,36,0],"gold":37,"neow_bonus":"THREE_ENEMY_KILL","is_prod":false,"is_daily":false,"chose_seed":false,"campfire_upgraded":3,"win_rate":0,"timestamp":1559086866,"path_taken":["M","M","?","?","$","R","M","R","T","E","M","R","M","?","R","BOSS"],"build_version":"2019-01-23","purchased_purges":0,"victory":false,"max_hp_per_floor":[66,66,66,60,60,60,60,60,60,60,60,60,60,60,60,60],"card_choices":[{"not_picked":["Dagger Spray","Prepared"],"picked":"Dodge and Roll","floor":1},{"not_picked":["Catalyst","Dagger Spray"],"picked":"PiercingWail","floor":2},{"not_picked":["Slice","Bane","Heel Hook"],"picked":"SKIP","floor":7},{"not_picked":["Flying Knee","Deadly Poison","Poisoned Stab","Flechettes"],"picked":"SKIP","floor":10},{"not_picked":["Outmaneuver","Phantasmal Killer","Slice"],"picked":"Well Laid Plans","floor":11},{"not_picked":["Setup","Cloak And Dagger","Dagger Throw","Slice"],"picked":"SKIP","floor":13}],"player_experience":519281,"relics_obtained":[{"floor":9,"key":"Question Card"},{"floor":10,"key":"Kunai"}],"event_choices":[{"damage_healed":0,"gold_gain":0,"player_choice":"Entered Light","damage_taken":20,"max_hp_gain":0,"max_hp_loss":0,"event_name":"Shining Light","floor":3,"gold_loss":0,"cards_upgraded":["Survivor","PiercingWail"]},{"damage_healed":0,"gold_gain":0,"player_choice":"Lose Max HP","damage_taken":0,"relics_obtained":["Golden Idol"],"max_hp_gain":0,"max_hp_loss":6,"event_name":"Golden Idol","floor":4,"gold_loss":0},{"cards_removed":["Strike_G"],"damage_healed":0,"gold_gain":0,"player_choice":"Card Removal","damage_taken":0,"max_hp_gain":0,"max_hp_loss":0,"event_name":"The Cleric","floor":14,"gold_loss":75}],"is_beta":false,"boss_relics":[],"items_purged_floors":[],"is_endless":false,"potions_floor_spawned":[7,11,13],"killed_by":"Slime Boss","ascension_level":19}