{"gold_per_floor":[114,128,53,65,85,111,111,122,122,122],"floor_reached":10,"playtime":1872,"items_purged":["Strike_G"],"score":70,"play_id":"60954d92-93b7-4f69-8cee-e7f189eeaceb","local_time":"20190607180521","is_ascension_mode":false,"campfire_choices":[{"floor":7,"key":"RECALL"}],"neow_cost":"NONE","seed_source_timestamp":1962778601642900,"circlet_count":0,"master_deck":["Defend_G","Defend_G","Defend_G","Defend_G","Defend_G","Strike_G","Strike_G","Strike_G","Strike_G","Survivor","Neutralize","Well Laid Plans","Dagger Throw","Deadly Poison","Glass Knife","Escape Plan"],"relics":["Ring of the Snake","Regal Pillow","Darkstone Periapt"],"potions_floor_usage":[5,6,10],"damage_taken":[{"damage":9,"enemies":"Jaw Worm","floor":1,"turns":6},{"damage":0,"enemies":"2 Louse","floor":2,"turns":3},{"damage":0,"enemies":"Cultist","floor":4,"turns":4},{"damage":2,"enemies":"Large Slime","floor":5,"turns":5},{"damage":39,"enemies":"Gremlin Nob","floor":6,"turns":5},{"damage":0,"enemies":"Exordium Wildlife","floor":8,"turns":3},{"damage":37,"enemies":"Lagavulin Event","floor":10,"turns":5}],"seed_played":"-6242648758120701834","potions_obtained":[{"floor":1,"key":"GamblersBrew"},{"floor":2,"key":"Energy Potion"},{"floor":4,"key":"Energy Potion"}],"is_trial":false,"path_per_floor":["M","M","$","M","M","E","R","M","T","?"],"character_chosen":"THE_SILENT","items_purchased":[],"campfire_rested":0,"item_purchase_floors":[],"current_hp_per_floor":[61,61,61,61,59,20,20,20,20,0],"gold":122,"neow_bonus":"RANDOM_COMMON_RELIC","is_prod":false,"is_daily":false,"chose_seed":false,"campfire_upgraded":0,"win_rate":0,"timestamp":1559945121,"path_taken":["M","M","$","M","M","E","R","M","T","?"],"build_version":"2019-01-23","purchased_purges":1,"victory":false,"max_hp_per_floor":[70,70,70,70,70,70,70,70,70,70],"card_choices":[{"not_picked":["Dagger Throw","Bane"],"picked":"Well Laid Plans","floor":1},{"not_picked":["Quick Slash","Dodge and Roll"],"picked":"Dagger Throw","floor":2},{"not_picked":["Calculated Gamble","Dodge and Roll"],"picked":"Deadly Poison","floor":4},{"not_picked":["Dodge and Roll","Cloak And Dagger"],"picked":"Glass Knife","floor":5},{"not_picked":["Expertise","Bane","Distraction"],"picked":"SKIP","floor":6},{"not_picked":["Concentrate","Outmaneuver"],"picked":"Escape Plan","floor":8}],"player_experience":1167540,"relics_obtained":[{"floor":6,"key":"Darkstone Periapt"}],"event_choices":[{"damage_healed":0,"gold_gain":0,"player_choice":"Searched \u00271\u0027 times","damage_taken":0,"max_hp_gain":0,"max_hp_loss":0,"event_name":"Dead Adventurer","floor":10,"gold_loss":0}],"is_beta":false,"boss_relics":[],"items_purged_floors":[3],"is_endless":false,"potions_floor_spawned":[1,2,4],"killed_by":"Lagavulin Event","ascension_level":0}