{"gold_per_floor":[114,214,231,306,323,341,341,341,367,175,185,185,185,205,205,307,307,325,310,23,43,61,61,93,110,156,31,31,41,41,67,67,67],"floor_reached":33,"playtime":2582,"items_purged":["Defend_G","Strike_G","Strike_G"],"score":304,"play_id":"56ca02e0-cdac-47fc-859e-48d720935e9a","local_time":"20181018005750","is_ascension_mode":false,"campfire_choices":[{"data":"Poisoned Stab","floor":7,"key":"SMITH"},{"floor":12,"key":"REST"},{"floor":15,"key":"REST"},{"floor":23,"key":"REST"},{"floor":28,"key":"REST"},{"floor":32,"key":"REST"}],"neow_cost":"NONE","seed_source_timestamp":166207106506416,"circlet_count":0,"master_deck":["Defend_G+1","Defend_G","Defend_G+1","Defend_G","Strike_G","Survivor","Neutralize","Poisoned Stab+1","Dagger Throw","Bane","Blur","Footwork","Poisoned Stab","Poisoned Stab","Crippling Poison","Adrenaline","Poisoned Stab","Blade Dance+1","Noxious Fumes","Adrenaline","Leg Sweep","Dodge and Roll","Cloak And Dagger","Heel Hook+1"],"relics":["Ring of the Snake","Oddly Smooth Stone","Black Star","Omamori","Happy Flower","Vajra","Torii","Mummified Hand","Bottled Lightning"],"potions_floor_usage":[19,22,24,33,33,33],"damage_taken":[{"damage":4,"enemies":"Jaw Worm","floor":1,"turns":7},{"damage":1,"enemies":"Cultist","floor":3,"turns":3},{"damage":0,"enemies":"Small Slimes","floor":5,"turns":4},{"damage":10,"enemies":"Exordium Thugs","floor":6,"turns":5},{"damage":7,"enemies":"Exordium Wildlife","floor":11,"turns":6},{"damage":3,"enemies":"Large Slime","floor":14,"turns":4},{"damage":15,"enemies":"Hexaghost","floor":16,"turns":9},{"damage":0,"enemies":"Chosen","floor":18,"turns":5},{"damage":20,"enemies":"2 Thieves","floor":19,"turns":4},{"damage":21,"enemies":"Centurion and Healer","floor":21,"turns":6},{"damage":0,"enemies":"Snecko","floor":22,"turns":5},{"damage":8,"enemies":"Book of Stabbing","floor":24,"turns":9},{"damage":14,"enemies":"Shelled Parasite and Fungi","floor":25,"turns":7},{"damage":2,"enemies":"Snake Plant","floor":29,"turns":5},{"damage":17,"enemies":"Slavers","floor":31,"turns":7},{"damage":68,"enemies":"Champ","floor":33,"turns":14}],"seed_played":"758221719190865477","potions_obtained":[{"floor":1,"key":"Ancient Potion"},{"floor":3,"key":"Dexterity Potion"},{"floor":16,"key":"LiquidBronze"},{"floor":22,"key":"FearPotion"},{"floor":25,"key":"Poison Potion"},{"floor":31,"key":"SteroidPotion"}],"is_trial":false,"path_per_floor":["M","?","M","?","M","M","R","?","T","$","M","R","?","M","R","B",null,"M","M","$","M","M","R","E","M","T","$","R","M","?","E","R"],"character_chosen":"THE_SILENT","items_purchased":["Footwork","Poisoned Stab","Noxious Fumes","Adrenaline"],"campfire_rested":5,"item_purchase_floors":[10,10,20,20],"current_hp_per_floor":[66,66,65,58,58,48,48,34,34,34,27,48,48,45,66,51,70,70,50,50,29,29,50,42,28,28,28,49,47,47,30,51,0],"gold":67,"neow_bonus":"REMOVE_CARD","is_prod":false,"is_daily":false,"chose_seed":false,"campfire_upgraded":1,"win_rate":0,"timestamp":1539813470,"path_taken":["M","?","M","?","M","M","R","?","T","$","M","R","?","M","R","BOSS","M","M","$","M","M","R","E","M","T","$","R","M","?","E","R","BOSS"],"build_version":"2018-10-11","purchased_purges":3,"victory":false,"max_hp_per_floor":[70,70,70,70,70,70,70,70,70,70,70,70,70,70,70,70,70,70,70,70,70,70,70,70,70,70,70,70,70,70,70,70,70],"card_choices":[{"not_picked":["Escape Plan","Reflex"],"picked":"Poisoned Stab","floor":1},{"not_picked":["Calculated Gamble","Flying Knee"],"picked":"Dagger Throw","floor":3},{"not_picked":["Calculated Gamble","Dodge and Roll"],"picked":"Bane","floor":5},{"not_picked":["Outmaneuver","Well Laid Plans"],"picked":"Blur","floor":6},{"not_picked":["Dash","Dagger Spray"],"picked":"Poisoned Stab","floor":11},{"not_picked":["Sucker Punch","Tactician"],"picked":"Crippling Poison","floor":14},{"not_picked":["Unload","Malaise"],"picked":"Adrenaline","floor":16},{"not_picked":["Flying Knee","Backstab"],"picked":"Poisoned Stab","floor":18},{"not_picked":["Slice","Choke+1"],"picked":"Blade Dance+1","floor":19},{"not_picked":["Acrobatics","Reflex","Quick Slash"],"picked":"SKIP","floor":21},{"not_picked":["Well Laid Plans","Choke"],"picked":"Leg Sweep","floor":22},{"not_picked":["Poisoned Stab","Choke"],"picked":"Dodge and Roll","floor":24},{"not_picked":["Sucker Punch","Acrobatics","Dagger Spray"],"picked":"SKIP","floor":25},{"not_picked":["Dagger Throw+1","Choke"],"picked":"Cloak And Dagger","floor":29},{"not_picked":["Dagger Throw","Unload"],"picked":"Heel Hook+1","floor":31}],"player_experience":144245,"relics_obtained":[{"floor":9,"key":"Oddly Smooth Stone"},{"floor":24,"key":"Omamori"},{"floor":24,"key":"Happy Flower"},{"floor":26,"key":"Vajra"},{"floor":31,"key":"Mummified Hand"},{"floor":31,"key":"Bottled Lightning"}],"event_choices":[{"event_name":"Wheel of Change","player_choice":"Gold","floor":2,"damage_taken":0},{"event_name":"FaceTrader","player_choice":"Touch","floor":4,"damage_taken":0},{"event_name":"Shining Light","player_choice":"Entered Light","floor":8,"damage_taken":0},{"event_name":"Living Wall","player_choice":"Forget","floor":13,"damage_taken":0},{"event_name":"The Mausoleum","player_choice":"Yes","floor":30,"damage_taken":0}],"is_beta":false,"boss_relics":[{"not_picked":["Tiny House","Runic Pyramid"],"picked":"Black Star"}],"items_purged_floors":[10,20,27],"is_endless":false,"potions_floor_spawned":[1,3,16,22,25,31],"killed_by":"Champ","ascension_level":0}