{"gold_per_floor":[113,123,138,138,138,138,172,172,199,199],"floor_reached":10,"playtime":301,"items_purged":[],"score":76,"play_id":"01cf5429-17ed-4175-93f0-59022b93bf45","local_time":"20190415215414","is_ascension_mode":true,"campfire_choices":[{"data":"Bash","floor":6,"key":"SMITH"},{"data":"Warcry","floor":8,"key":"SMITH"}],"neow_cost":"NONE","seed_source_timestamp":172258654825662,"circlet_count":0,"master_deck":["Strike_R","Strike_R","Strike_R","Strike_R","Defend_R","Defend_R","Defend_R","Bash+1","Sentinel","Dropkick","Warcry+1"],"relics":["Burning Blood","Dream Catcher","Strawberry"],"potions_floor_usage":[7,10],"damage_taken":[{"damage":21,"enemies":"Jaw Worm","floor":1,"turns":7},{"damage":7,"enemies":"Small Slimes","floor":2,"turns":3},{"damage":1,"enemies":"Cultist","floor":3,"turns":3},{"damage":24,"enemies":"Gremlin Nob","floor":7,"turns":4},{"damage":69,"enemies":"Lagavulin","floor":10,"turns":9}],"seed_played":"7109888017635947893","potions_obtained":[{"floor":1,"key":"Explosive Potion"},{"floor":2,"key":"SpeedPotion"},{"floor":3,"key":"Energy Potion"}],"is_trial":false,"path_per_floor":["M","M","M","?","?","R","E","R","T","E"],"character_chosen":"IRONCLAD","items_purchased":[],"campfire_rested":0,"item_purchase_floors":[],"current_hp_per_floor":[65,64,69,62,67,67,49,49,56,0],"gold":199,"neow_bonus":"TRANSFORM_CARD","is_prod":false,"is_daily":false,"chose_seed":false,"campfire_upgraded":2,"win_rate":0,"timestamp":1555379654,"path_taken":["M","M","M","?","?","R","E","R","T","E"],"build_version":"2019-01-23","purchased_purges":0,"victory":false,"max_hp_per_floor":[80,80,80,80,85,85,85,85,92,92],"card_choices":[{"not_picked":["Reckless Charge","Anger"],"picked":"Dropkick","floor":1},{"not_picked":["Headbutt","Thunderclap","Sentinel"],"picked":"SKIP","floor":2},{"not_picked":["Cleave","Flex"],"picked":"Warcry","floor":3},{"not_picked":["Iron Wave","Twin Strike","Shrug It Off"],"picked":"SKIP","floor":7}],"player_experience":154972,"relics_obtained":[{"floor":7,"key":"Dream Catcher"},{"floor":9,"key":"Strawberry"}],"event_choices":[{"cards_removed":["Defend_R"],"damage_healed":0,"gold_gain":0,"player_choice":"Card Removal","damage_taken":7,"max_hp_gain":0,"max_hp_loss":0,"event_name":"Golden Wing","floor":4,"gold_loss":0},{"damage_healed":0,"gold_gain":0,"player_choice":"Donut","damage_taken":0,"max_hp_gain":5,"max_hp_loss":0,"event_name":"Big Fish","floor":5,"gold_loss":0}],"is_beta":false,"boss_relics":[],"items_purged_floors":[],"is_endless":false,"potions_floor_spawned":[1,2,3],"killed_by":"Lagavulin","ascension_level":3}