{"gold_per_floor":[110,110,110,11,28,28,28,28,28,38,52,115,131,165,165,263,263,273,283,129,144,164,164,164,164,187,23,42,42,55,67,67,170,170,184,184,184,201,0,20,31,62,62,62],"floor_reached":44,"playtime":4413,"items_purged":["Regret","Strike_G","Strike_G"],"score":517,"play_id":"f55bcc75-1f58-4399-bb30-8ba51e8034ea","local_time":"20190609030115","is_ascension_mode":false,"campfire_choices":[{"data":"Accuracy","floor":6,"key":"SMITH"},{"data":"Infinite Blades","floor":15,"key":"SMITH"},{"floor":23,"key":"REST"},{"data":"Well Laid Plans","floor":25,"key":"SMITH"},{"data":"Infinite Blades","floor":29,"key":"SMITH"},{"data":"Infinite Blades","floor":32,"key":"SMITH"}],"neow_cost":"NONE","seed_source_timestamp":15309872764748,"circlet_count":0,"master_deck":["Defend_G+1","Defend_G","Defend_G","Defend_G","Defend_G","Strike_G","Strike_G","Survivor+1","Neutralize","Accuracy+1","Dagger Spray","Sucker Punch","Blade Dance+1","Prepared+1","Dagger Throw","Infinite Blades+1","Expertise+1","Burst+1","Skewer","Terror+1","Cloak And Dagger+1","Well Laid Plans+1","Cloak And Dagger+1","Infinite Blades+1","Blade Dance+1","Escape Plan+1","Infinite Blades+1","Finisher+1","Prepared+1","Adrenaline+1","Terror+1","Choke","Cloak And Dagger+1","Deflect+1","Masterful Stab","Deflect+1","Blind+1","A Thousand Cuts","Accuracy","Infinite Blades","PiercingWail+1","Dash"],"relics":["Ring of the Snake","FossilizedHelix","Toxic Egg 2","Letter Opener","Question Card","Strawberry","Eternal Feather","Regal Pillow","Orrery","Lantern","Boot"],"potions_floor_usage":[31,33,41,41,42],"damage_taken":[{"damage":2,"enemies":"Jaw Worm","floor":1,"turns":5},{"damage":0,"enemies":"Small Slimes","floor":5,"turns":4},{"damage":0,"enemies":"2 Louse","floor":10,"turns":4},{"damage":0,"enemies":"Looter","floor":11,"turns":2},{"damage":13,"enemies":"Gremlin Nob","floor":12,"turns":5},{"damage":0,"enemies":"3 Louse","floor":13,"turns":2},{"damage":0,"enemies":"Gremlin Nob","floor":14,"turns":4},{"damage":44,"enemies":"The Guardian","floor":16,"turns":10},{"damage":12,"enemies":"Spheric Guardian","floor":18,"turns":5},{"damage":14,"enemies":"3 Byrds","floor":19,"turns":6},{"damage":20,"enemies":"Centurion and Healer","floor":21,"turns":3},{"damage":12,"enemies":"3 Cultists","floor":22,"turns":5},{"damage":13,"enemies":"Sentry and Sphere","floor":28,"turns":4},{"damage":9,"enemies":"Chosen and Byrds","floor":30,"turns":4},{"damage":2,"enemies":"Centurion and Healer","floor":31,"turns":5},{"damage":69,"enemies":"Automaton","floor":33,"turns":8},{"damage":1,"enemies":"Orb Walker","floor":35,"turns":3},{"damage":14,"enemies":"3 Shapes","floor":38,"turns":3},{"damage":5,"enemies":"Spire Growth","floor":40,"turns":4},{"damage":30,"enemies":"4 Shapes","floor":41,"turns":4},{"damage":45,"enemies":"Reptomancer","floor":42,"turns":6},{"damage":2,"enemies":"Nemesis","floor":44,"turns":4}],"seed_played":"-5286596966800674230","potions_obtained":[{"floor":1,"key":"Swift Potion"},{"floor":11,"key":"FairyPotion"},{"floor":13,"key":"SpeedPotion"},{"floor":22,"key":"GhostInAJar"},{"floor":24,"key":"EntropicBrew"},{"floor":24,"key":"SpeedPotion"}],"is_trial":false,"path_per_floor":["M","?","?","$","M","R","T","$","T","M","M","?","M","E","R","B",null,"M","M","$","M","M","R","?","R","T","$","M","R","M","M","R","B",null,"M","?","?","M","$","M","M","E","T","E"],"character_chosen":"THE_SILENT","items_purchased":["Dagger Spray","Cloak And Dagger+1","Infinite Blades","Blade Dance+1","Escape Plan+1","Accuracy"],"campfire_rested":1,"item_purchase_floors":[4,20,27,27,27,39],"current_hp_per_floor":[75,75,60,60,60,60,60,60,60,60,60,47,47,54,54,10,84,72,58,58,38,26,66,66,81,81,81,68,83,74,72,84,15,84,83,83,83,69,69,64,46,1,1,0],"gold":62,"neow_bonus":"TEN_PERCENT_HP_BONUS","is_prod":false,"is_daily":false,"chose_seed":false,"campfire_upgraded":5,"win_rate":0.0,"timestamp":1560067275,"path_taken":["M","?","?","$","M","R","?","?","T","M","M","?","?","E","R","BOSS","M","M","$","M","M","R","?","R","T","$","M","R","M","M","R","BOSS","M","?","?","M","$","M","M","E","T","E"],"build_version":"2019-01-23","purchased_purges":3,"victory":false,"max_hp_per_floor":[77,77,77,77,77,77,77,77,77,77,77,77,77,84,84,84,84,84,84,84,84,84,84,84,84,84,84,84,84,84,84,84,84,84,84,84,84,84,84,84,84,84,84,84],"card_choices":[{"not_picked":["All Out Attack","Choke"],"picked":"Accuracy","floor":1},{"not_picked":["Acrobatics","Heel Hook"],"picked":"Sucker Punch","floor":5},{"not_picked":["Heel Hook","Flechettes"],"picked":"Blade Dance+1","floor":10},{"not_picked":["PiercingWail+1","Underhanded Strike"],"picked":"Prepared+1","floor":11},{"not_picked":["Tools of the Trade","Acrobatics+1"],"picked":"Dagger Throw","floor":12},{"not_picked":["Choke","Predator","All Out Attack"],"picked":"Infinite Blades","floor":13},{"not_picked":["Underhanded Strike","Deadly Poison+1","PiercingWail+1"],"picked":"Expertise+1","floor":14},{"not_picked":["Venomology+1","A Thousand Cuts","Night Terror+1"],"picked":"Burst+1","floor":16},{"not_picked":["Crippling Poison+1","Noxious Fumes","Bane"],"picked":"Skewer","floor":18},{"not_picked":["Footwork+1","Outmaneuver+1","Slice+1"],"picked":"Terror+1","floor":19},{"not_picked":["Backflip+1","Poisoned Stab","Dash"],"picked":"Well Laid Plans","floor":21},{"not_picked":["Outmaneuver+1","Backstab","Blade Dance+1"],"picked":"Cloak And Dagger+1","floor":22},{"not_picked":["Flying Knee","Bane","Dash"],"picked":"Infinite Blades","floor":28},{"not_picked":["Underhanded Strike","Infinite Blades","Well Laid Plans"],"picked":"Finisher+1","floor":30},{"not_picked":["Eviscerate","Skewer","Choke+1"],"picked":"Prepared+1","floor":31},{"not_picked":["Glass Knife","Night Terror+1","Wraith Form v2"],"picked":"Adrenaline+1","floor":33},{"not_picked":["Reflex+1","Slice+1","Dagger Throw"],"picked":"Terror+1","floor":34},{"not_picked":["Crippling Poison+1","Quick Slash","Sucker Punch"],"picked":"Choke","floor":34},{"not_picked":["Terror+1","Tools of the Trade","Blade Dance+1"],"picked":"Cloak And Dagger+1","floor":34},{"not_picked":["Catalyst+1","Deadly Poison+1","Dodge and Roll+1"],"picked":"Deflect+1","floor":34},{"not_picked":["Dagger Spray","Deadly Poison+1","Predator"],"picked":"Masterful Stab","floor":34},{"not_picked":["Underhanded Strike","Footwork","Poisoned Stab"],"picked":"Deflect+1","floor":35},{"not_picked":["Purity+1","Impatience+1","Forethought+1"],"picked":"Blind+1","floor":36},{"not_picked":["Expertise+1","Catalyst+1","Underhanded Strike+1"],"picked":"A Thousand Cuts","floor":38},{"not_picked":["Dodge and Roll+1","Calculated Gamble+1","Deadly Poison+1"],"picked":"Infinite Blades","floor":40},{"not_picked":["Noxious Fumes","Quick Slash+1","Footwork"],"picked":"PiercingWail+1","floor":41},{"not_picked":["Flying Knee+1","Well Laid Plans","Poisoned Stab"],"picked":"Dash","floor":42}],"player_experience":59829,"relics_obtained":[{"floor":7,"key":"Toxic Egg 2"},{"floor":9,"key":"Letter Opener"},{"floor":12,"key":"Question Card"},{"floor":14,"key":"Strawberry"},{"floor":26,"key":"Regal Pillow"},{"floor":42,"key":"Lantern"},{"floor":43,"key":"Boot"}],"event_choices":[{"damage_healed":0,"gold_gain":0,"player_choice":"Box","damage_taken":0,"relics_obtained":["FossilizedHelix"],"max_hp_gain":0,"max_hp_loss":0,"event_name":"Big Fish","floor":2,"gold_loss":0,"cards_obtained":["Regret"]},{"damage_healed":0,"gold_gain":0,"player_choice":"Entered Light","damage_taken":15,"max_hp_gain":0,"max_hp_loss":0,"event_name":"Shining Light","floor":3,"gold_loss":0,"cards_upgraded":["Survivor","Defend_G"]},{"damage_healed":0,"gold_gain":0,"player_choice":"Searched \u00272\u0027 times","damage_taken":0,"max_hp_gain":0,"max_hp_loss":0,"event_name":"Dead Adventurer","floor":12,"gold_loss":0},{"damage_healed":0,"gold_gain":0,"player_choice":"Got Potions","damage_taken":0,"max_hp_gain":0,"max_hp_loss":0,"event_name":"Lab","floor":24,"gold_loss":0},{"damage_healed":0,"gold_gain":0,"player_choice":"Memory 1","damage_taken":0,"max_hp_gain":0,"max_hp_loss":0,"event_name":"SensoryStone","floor":36,"gold_loss":0},{"cards_removed":["Strike_G"],"damage_healed":0,"gold_gain":0,"player_choice":"Removed Attack","damage_taken":0,"max_hp_gain":0,"max_hp_loss":0,"event_name":"Falling","floor":37,"gold_loss":0}],"is_beta":false,"boss_relics":[{"not_picked":["Runic Pyramid","Coffee Dripper"],"picked":"Eternal Feather"},{"not_picked":["Runic Dome","Snecko Eye"],"picked":"Orrery"}],"items_purged_floors":[4,20,39],"is_endless":false,"potions_floor_spawned":[1,11,13,16,21,22,40],"killed_by":"Nemesis","ascension_level":0}