{"gold_per_floor":[118,118,193,67,80,111,111,186,186,213,233,233,244,254,254,327,327,308,320,336,10,0,0,0,16,16,30,30,30,30,43,43,43],"floor_reached":33,"playtime":1528,"items_purged":["Strike_G"],"score":465,"play_id":"c4883d5d-e6f0-4a71-9a0a-0102bec37f2b","local_time":"20190512193317","is_ascension_mode":true,"campfire_choices":[{"floor":12,"key":"REST"},{"floor":15,"key":"REST"},{"data":"Noxious Fumes","floor":23,"key":"SMITH"},{"floor":28,"key":"REST"},{"data":"Footwork","floor":32,"key":"SMITH"}],"neow_cost":"NONE","seed_source_timestamp":979205999187144,"circlet_count":0,"master_deck":["AscendersBane","Defend_G","Defend_G","Defend_G","Defend_G","Defend_G","Strike_G","Survivor","Neutralize","Noxious Fumes+1","Dodge and Roll","Bane","Backflip","Malaise+1","PiercingWail","Die Die Die","Footwork+1","Slice"],"relics":["Ring of the Snake","NeowsBlessing","Blood Vial","Sundial","Kunai","Incense Burner","Philosopher\u0027s Stone","Mummified Hand","Ornamental Fan","Dream Catcher"],"potions_floor_usage":[10,11,14,16,27],"damage_taken":[{"damage":0,"enemies":"Small Slimes","floor":1,"turns":1},{"damage":0,"enemies":"2 Louse","floor":5,"turns":1},{"damage":0,"enemies":"3 Sentries","floor":6,"turns":1},{"damage":43,"enemies":"Gremlin Nob","floor":10,"turns":6},{"damage":2,"enemies":"Jaw Worm","floor":11,"turns":4},{"damage":0,"enemies":"Exordium Wildlife","floor":13,"turns":4},{"damage":0,"enemies":"3 Louse","floor":14,"turns":5},{"damage":39,"enemies":"Slime Boss","floor":16,"turns":16},{"damage":2,"enemies":"2 Thieves","floor":18,"turns":5},{"damage":5,"enemies":"Spheric Guardian","floor":19,"turns":7},{"damage":12,"enemies":"Centurion and Healer","floor":20,"turns":14},{"damage":17,"enemies":"Sentry and Sphere","floor":25,"turns":7},{"damage":0,"enemies":"3 Cultists","floor":27,"turns":6},{"damage":13,"enemies":"Centurion and Healer","floor":31,"turns":9},{"damage":45,"enemies":"Champ","floor":33,"turns":20}],"seed_played":"1442194535645719442","potions_obtained":[{"floor":1,"key":"Energy Potion"},{"floor":10,"key":"EntropicBrew"},{"floor":18,"key":"Energy Potion"},{"floor":20,"key":"Explosive Potion"}],"is_trial":false,"path_per_floor":["M","?","?","$","M","E","T","?","T","E","M","R","M","M","R","B",null,"M","M","M","$","?","R","?","M","T","M","R","?","?","M","R","B"],"character_chosen":"THE_SILENT","items_purchased":["Noxious Fumes","Dodge and Roll","Mummified Hand"],"campfire_rested":3,"item_purchase_floors":[4,4,21],"current_hp_per_floor":[63,63,52,52,52,52,52,45,45,4,4,25,27,29,50,13,56,56,53,43,43,43,43,43,28,28,30,51,51,51,40,40,0],"gold":43,"neow_bonus":"THREE_ENEMY_KILL","is_prod":false,"is_daily":false,"chose_seed":false,"campfire_upgraded":2,"win_rate":0,"timestamp":1557703997,"path_taken":["M","?","?","$","?","E","?","?","T","E","M","R","?","M","R","BOSS","M","M","M","$","?","R","?","M","T","?","R","?","?","M","R","BOSS"],"build_version":"2019-01-23","purchased_purges":1,"victory":false,"max_hp_per_floor":[70,70,70,70,70,70,70,70,70,70,70,70,70,70,70,70,70,70,70,70,70,70,70,70,70,70,70,70,70,70,70,70,70],"card_choices":[{"not_picked":["Tactician","Acrobatics","Prepared"],"picked":"SKIP","floor":1},{"not_picked":["Prepared","Outmaneuver","Dagger Spray"],"picked":"SKIP","floor":5},{"not_picked":["Endless Agony","Poisoned Stab"],"picked":"Bane","floor":6},{"not_picked":["Burst","Well Laid Plans"],"picked":"Backflip","floor":10},{"not_picked":["Bane","Quick Slash","Cloak And Dagger"],"picked":"SKIP","floor":11},{"not_picked":["Outmaneuver","Blade Dance","Dagger Spray"],"picked":"SKIP","floor":13},{"not_picked":["Underhanded Strike","Sucker Punch","Infinite Blades"],"picked":"SKIP","floor":14},{"not_picked":["A Thousand Cuts","Burst"],"picked":"Malaise","floor":16},{"not_picked":["Outmaneuver","Dagger Spray","Deadly Poison"],"picked":"SKIP","floor":18},{"not_picked":["Prepared","Cloak And Dagger"],"picked":"PiercingWail","floor":19},{"not_picked":["Poisoned Stab+1","Distraction","Acrobatics"],"picked":"SKIP","floor":20},{"not_picked":["All Out Attack","Choke"],"picked":"Die Die Die","floor":25},{"not_picked":["Dagger Spray","Terror","Blade Dance+1"],"picked":"SKIP","floor":27},{"not_picked":["Poisoned Stab","Outmaneuver","Slice"],"picked":"SKIP","floor":31}],"player_experience":421531,"relics_obtained":[{"floor":6,"key":"Blood Vial"},{"floor":7,"key":"Sundial"},{"floor":9,"key":"Kunai"},{"floor":10,"key":"Incense Burner"},{"floor":26,"key":"Ornamental Fan"}],"event_choices":[{"cards_removed":["Strike_G"],"damage_healed":0,"gold_gain":0,"player_choice":"Forget","damage_taken":0,"max_hp_gain":0,"max_hp_loss":0,"event_name":"Living Wall","floor":2,"gold_loss":0},{"damage_healed":0,"gold_gain":75,"player_choice":"Gather Gold","damage_taken":11,"max_hp_gain":0,"max_hp_loss":0,"event_name":"World of Goop","floor":3,"gold_loss":0},{"damage_healed":0,"gold_gain":75,"player_choice":"Touch","damage_taken":7,"max_hp_gain":0,"max_hp_loss":0,"event_name":"FaceTrader","floor":8,"gold_loss":0},{"damage_healed":0,"gold_gain":0,"player_choice":"Paid Fearfully","damage_taken":0,"max_hp_gain":0,"max_hp_loss":0,"event_name":"Masked Bandits","floor":22,"gold_loss":10},{"damage_healed":0,"gold_gain":0,"player_choice":"Upgraded","damage_taken":0,"max_hp_gain":0,"max_hp_loss":0,"event_name":"Upgrade Shrine","floor":24,"gold_loss":0,"cards_upgraded":["Malaise"]},{"damage_healed":0,"gold_gain":0,"cards_transformed":["Strike_G","Strike_G"],"player_choice":"Became Test Subject","damage_taken":0,"max_hp_gain":0,"max_hp_loss":0,"event_name":"Drug Dealer","floor":29,"gold_loss":0,"cards_obtained":["Footwork","Slice"]},{"damage_healed":0,"gold_gain":0,"player_choice":"Gave Potion","damage_taken":0,"relics_obtained":["Dream Catcher"],"max_hp_gain":0,"max_hp_loss":0,"event_name":"WeMeetAgain","floor":30,"gold_loss":0}],"is_beta":false,"boss_relics":[{"not_picked":["Tiny House","WristBlade"],"picked":"Philosopher\u0027s Stone"}],"items_purged_floors":[21],"is_endless":false,"potions_floor_spawned":[1,10,13,18,20,25],"killed_by":"Champ","ascension_level":13}