{"gold_per_floor":[111,130,55,70,87,117,117,67,93,93,109,109],"floor_reached":12,"playtime":651,"items_purged":["Strike_B","Defend_B"],"score":104,"play_id":"95891d8c-7c6e-4f41-b80c-d706c0c0418d","local_time":"20190513162309","is_ascension_mode":true,"campfire_choices":[{"data":"Zap","floor":7,"key":"SMITH"},{"data":"Go for the Eyes","floor":10,"key":"SMITH"}],"neow_cost":"NONE","seed_source_timestamp":828288726267241,"circlet_count":0,"master_deck":["Strike_B","Strike_B","Strike_B","Defend_B","Defend_B","Defend_B","Zap+1","Dualcast","Go for the Eyes+1","Compile Driver","Turbo","Double Energy","Gash"],"relics":["Cracked Core","Smiling Mask","Happy Flower"],"potions_floor_usage":[],"damage_taken":[{"damage":1,"enemies":"Cultist","floor":1,"turns":3},{"damage":3,"enemies":"2 Louse","floor":2,"turns":2},{"damage":2,"enemies":"Small Slimes","floor":4,"turns":3},{"damage":6,"enemies":"Looter","floor":5,"turns":3},{"damage":27,"enemies":"Lagavulin","floor":6,"turns":8},{"damage":10,"enemies":"2 Fungi Beasts","floor":11,"turns":3},{"damage":30,"enemies":"3 Sentries","floor":12,"turns":4}],"seed_played":"2873429312264459681","potions_obtained":[{"floor":6,"key":"Ancient Potion"},{"floor":11,"key":"LiquidBronze"}],"is_trial":false,"path_per_floor":["M","M","$","M","M","E","R","$","T","R","M","E"],"character_chosen":"DEFECT","items_purchased":[],"campfire_rested":0,"item_purchase_floors":[],"current_hp_per_floor":[74,71,71,69,63,36,36,36,36,36,26,0],"gold":109,"neow_bonus":"TEN_PERCENT_HP_BONUS","is_prod":false,"is_daily":false,"chose_seed":false,"campfire_upgraded":2,"win_rate":0,"timestamp":1557786189,"path_taken":["M","M","$","?","M","E","R","$","T","R","M","E"],"build_version":"2019-01-23","purchased_purges":2,"victory":false,"max_hp_per_floor":[82,82,82,82,82,82,82,82,82,82,82,82],"card_choices":[{"not_picked":["Streamline","Genetic Algorithm"],"picked":"Go for the Eyes","floor":1},{"not_picked":["Leap","Hologram"],"picked":"Compile Driver","floor":2},{"not_picked":["Leap","BootSequence"],"picked":"Turbo","floor":4},{"not_picked":["Sweeping Beam","Coolheaded"],"picked":"Double Energy","floor":5},{"not_picked":["Darkness","Tempest"],"picked":"Gash","floor":6},{"not_picked":["Hologram","Aggregate","Rebound"],"picked":"SKIP","floor":11}],"player_experience":322484,"relics_obtained":[{"floor":6,"key":"Smiling Mask"},{"floor":9,"key":"Happy Flower"}],"event_choices":[],"is_beta":false,"boss_relics":[],"items_purged_floors":[3,8],"is_endless":false,"potions_floor_spawned":[6,11],"killed_by":"3 Sentries","ascension_level":6}