{"gold_per_floor":[111,131,206,23,61,61,74,74,74,74,90,117,134,150,150,150],"floor_reached":16,"playtime":1637,"items_purged":[],"score":104,"play_id":"534f2dcd-d85e-4932-b7c3-2d9bef1538db","local_time":"20190314195505","is_ascension_mode":false,"campfire_choices":[{"floor":8,"key":"REST"},{"floor":15,"key":"REST"}],"neow_cost":"","seed_source_timestamp":0,"circlet_count":0,"master_deck":["Strike_R","Strike_R","Strike_R","Strike_R","Strike_R+1","Defend_R","Defend_R","Defend_R","Defend_R","Bash","Anger","Bloodletting","Transmutation","Battle Trance+1","Sword Boomerang","Shrug It Off","Feed","Cleave","Headbutt"],"special_seed":0,"relics":["Burning Blood","Frozen Egg 2","Bag of Preparation"],"potions_floor_usage":[16],"damage_taken":[{"damage":6.0,"enemies":"2 Louse","floor":1.0,"turns":3.0},{"damage":0.0,"enemies":"Small Slimes","floor":2.0,"turns":3.0},{"damage":6,"enemies":"Jaw Worm","floor":5,"turns":3},{"damage":35,"enemies":"Exordium Thugs","floor":7,"turns":5},{"damage":10,"enemies":"Blue Slaver","floor":11,"turns":3},{"damage":13,"enemies":"Lagavulin","floor":12,"turns":5},{"damage":4,"enemies":"Red Slaver","floor":13,"turns":3},{"damage":5,"enemies":"Looter","floor":14,"turns":2},{"damage":76,"enemies":"The Guardian","floor":16,"turns":12}],"seed_played":"-4391729471657689715","potions_obtained":[{"floor":5,"key":"Swift Potion"},{"floor":7,"key":"FairyPotion"}],"is_trial":false,"path_per_floor":["M","M","?","$","M","?","M","R","T","$","M","E","M","M","R","B"],"character_chosen":"IRONCLAD","items_purchased":["Transmutation"],"campfire_rested":2,"item_purchase_floors":[4],"current_hp_per_floor":[80,80,69,69,69,53,24,48,48,48,44,37,39,40,64,0],"gold":150,"neow_bonus":"","is_prod":false,"is_daily":false,"chose_seed":false,"campfire_upgraded":0,"win_rate":0.0,"timestamp":1552607705,"path_taken":["M","M","?","$","M","?","M","R","T","?","M","E","M","M","R","BOSS"],"build_version":"2019-01-23","purchased_purges":0,"victory":false,"max_hp_per_floor":[80,80,80,80,80,80,80,80,80,80,80,80,80,80,80,80],"card_choices":[{"not_picked":["Shrug It Off","Warcry"],"picked":"Anger","floor":1.0},{"not_picked":["Iron Wave","Thunderclap"],"picked":"Bloodletting","floor":2.0},{"not_picked":["Armaments","Shrug It Off"],"picked":"Battle Trance","floor":5},{"not_picked":["Body Slam","Fire Breathing"],"picked":"Sword Boomerang","floor":7},{"not_picked":["Clothesline","Flex"],"picked":"Shrug It Off","floor":11},{"not_picked":["Anger","Dual Wield"],"picked":"Feed","floor":12},{"not_picked":["Sword Boomerang","Body Slam"],"picked":"Cleave","floor":13},{"not_picked":["Cleave","Thunderclap"],"picked":"Headbutt","floor":14}],"player_experience":0,"relics_obtained":[{"floor":9,"key":"Frozen Egg 2"},{"floor":12,"key":"Bag of Preparation"}],"event_choices":[{"damage_healed":0.0,"max_hp_gain":0.0,"max_hp_loss":0.0,"gold_gain":75.0,"event_name":"World of Goop","player_choice":"Gather Gold","floor":3.0,"gold_loss":0.0,"damage_taken":11.0},{"damage_healed":0,"gold_gain":0,"player_choice":"Entered Light","damage_taken":16,"max_hp_gain":0,"max_hp_loss":0,"event_name":"Shining Light","floor":6,"gold_loss":0,"cards_upgraded":["Strike_R","Battle Trance"]}],"is_beta":false,"boss_relics":[],"items_purged_floors":[],"is_endless":false,"potions_floor_spawned":[5,7],"killed_by":"The Guardian","ascension_level":0}