{"gold_per_floor":[15,26,36,50,50,50,83,83,83,117,147,160,12,32,32,127,127,145,160,174,135,153,153,172,172],"floor_reached":25,"playtime":2076,"items_purged":[],"score":228,"play_id":"3b588dbb-176d-42b6-ac70-221c9313c61c","local_time":"20190610002836","is_ascension_mode":true,"campfire_choices":[{"data":"Armaments","floor":6,"key":"SMITH"},{"data":"Flex","floor":8,"key":"SMITH"},{"floor":15,"key":"REST"},{"floor":23,"key":"REST"}],"neow_cost":"NO_GOLD","seed_source_timestamp":7617889454985,"circlet_count":0,"master_deck":["Strike_R","Strike_R","Strike_R","Defend_R","Defend_R","Defend_R","Defend_R","Bash","Ghostly Armor","Bludgeon","Clothesline","Thunderclap+1","Heavy Blade","Armaments+1","Flex+1","Double Tap","Iron Wave","Uppercut+1","Flex","Shrug It Off","Impervious","Warcry","Inflame","Dual Wield","Whirlwind+1","Armaments+1","Feed","Disarm","Fire Breathing","Feed","True Grit","Burning Pact"],"relics":["Black Blood","Dead Branch","Dodecahedron","Bottled Lightning","Prayer Wheel","Unceasing Top","Whetstone"],"potions_floor_usage":[16,16],"damage_taken":[{"damage":10,"enemies":"Small Slimes","floor":1,"turns":3},{"damage":0,"enemies":"Jaw Worm","floor":2,"turns":2},{"damage":7,"enemies":"2 Louse","floor":3,"turns":3},{"damage":5,"enemies":"Red Slaver","floor":4,"turns":4},{"damage":13,"enemies":"Gremlin Nob","floor":7,"turns":4},{"damage":31,"enemies":"3 Sentries","floor":10,"turns":8},{"damage":4,"enemies":"Gremlin Gang","floor":12,"turns":5},{"damage":0,"enemies":"Looter","floor":14,"turns":2},{"damage":61,"enemies":"Hexaghost","floor":16,"turns":10},{"damage":12,"enemies":"2 Thieves","floor":18,"turns":5},{"damage":20,"enemies":"Spheric Guardian","floor":19,"turns":4},{"damage":35,"enemies":"Cultist and Chosen","floor":20,"turns":8},{"damage":39,"enemies":"Centurion and Healer","floor":22,"turns":8},{"damage":37,"enemies":"Snake Plant","floor":24,"turns":5},{"damage":21,"enemies":"Shelled Parasite and Fungi","floor":25,"turns":2}],"seed_played":"6775845017503629966","potions_obtained":[{"floor":4,"key":"EssenceOfSteel"},{"floor":14,"key":"GamblersBrew"},{"floor":19,"key":"FearPotion"}],"is_trial":false,"path_per_floor":["M","M","M","M","?","R","E","R","T","E","?","M","$","M","R","B",null,"M","M","M","$","M","R","M","M"],"character_chosen":"IRONCLAD","items_purchased":["Whetstone","Disarm"],"campfire_rested":2,"item_purchase_floors":[13,21],"current_hp_per_floor":[76,80,79,80,77,77,70,70,70,45,45,47,47,53,77,22,80,78,68,43,43,17,41,17,0],"gold":172,"neow_bonus":"TRANSFORM_TWO_CARDS","is_prod":false,"is_daily":false,"chose_seed":false,"campfire_upgraded":2,"win_rate":0,"timestamp":1560144516,"path_taken":["M","M","M","M","?","R","E","R","T","E","?","M","$","M","R","BOSS","M","M","M","$","M","R","M","M"],"build_version":"2019-01-23","purchased_purges":0,"victory":false,"max_hp_per_floor":[80,80,80,80,80,80,80,80,80,80,80,80,80,80,80,80,80,80,80,80,80,83,83,86,86],"card_choices":[{"not_picked":["Havoc","Warcry"],"picked":"Clothesline","floor":1},{"not_picked":["Shockwave","Twin Strike"],"picked":"Thunderclap","floor":2},{"not_picked":["Dropkick","Reckless Charge"],"picked":"Heavy Blade","floor":3},{"not_picked":["Clothesline","Havoc"],"picked":"Armaments","floor":4},{"not_picked":["Reckless Charge","Clash"],"picked":"Flex","floor":7},{"not_picked":["Flex","Reckless Charge"],"picked":"Double Tap","floor":10},{"not_picked":["True Grit","Body Slam"],"picked":"Iron Wave","floor":12},{"not_picked":["Flame Barrier","Clash"],"picked":"Uppercut","floor":12},{"not_picked":["Bloodletting","Twin Strike"],"picked":"Flex","floor":14},{"not_picked":["Warcry","Twin Strike"],"picked":"Shrug It Off","floor":14},{"not_picked":["Double Tap","Limit Break"],"picked":"Impervious","floor":16},{"not_picked":["Sever Soul","Twin Strike"],"picked":"Warcry","floor":18},{"not_picked":["Clothesline+1","Perfected Strike"],"picked":"Inflame","floor":18},{"not_picked":["Cleave+1","Corruption+1"],"picked":"Dual Wield","floor":19},{"not_picked":["Cleave","Headbutt"],"picked":"Whirlwind+1","floor":19},{"not_picked":["Dropkick","Clothesline"],"picked":"Armaments+1","floor":20},{"not_picked":["Twin Strike","Shrug It Off+1"],"picked":"Feed","floor":20},{"not_picked":["Havoc","Warcry"],"picked":"Fire Breathing","floor":22},{"not_picked":["Thunderclap","Perfected Strike+1"],"picked":"Feed","floor":22},{"not_picked":["Cleave","Twin Strike"],"picked":"True Grit","floor":24},{"not_picked":["Heavy Blade","Rupture"],"picked":"Burning Pact","floor":24}],"player_experience":80716,"relics_obtained":[{"floor":7,"key":"Dodecahedron"},{"floor":9,"key":"Bottled Lightning"},{"floor":10,"key":"Prayer Wheel"}],"event_choices":[{"damage_healed":0,"gold_gain":0,"player_choice":"Success","damage_taken":3,"relics_obtained":["Dead Branch"],"max_hp_gain":0,"max_hp_loss":0,"event_name":"Scrap Ooze","floor":5,"gold_loss":0},{"damage_healed":0,"gold_gain":30,"player_choice":"Searched \u00273\u0027 times","damage_taken":0,"relics_obtained":["Unceasing Top"],"max_hp_gain":0,"max_hp_loss":0,"event_name":"Dead Adventurer","floor":11,"gold_loss":0}],"is_beta":false,"boss_relics":[{"not_picked":["Tiny House","Lizard Tail"],"picked":"Black Blood"}],"items_purged_floors":[],"is_endless":false,"potions_floor_spawned":[4,14,19],"killed_by":"Shelled Parasite and Fungi","ascension_level":1}