{"gold_per_floor":[116,136,146,1,12,12,29,29,99,99,110,123,152,172,172,273,273,258,21,21,21,40,40,55,55,101,113,157,169,38,50,50,148,148,167,104,118,19,37,37,66,86,113,113,133,133,133,21,21,21],"floor_reached":51,"playtime":3351,"items_purged":["Strike_B","Defend_B","Strike_B","Defend_B","Defend_B"],"score":699,"play_id":"544fc0ae-17e4-408e-a47b-203002f942cd","local_time":"20181029172315","is_ascension_mode":false,"campfire_choices":[{"data":"Genetic Algorithm","floor":6,"key":"SMITH"},{"floor":10,"key":"REST"},{"floor":15,"key":"REST"},{"floor":23,"key":"REST"},{"data":"Gash","floor":27,"key":"SMITH"},{"floor":29,"key":"REST"},{"floor":32,"key":"REST"},{"floor":40,"key":"REST"},{"data":"Chaos","floor":44,"key":"SMITH"},{"data":"Zap","floor":46,"key":"SMITH"},{"data":"Dualcast","floor":49,"key":"SMITH"}],"neow_cost":"NONE","seed_source_timestamp":338601183630070,"circlet_count":0,"master_deck":["Strike_B+1","Zap+1","Dualcast+1","All For One","Coolheaded","Genetic Algorithm+1","Beam Cell","Coolheaded","Chaos+1","Compile Driver","Sweeping Beam","Cold Snap","Beam Cell+1","Reboot","Go for the Eyes+1","Ball Lightning+1","Gash+1","Stack+1","Self Repair","Core Surge","Beam Cell+1","Go for the Eyes","Gash","Gash+1","Steam","Steam"],"relics":["Cracked Core","PreservedInsect","Meat on the Bone","Letter Opener","Darkstone Periapt","Inserter","Membership Card","Nilry\u0027s Codex","MawBank","Regal Pillow","Eternal Feather","Mango","Whetstone"],"potions_floor_usage":[11,16,16,16,24,28,31,33,37,37,41,42],"damage_taken":[{"damage":1,"enemies":"Cultist","floor":1,"turns":4},{"damage":1,"enemies":"2 Louse","floor":2,"turns":3},{"damage":11,"enemies":"Small Slimes","floor":3,"turns":5},{"damage":11,"enemies":"Blue Slaver","floor":5,"turns":4},{"damage":4,"enemies":"Looter","floor":7,"turns":4},{"damage":0,"enemies":"Exordium Wildlife","floor":11,"turns":3},{"damage":7,"enemies":"2 Fungi Beasts","floor":12,"turns":3},{"damage":15,"enemies":"Lagavulin","floor":13,"turns":6},{"damage":8,"enemies":"Red Slaver","floor":14,"turns":3},{"damage":17,"enemies":"Slime Boss","floor":16,"turns":10},{"damage":22,"enemies":"2 Thieves","floor":18,"turns":5},{"damage":7,"enemies":"Spheric Guardian","floor":22,"turns":4},{"damage":4,"enemies":"Cultist and Chosen","floor":24,"turns":6},{"damage":37,"enemies":"Slavers","floor":28,"turns":5},{"damage":41,"enemies":"Shelled Parasite and Fungi","floor":31,"turns":6},{"damage":41,"enemies":"Champ","floor":33,"turns":12},{"damage":21,"enemies":"3 Shapes","floor":35,"turns":4},{"damage":19,"enemies":"3 Darklings","floor":37,"turns":5},{"damage":27,"enemies":"Jaw Worm Horde","floor":39,"turns":5},{"damage":6,"enemies":"Nemesis","floor":41,"turns":5},{"damage":11,"enemies":"Transient","floor":42,"turns":5},{"damage":21,"enemies":"3 Darklings","floor":45,"turns":6},{"damage":85,"enemies":"Donu and Deca","floor":50,"turns":12}],"seed_played":"-7611814739536788361","potions_obtained":[{"floor":3,"key":"Block Potion"},{"floor":7,"key":"FocusPotion"},{"floor":12,"key":"SkillPotion"},{"floor":13,"key":"SkillPotion"},{"floor":14,"key":"PowerPotion"},{"floor":18,"key":"Swift Potion"},{"floor":24,"key":"Regen Potion"},{"floor":28,"key":"Poison Potion"},{"floor":33,"key":"Poison Potion"},{"floor":35,"key":"Explosive Potion"},{"floor":37,"key":"Fire Potion"},{"floor":41,"key":"SkillPotion"},{"floor":42,"key":"FairyPotion"}],"is_trial":false,"path_per_floor":["M","M","M","$","M","R","M","T","T","R","M","M","E","M","R","B",null,"M","$","?","?","M","R","M","?","T","R","E","R","$","M","R","B",null,"M","$","M","$","M","R","E","M","T","R","M","R","?","$","R","B"],"character_chosen":"DEFECT","items_purchased":["PreservedInsect","Membership Card","Self Repair","Fruit Juice","Go for the Eyes","Steam"],"campfire_rested":6,"item_purchase_floors":[4,19,30,30,38,48],"current_hp_per_floor":[74,73,62,62,51,51,47,47,47,69,69,62,47,39,61,44,75,53,53,53,37,42,64,60,60,60,60,49,75,75,58,80,58,80,66,66,54,54,46,80,88,84,84,94,73,88,88,88,94,28],"gold":21,"neow_bonus":"ONE_RANDOM_RARE_CARD","is_prod":false,"is_daily":false,"chose_seed":false,"campfire_upgraded":5,"win_rate":0,"timestamp":1540822995,"path_taken":["M","M","M","$","M","R","M","?","T","R","?","M","E","M","R","BOSS","M","$","?","?","M","R","M","?","T","R","E","R","$","?","R","BOSS","M","$","M","$","M","R","E","M","T","R","M","R","?","$","R","BOSS"],"build_version":"2018-10-25v2","purchased_purges":5,"victory":true,"max_hp_per_floor":[75,75,75,75,75,75,75,75,75,75,75,75,75,75,75,75,75,75,75,75,75,75,75,75,75,75,75,75,75,75,80,80,80,80,80,80,80,80,80,80,94,94,94,94,94,94,94,94,94,94],"card_choices":[{"not_picked":["Beam Cell","Cold Snap"],"picked":"Coolheaded","floor":1},{"not_picked":["Rip and Tear","Defragment"],"picked":"Genetic Algorithm","floor":2},{"not_picked":["Double Energy","Leap"],"picked":"Beam Cell","floor":3},{"not_picked":["Turbo","Conserve Battery"],"picked":"Coolheaded","floor":5},{"not_picked":["Hello World","Darkness"],"picked":"Chaos","floor":7},{"not_picked":["Buffer","Loop"],"picked":"Compile Driver","floor":11},{"not_picked":["Aggregate","Chaos"],"picked":"Sweeping Beam","floor":12},{"not_picked":["Chaos","Rebound"],"picked":"Cold Snap","floor":13},{"not_picked":["Compile Driver","Hologram"],"picked":"Beam Cell","floor":14},{"not_picked":["Meteor Strike","Biased Cognition"],"picked":"Reboot","floor":16},{"not_picked":["Steam","Scrape"],"picked":"Go for the Eyes+1","floor":18},{"not_picked":["Hello World+1","Sweeping Beam"],"picked":"Ball Lightning+1","floor":22},{"not_picked":["Rebound+1","Biased Cognition"],"picked":"Gash","floor":24},{"not_picked":["Rebound","Hello World"],"picked":"Stack+1","floor":28},{"not_picked":["Streamline","Hologram+1","Force Field+1"],"picked":"SKIP","floor":31},{"not_picked":["Creative AI","Hyperbeam"],"picked":"Core Surge","floor":33},{"not_picked":["Storm+1","Ball Lightning"],"picked":"Beam Cell+1","floor":35},{"not_picked":["Leap","Coolheaded+1","Redo+1"],"picked":"SKIP","floor":37},{"not_picked":["Lockon","Turbo","Rainbow"],"picked":"SKIP","floor":39},{"not_picked":["Reprogram","Amplify"],"picked":"Gash","floor":41},{"not_picked":["Rebound","Heatsinks"],"picked":"Gash+1","floor":42},{"not_picked":["Coolheaded+1","Beam Cell"],"picked":"Steam","floor":45}],"player_experience":227612,"relics_obtained":[{"floor":8,"key":"Meat on the Bone"},{"floor":9,"key":"Letter Opener"},{"floor":13,"key":"Darkstone Periapt"},{"floor":21,"key":"Nilry\u0027s Codex"},{"floor":26,"key":"MawBank"},{"floor":28,"key":"Regal Pillow"},{"floor":41,"key":"Mango"},{"floor":43,"key":"Whetstone"}],"event_choices":[{"cards_removed":["Defend_B"],"damage_healed":0,"gold_gain":0,"player_choice":"Offered Basic","damage_taken":0,"max_hp_gain":0,"max_hp_loss":0,"event_name":"Bonfire Elementals","floor":20,"gold_loss":0},{"damage_healed":0,"gold_gain":0,"player_choice":"Obtained Book","damage_taken":16,"max_hp_gain":0,"max_hp_loss":0,"event_name":"Cursed Tome","floor":21,"gold_loss":0},{"cards_removed":["Strike_B"],"damage_healed":0,"gold_gain":0,"player_choice":"Purged","damage_taken":0,"max_hp_gain":0,"max_hp_loss":0,"event_name":"Purifier","floor":25,"gold_loss":0},{"damage_healed":0,"gold_gain":0,"player_choice":"Ignored","damage_taken":0,"max_hp_gain":0,"max_hp_loss":0,"event_name":"Tomb of Lord Red Mask","floor":47,"gold_loss":0}],"is_beta":false,"boss_relics":[{"not_picked":["Tiny House","FrozenCore"],"picked":"Inserter"},{"not_picked":["Black Star","Snecko Eye"],"picked":"Eternal Feather"}],"items_purged_floors":[19,30,36,38,48],"is_endless":false,"potions_floor_spawned":[3,7,12,13,14,18,24,28,33,35,37,41,42],"ascension_level":0}