{"gold_per_floor":[117,128,146,160,12,38,50,50,50,61,61,74,90,109,109,207,207,225,242,167,67,67,67,78,105,105,136,153,28,127,144,144,246,246,262,262,362,48,60,60,60],"floor_reached":41,"playtime":2697,"items_purged":["Strike_B","Defend_B","Defend_B"],"score":437,"play_id":"1c38464e-9a68-4a41-91ff-1b568a1f3f67","local_time":"20181102004956","is_ascension_mode":false,"campfire_choices":[{"floor":8,"key":"REST"},{"floor":15,"key":"REST"},{"data":"Zap","floor":23,"key":"SMITH"},{"floor":32,"key":"REST"},{"data":"White Noise","floor":40,"key":"SMITH"}],"neow_cost":"NONE","seed_source_timestamp":124129548740779,"circlet_count":0,"master_deck":["Strike_B","Defend_B","Zap+1","Dualcast","Chill","Loop","Gash","Heatsinks","Genetic Algorithm","Cold Snap","Gash","Doom and Gloom","Self Repair","Genetic Algorithm","Glacier","Core Surge","Leap+1","Gash+1","Streamline","Ball Lightning+1","White Noise+1","Go for the Eyes","Lockon+1"],"relics":["Cursed Key","Blood Vial","Du-Vu Doll","Eternal Feather","MutagenicStrength","Bottled Lightning","WingedGreaves","Empty Cage","Emotion Chip","Mango"],"potions_floor_usage":[6,12,16,16,24,25,33,35,41],"damage_taken":[{"damage":0,"enemies":"Cultist","floor":1,"turns":4},{"damage":1,"enemies":"Jaw Worm","floor":2,"turns":4},{"damage":1,"enemies":"2 Louse","floor":3,"turns":2},{"damage":8,"enemies":"Exordium Thugs","floor":4,"turns":5},{"damage":18,"enemies":"3 Sentries","floor":6,"turns":9},{"damage":2,"enemies":"Red Slaver","floor":7,"turns":4},{"damage":4,"enemies":"Exordium Wildlife","floor":10,"turns":4},{"damage":10,"enemies":"Exordium Thugs","floor":12,"turns":4},{"damage":11,"enemies":"Looter","floor":13,"turns":4},{"damage":1,"enemies":"Blue Slaver","floor":14,"turns":2},{"damage":37,"enemies":"The Guardian","floor":16,"turns":13},{"damage":11,"enemies":"Spheric Guardian","floor":18,"turns":6},{"damage":5,"enemies":"Shell Parasite","floor":19,"turns":9},{"damage":2,"enemies":"Snake Plant","floor":24,"turns":6},{"damage":39,"enemies":"Slavers","floor":25,"turns":7},{"damage":23,"enemies":"Book of Stabbing","floor":27,"turns":6},{"damage":6,"enemies":"Chosen and Byrds","floor":28,"turns":6},{"damage":4,"enemies":"Cultist and Chosen","floor":31,"turns":5},{"damage":51,"enemies":"Champ","floor":33,"turns":11},{"damage":11,"enemies":"3 Shapes","floor":35,"turns":5},{"damage":2,"enemies":"Mind Bloom Boss Battle","floor":37,"turns":8},{"damage":10,"enemies":"Orb Walker","floor":39,"turns":5},{"damage":89,"enemies":"Reptomancer","floor":41,"turns":6}],"seed_played":"-3743506384503704986","potions_obtained":[{"floor":1,"key":"PowerPotion"},{"floor":2,"key":"Poison Potion"},{"floor":6,"key":"Ancient Potion"},{"floor":7,"key":"Energy Potion"},{"floor":13,"key":"SpeedPotion"},{"floor":18,"key":"Strength Potion"},{"floor":19,"key":"Block Potion"},{"floor":31,"key":"Strength Potion"},{"floor":33,"key":"AttackPotion"},{"floor":37,"key":"SkillPotion"}],"is_trial":false,"path_per_floor":["M","M","M","M","$","E","M","R","T","M","?","M","M","M","R","B",null,"M","M","?","$","?","R","M","E","T","E","M","$","?","M","R","B",null,"M","?","?","$","M","R"],"character_chosen":"DEFECT","items_purchased":["Genetic Algorithm","Mango"],"campfire_rested":3,"item_purchase_floors":[5,38],"current_hp_per_floor":[75,74,73,65,65,47,47,69,69,67,60,52,50,51,73,45,75,71,75,75,75,75,75,75,43,43,29,32,32,32,37,71,29,75,71,71,75,89,86,89,0],"gold":60,"neow_bonus":"BOSS_RELIC","is_prod":false,"is_daily":false,"chose_seed":false,"campfire_upgraded":2,"win_rate":0,"timestamp":1541108996,"path_taken":["M","M","M","M","$","E","?","R","T","M","?","M","M","M","R","BOSS","M","M","?","$","?","R","M","E","T","E","M","$","?","?","R","BOSS","M","?","?","$","?","R","E"],"build_version":"2018-10-25v2","purchased_purges":3,"victory":false,"max_hp_per_floor":[75,75,75,75,75,75,75,75,75,75,75,75,75,75,75,75,75,75,75,75,75,75,75,75,75,75,75,75,75,75,75,75,75,75,75,75,75,89,89,89,89],"card_choices":[{"not_picked":["Lockon","Darkness"],"picked":"Chill","floor":1},{"not_picked":["Sunder","Redo"],"picked":"Loop","floor":2},{"not_picked":["Steam","Blizzard"],"picked":"Gash","floor":3},{"not_picked":["FTL","Compile Driver"],"picked":"Heatsinks","floor":4},{"not_picked":["Sweeping Beam","Redo"],"picked":"Cold Snap","floor":6},{"not_picked":["Sweeping Beam","Conserve Battery"],"picked":"Gash","floor":7},{"not_picked":["Double Energy","Leap"],"picked":"Doom and Gloom","floor":10},{"not_picked":["Recycle","Amplify"],"picked":"Self Repair","floor":12},{"not_picked":["Hologram","Undo"],"picked":"Genetic Algorithm","floor":13},{"not_picked":["Rebound","Chaos"],"picked":"Glacier","floor":14},{"not_picked":["Meteor Strike","Hyperbeam"],"picked":"Core Surge","floor":16},{"not_picked":["Turbo","Scrape"],"picked":"Leap+1","floor":18},{"not_picked":["Turbo+1","Stack"],"picked":"Gash+1","floor":19},{"not_picked":["Self Repair","Rebound"],"picked":"Streamline","floor":24},{"not_picked":["Sunder+1","Stack"],"picked":"Ball Lightning+1","floor":25},{"not_picked":["Ball Lightning","Coolheaded"],"picked":"White Noise","floor":27},{"not_picked":["Sunder","Barrage+1"],"picked":"Go for the Eyes","floor":28},{"not_picked":["Rebound","Steam Power","Beam Cell"],"picked":"SKIP","floor":31},{"not_picked":["Leap","Go for the Eyes+1","Lockon"],"picked":"SKIP","floor":35},{"not_picked":["Stack","Ball Lightning+1"],"picked":"Lockon+1","floor":39}],"player_experience":252777,"relics_obtained":[{"floor":6,"key":"Blood Vial"},{"floor":9,"key":"Du-Vu Doll"},{"floor":25,"key":"Bottled Lightning"},{"floor":27,"key":"WingedGreaves"},{"floor":37,"key":"Emotion Chip"}],"event_choices":[{"cards_removed":["Pain"],"damage_healed":0,"gold_gain":0,"player_choice":"Card Removal","damage_taken":7,"max_hp_gain":0,"max_hp_loss":0,"event_name":"Golden Wing","floor":11,"gold_loss":0},{"cards_removed":["Defend_B"],"damage_healed":0,"gold_gain":0,"player_choice":"Gave Gold","damage_taken":0,"max_hp_gain":0,"max_hp_loss":0,"event_name":"Beggar","floor":20,"gold_loss":75},{"damage_healed":0,"gold_gain":0,"player_choice":"Inject Mutagens","damage_taken":0,"relics_obtained":["MutagenicStrength"],"max_hp_gain":0,"max_hp_loss":0,"event_name":"Drug Dealer","floor":22,"gold_loss":0},{"damage_healed":0,"gold_gain":99,"player_choice":"Stole From Cult","damage_taken":0,"max_hp_gain":0,"max_hp_loss":0,"event_name":"Nest","floor":30,"gold_loss":0},{"damage_healed":0,"gold_gain":0,"player_choice":"Bought 0 Potions","damage_taken":0,"max_hp_gain":0,"max_hp_loss":0,"event_name":"The Woman in Blue","floor":36,"gold_loss":0},{"damage_healed":0,"gold_gain":0,"player_choice":"Fight","damage_taken":0,"max_hp_gain":0,"max_hp_loss":0,"event_name":"MindBloom","floor":37,"gold_loss":0}],"is_beta":false,"boss_relics":[{"not_picked":["Tiny House","Fusion Hammer"],"picked":"Eternal Feather"},{"not_picked":["Coffee Dripper","Philosopher\u0027s Stone"],"picked":"Empty Cage"}],"items_purged_floors":[5,21,29],"is_endless":false,"potions_floor_spawned":[1,2,6,7,13,18,19,31,33,37],"killed_by":"Reptomancer","ascension_level":0}