{"gold_per_floor":[115,129,145,145,156,156,181,181,207,31,31,64,79,109,109,109],"floor_reached":16,"playtime":612,"items_purged":[],"score":220,"play_id":"79a95071-62db-4c29-9862-a6783cf07bfe","local_time":"20190609233707","is_ascension_mode":true,"campfire_choices":[{"data":"Bash","floor":6.0,"key":"SMITH"},{"floor":8.0,"key":"REST"},{"data":"Evolve","floor":11.0,"key":"SMITH"},{"data":"Pommel Strike","floor":15,"key":"SMITH"}],"neow_cost":"NONE","seed_source_timestamp":266151267677000,"circlet_count":0,"master_deck":["AscendersBane","Strike_R","Strike_R","Strike_R","Strike_R","Strike_R","Defend_R","Defend_R","Defend_R","Defend_R","Bash+1","Pommel Strike+1","Reckless Charge","Evolve+1","Immolate","Seeing Red","Whirlwind"],"special_seed":0,"relics":["Burning Blood","Bag of Marbles","Omamori","Boot","Centennial Puzzle","PreservedInsect","Tiny Chest"],"potions_floor_usage":[],"damage_taken":[{"damage":0.0,"enemies":"Small Slimes","floor":1.0,"turns":3.0},{"damage":4.0,"enemies":"Jaw Worm","floor":2.0,"turns":5.0},{"damage":0.0,"enemies":"Cultist","floor":3.0,"turns":2.0},{"damage":12.0,"enemies":"Looter","floor":5.0,"turns":3.0},{"damage":42.0,"enemies":"Lagavulin","floor":7.0,"turns":6.0},{"damage":8.0,"enemies":"Gremlin Nob","floor":12.0,"turns":3.0},{"damage":8,"enemies":"Blue Slaver","floor":13,"turns":3},{"damage":45,"enemies":"The Guardian","floor":16,"turns":9}],"seed_played":"-235901824989252846","potions_obtained":[{"floor":5.0,"key":"SmokeBomb"},{"floor":7.0,"key":"SteroidPotion"},{"floor":12.0,"key":"LiquidBronze"}],"is_trial":false,"path_per_floor":["M","M","M","?","M","R","E","R","T","$","R","E","M","?","R","B"],"character_chosen":"IRONCLAD","items_purchased":["Immolate"],"campfire_rested":1,"item_purchase_floors":[10],"current_hp_per_floor":[74,75,75,64,58,58,22,44,44,44,44,42,40,40,40,0],"gold":109,"neow_bonus":"RANDOM_COMMON_RELIC","is_prod":false,"is_daily":false,"chose_seed":false,"campfire_upgraded":3,"win_rate":0,"timestamp":1560137827,"path_taken":["M","M","M","?","M","R","E","R","T","$","R","E","M","?","R","BOSS"],"build_version":"2019-01-23","purchased_purges":0,"victory":false,"max_hp_per_floor":[75,75,75,75,75,75,75,75,75,75,75,75,75,75,75,75],"card_choices":[{"not_picked":["Wild Strike","True Grit"],"picked":"Pommel Strike","floor":1.0},{"not_picked":["Wild Strike","Shockwave"],"picked":"Reckless Charge","floor":2.0},{"not_picked":["Carnage","Sword Boomerang"],"picked":"Evolve","floor":3.0},{"not_picked":["Sever Soul","Cleave","Iron Wave"],"picked":"SKIP","floor":5.0},{"not_picked":["Havoc","Warcry","Burning Pact"],"picked":"SKIP","floor":7.0},{"not_picked":["Entrench","Reckless Charge"],"picked":"Seeing Red","floor":12.0},{"not_picked":["Thunderclap","Infernal Blade"],"picked":"Whirlwind","floor":13}],"player_experience":496431,"relics_obtained":[{"floor":7.0,"key":"Boot"},{"floor":9.0,"key":"Centennial Puzzle"},{"floor":12.0,"key":"PreservedInsect"}],"event_choices":[{"damage_healed":0.0,"max_hp_gain":0.0,"max_hp_loss":0.0,"gold_gain":0.0,"event_name":"Scrap Ooze","player_choice":"Success","floor":4.0,"gold_loss":0.0,"damage_taken":11.0,"relics_obtained":["Omamori"]},{"damage_healed":0,"gold_gain":0,"player_choice":"Gave Potion","damage_taken":0,"relics_obtained":["Tiny Chest"],"max_hp_gain":0,"max_hp_loss":0,"event_name":"WeMeetAgain","floor":14,"gold_loss":0}],"is_beta":false,"boss_relics":[],"items_purged_floors":[],"is_endless":false,"potions_floor_spawned":[5,7,12],"killed_by":"The Guardian","ascension_level":20}