{"gold_per_floor":[113,188,201,217,233,264,264,264],"floor_reached":8,"playtime":782,"items_purged":[],"score":58,"play_id":"a42355a1-75e6-4278-91d6-63ea65fdd1db","local_time":"20190522004813","is_ascension_mode":false,"campfire_choices":[],"neow_cost":"","seed_source_timestamp":197102663226300,"circlet_count":0,"master_deck":["Strike_R","Strike_R","Strike_R","Strike_R","Strike_R","Defend_R","Defend_R","Defend_R","Defend_R","Bash","Sword Boomerang","Iron Wave","Pommel Strike","Uppercut","Reckless Charge","Injury"],"relics":["Burning Blood","Bag of Marbles","Golden Idol"],"potions_floor_usage":[5,6,8],"damage_taken":[{"damage":3,"enemies":"2 Louse","floor":1,"turns":3},{"damage":17,"enemies":"Small Slimes","floor":3,"turns":3},{"damage":5,"enemies":"Jaw Worm","floor":4,"turns":4},{"damage":14,"enemies":"3 Louse","floor":5,"turns":3},{"damage":59,"enemies":"Lagavulin","floor":6,"turns":9},{"damage":19,"enemies":"Gremlin Gang","floor":8,"turns":3}],"seed_played":"4072737973070600477","potions_obtained":[{"floor":3,"key":"SpeedPotion"},{"floor":4,"key":"Regen Potion"},{"floor":6,"key":"FearPotion"}],"is_trial":false,"path_per_floor":["M","?","M","M","M","E","?","M"],"character_chosen":"IRONCLAD","items_purchased":[],"campfire_rested":0,"item_purchase_floors":[],"current_hp_per_floor":[80,69,58,59,60,7,7,0],"gold":264,"neow_bonus":"","is_prod":false,"is_daily":false,"chose_seed":false,"campfire_upgraded":0,"win_rate":0.0,"timestamp":1558500493,"path_taken":["M","?","M","M","M","E","?","M"],"build_version":"2019-01-23","purchased_purges":0,"victory":false,"max_hp_per_floor":[80,80,80,80,80,80,80,80],"card_choices":[{"not_picked":["Shrug It Off","Shockwave"],"picked":"Sword Boomerang","floor":1},{"not_picked":["Entrench","Perfected Strike"],"picked":"Iron Wave","floor":3},{"not_picked":["Inflame","Flex"],"picked":"Pommel Strike","floor":4},{"not_picked":["Perfected Strike","Disarm"],"picked":"Uppercut","floor":5},{"not_picked":["Clothesline","Twin Strike"],"picked":"Reckless Charge","floor":6}],"player_experience":0,"relics_obtained":[{"floor":6,"key":"Bag of Marbles"}],"event_choices":[{"damage_healed":0,"gold_gain":75,"player_choice":"Gather Gold","damage_taken":11,"max_hp_gain":0,"max_hp_loss":0,"event_name":"World of Goop","floor":2,"gold_loss":0},{"damage_healed":0,"gold_gain":0,"player_choice":"Take Wound","damage_taken":0,"relics_obtained":["Golden Idol"],"max_hp_gain":0,"max_hp_loss":0,"event_name":"Golden Idol","floor":7,"gold_loss":0,"cards_obtained":["Injury"]}],"is_beta":false,"boss_relics":[],"items_purged_floors":[],"is_endless":false,"potions_floor_spawned":[3,4,6],"killed_by":"Gremlin Gang","ascension_level":0}