{"gold_per_floor":[215,234,16,32,32,32,60,113,113,147,147,72,72,91,91,91],"floor_reached":16,"playtime":537,"items_purged":["Strike_R"],"score":178,"play_id":"8e535a6f-8cea-4b8f-9ee9-494a34252a4b","local_time":"20190427102150","is_ascension_mode":true,"campfire_choices":[{"data":"Searing Blow+1","floor":6,"key":"SMITH"},{"data":"Searing Blow+2","floor":11,"key":"SMITH"},{"data":"Searing Blow+3","floor":15,"key":"SMITH"}],"neow_cost":"NONE","seed_source_timestamp":591991772974041,"circlet_count":0,"master_deck":["AscendersBane","Strike_R+1","Strike_R","Strike_R","Strike_R+1","Defend_R","Defend_R","Defend_R","Defend_R","Bash","Pommel Strike","Perfected Strike","Searing Blow+4","Armaments"],"relics":["Burning Blood","Whetstone","Lantern","Juzu Bracelet","Torii","Self Forming Clay"],"potions_floor_usage":[16,16],"damage_taken":[{"damage":8,"enemies":"2 Louse","floor":1,"turns":4},{"damage":11,"enemies":"Jaw Worm","floor":2,"turns":5},{"damage":6,"enemies":"Cultist","floor":4,"turns":3},{"damage":35,"enemies":"Lagavulin","floor":7,"turns":5},{"damage":14,"enemies":"3 Sentries","floor":10,"turns":8},{"damage":4,"enemies":"Gremlin Gang","floor":14,"turns":5},{"damage":39,"enemies":"Slime Boss","floor":16,"turns":6}],"seed_played":"-2385656755246820645","potions_obtained":[{"floor":2,"key":"GamblersBrew"},{"floor":7,"key":"Fire Potion"},{"floor":14,"key":"Regen Potion"}],"is_trial":false,"path_per_floor":["M","M","$","M","?","R","E","T","T","E","R","$","?","M","R","B"],"character_chosen":"IRONCLAD","items_purchased":["Searing Blow","Whetstone"],"campfire_rested":0,"item_purchase_floors":[3,3],"current_hp_per_floor":[70,65,65,65,65,65,36,36,36,28,28,28,28,30,30,0],"gold":91,"neow_bonus":"HUNDRED_GOLD","is_prod":false,"is_daily":false,"chose_seed":false,"campfire_upgraded":3,"win_rate":0,"timestamp":1556374910,"path_taken":["M","M","$","M","?","R","E","?","T","E","R","$","?","M","R","BOSS"],"build_version":"2019-01-23","purchased_purges":1,"victory":false,"max_hp_per_floor":[80,80,80,80,80,80,80,80,80,80,80,80,80,80,80,80],"card_choices":[{"not_picked":["Sword Boomerang","True Grit"],"picked":"Pommel Strike","floor":1},{"not_picked":["Cleave","Body Slam"],"picked":"Perfected Strike","floor":2},{"not_picked":["Armaments","Havoc","Perfected Strike"],"picked":"SKIP","floor":4},{"not_picked":["Combust","Exhume"],"picked":"Armaments","floor":7},{"not_picked":["Rage","Sword Boomerang","Disarm"],"picked":"SKIP","floor":10},{"not_picked":["Perfected Strike","Iron Wave","Feel No Pain"],"picked":"SKIP","floor":14}],"player_experience":324335,"relics_obtained":[{"floor":7,"key":"Lantern"},{"floor":8,"key":"Juzu Bracelet"},{"floor":9,"key":"Torii"},{"floor":10,"key":"Self Forming Clay"}],"event_choices":[{"damage_healed":0,"gold_gain":0,"player_choice":"Grow","damage_taken":0,"max_hp_gain":0,"max_hp_loss":0,"event_name":"Living Wall","floor":5,"gold_loss":0,"cards_upgraded":["Searing Blow"]},{"damage_healed":0,"gold_gain":0,"player_choice":"Bought 0 Potions","damage_taken":0,"max_hp_gain":0,"max_hp_loss":0,"event_name":"The Woman in Blue","floor":13,"gold_loss":0}],"is_beta":false,"boss_relics":[],"items_purged_floors":[12],"is_endless":false,"potions_floor_spawned":[2,7,14],"killed_by":"Slime Boss","ascension_level":13}