{"gold_per_floor":[18,31,50,50,64,95,95,130,155,166,166,183,197,216,216,313,313,329,329,126,126,143,143],"floor_reached":23,"playtime":1275,"items_purged":[],"score":215,"play_id":"e6b33eef-4222-4a11-9b4f-5802dbed4ea1","local_time":"20190405182834","is_ascension_mode":true,"campfire_choices":[{"data":"Machine Learning","floor":7,"key":"SMITH"},{"floor":11,"key":"REST"},{"floor":15,"key":"REST"}],"neow_cost":"NO_GOLD","seed_source_timestamp":485203249780212,"circlet_count":0,"master_deck":["Strike_B","Strike_B+1","Strike_B+1","Defend_B","Defend_B","Defend_B","Defend_B","Zap","Dualcast","Conserve Battery","Capacitor","Compile Driver","Scrape","Machine Learning+1","Cold Snap","Hologram","Conserve Battery","Loop","Coolheaded+1","Buffer","Doom and Gloom","Go for the Eyes"],"relics":["Cracked Core","Whetstone","Boot","Cursed Key","MutagenicStrength","Toolbox"],"potions_floor_usage":[6,8,10,14,14],"damage_taken":[{"damage":8,"enemies":"2 Louse","floor":1,"turns":3},{"damage":0,"enemies":"Cultist","floor":2,"turns":3},{"damage":6,"enemies":"Jaw Worm","floor":3,"turns":3},{"damage":8,"enemies":"Red Slaver","floor":5,"turns":4},{"damage":35,"enemies":"Lagavulin","floor":6,"turns":10},{"damage":25,"enemies":"3 Sentries","floor":8,"turns":7},{"damage":0,"enemies":"2 Fungi Beasts","floor":10,"turns":3},{"damage":5,"enemies":"Blue Slaver","floor":12,"turns":4},{"damage":0,"enemies":"Looter","floor":13,"turns":3},{"damage":16,"enemies":"Gremlin Gang","floor":14,"turns":5},{"damage":37,"enemies":"Hexaghost","floor":16,"turns":16},{"damage":16,"enemies":"3 Byrds","floor":18,"turns":6},{"damage":17,"enemies":"2 Thieves","floor":22,"turns":4},{"damage":56,"enemies":"Slavers","floor":23,"turns":3}],"seed_played":"-6372426874486337178","potions_obtained":[{"floor":3,"key":"Energy Potion"},{"floor":5,"key":"Dexterity Potion"},{"floor":6,"key":"FocusPotion"},{"floor":8,"key":"Energy Potion"},{"floor":13,"key":"SkillPotion"},{"floor":16,"key":"GamblersBrew"},{"floor":22,"key":"Dexterity Potion"}],"is_trial":false,"path_per_floor":["M","M","M","?","M","E","R","E","T","M","R","M","M","M","R","B",null,"M","?","$","?","M","E"],"character_chosen":"DEFECT","items_purchased":["Toolbox"],"campfire_rested":2,"item_purchase_floors":[20],"current_hp_per_floor":[81,81,75,75,67,32,32,7,7,7,33,28,28,12,38,1,89,73,73,73,73,56,0],"gold":143,"neow_bonus":"TWENTY_PERCENT_HP_BONUS","is_prod":false,"is_daily":false,"chose_seed":false,"campfire_upgraded":1,"win_rate":0,"timestamp":1554503314,"path_taken":["M","M","M","?","M","E","R","E","T","M","R","?","M","M","R","BOSS","M","?","$","?","M","E"],"build_version":"2019-01-23","purchased_purges":0,"victory":false,"max_hp_per_floor":[89,89,89,89,89,89,89,89,89,89,89,89,89,89,89,89,89,89,89,89,89,89,89],"card_choices":[{"not_picked":["Steam","Reinforced Body"],"picked":"Conserve Battery","floor":1},{"not_picked":["Chaos","Redo"],"picked":"Capacitor","floor":2},{"not_picked":["Steam Power","Go for the Eyes"],"picked":"Compile Driver","floor":3},{"not_picked":["Rebound","Leap"],"picked":"Scrape","floor":5},{"not_picked":["Recycle","Compile Driver"],"picked":"Machine Learning","floor":6},{"not_picked":["Double Energy","Rebound"],"picked":"Cold Snap","floor":8},{"not_picked":["Auto Shields","Tempest"],"picked":"Hologram","floor":10},{"not_picked":["Stack","Scrape"],"picked":"Conserve Battery","floor":12},{"not_picked":["Go for the Eyes","Turbo"],"picked":"Loop","floor":13},{"not_picked":["Capacitor","Scrape"],"picked":"Coolheaded","floor":14},{"not_picked":["Core Surge","Meteor Strike"],"picked":"Buffer","floor":16},{"not_picked":["Heatsinks","Reprogram"],"picked":"Doom and Gloom","floor":18},{"not_picked":["Compile Driver","Beam Cell"],"picked":"Go for the Eyes","floor":22}],"player_experience":92903,"relics_obtained":[{"floor":6,"key":"Whetstone"},{"floor":8,"key":"Boot"}],"event_choices":[{"cards_removed":["Strike_B"],"damage_healed":0,"gold_gain":0,"player_choice":"Card Removal","damage_taken":0,"max_hp_gain":0,"max_hp_loss":0,"event_name":"Wheel of Change","floor":4,"gold_loss":0},{"damage_healed":0,"gold_gain":0,"player_choice":"Inject Mutagens","damage_taken":0,"relics_obtained":["MutagenicStrength"],"max_hp_gain":0,"max_hp_loss":0,"event_name":"Drug Dealer","floor":19,"gold_loss":0},{"damage_healed":0,"gold_gain":0,"player_choice":"Upgraded","damage_taken":0,"max_hp_gain":0,"max_hp_loss":0,"event_name":"Upgrade Shrine","floor":21,"gold_loss":0,"cards_upgraded":["Coolheaded"]}],"is_beta":false,"boss_relics":[{"not_picked":["Snecko Eye","Empty Cage"],"picked":"Cursed Key"}],"items_purged_floors":[],"is_endless":false,"potions_floor_spawned":[3,5,6,8,13,16,22],"killed_by":"Slavers","ascension_level":1}