{"gold_per_floor":[366,366,366,384,402,402,415,415,415,415,443,503,517,197,197,294,294,308,308,89,105,30,30,30,30,30,41,76,96,128,38,38,141,141,161,174,174,1173,754,789,789,193,217,0,0,15,15,43,43,43],"floor_reached":51,"playtime":4071,"items_purged":["Defend_G","Normality","Normality"],"score":823,"play_id":"ce685913-a8f4-45af-96d8-6d3ad6cee4be","local_time":"20180926163605","is_ascension_mode":true,"campfire_choices":[{"data":"Noxious Fumes","floor":6.0,"key":"SMITH"},{"data":"Noxious Fumes","floor":15.0,"key":"SMITH"},{"data":"Adrenaline","floor":23.0,"key":"SMITH"},{"data":"Magnetism","floor":25.0,"key":"SMITH"},{"floor":32.0,"key":"REST"},{"floor":41.0,"key":"REST"},{"floor":47,"key":"REST"},{"floor":49,"key":"REST"}],"neow_cost":"TEN_PERCENT_HP_LOSS","seed_source_timestamp":401038628098440,"circlet_count":0,"master_deck":["Defend_G","Defend_G","Strike_G+1","Strike_G","Strike_G","Strike_G","Survivor","Neutralize+1","Backflip","Noxious Fumes+1","Sucker Punch","Adrenaline+1","Noxious Fumes+1","Quick Slash","Poisoned Stab","Footwork","Deadly Poison+1","Noxious Fumes","Magnetism+1","Cloak And Dagger","Deflect","Flying Knee+1","Infinite Blades","Noxious Fumes+1","Deflect","Cloak And Dagger","Blur","Cloak And Dagger+1","Quick Slash+1","Deadly Poison+1","Secret Weapon+1","Flash of Steel","Master of Strategy","Noxious Fumes","Escape Plan+1","Burst"],"special_seed":0,"relics":["Ring of the Snake","Pocketwatch","Prayer Wheel","Pen Nib","Toolbox","White Beast Statue","Tough Bandages","Ornamental Fan","Paper Crane","Regal Pillow","Fusion Hammer","Matryoshka","WingedGreaves","Shuriken","Lantern","War Paint","Red Mask","Bottled Tornado"],"potions_floor_usage":[46,48],"damage_taken":[{"damage":0.0,"enemies":"Small Slimes","floor":1.0,"turns":3.0},{"damage":0.0,"enemies":"Cultist","floor":4.0,"turns":4.0},{"damage":2.0,"enemies":"2 Louse","floor":5.0,"turns":3.0},{"damage":0.0,"enemies":"Blue Slaver","floor":7.0,"turns":5.0},{"damage":1.0,"enemies":"Lagavulin","floor":11.0,"turns":8.0},{"damage":9.0,"enemies":"Lagavulin Event","floor":12.0,"turns":8.0},{"damage":0.0,"enemies":"2 Fungi Beasts","floor":13.0,"turns":4.0},{"damage":11.0,"enemies":"Hexaghost","floor":16.0,"turns":7.0},{"damage":7.0,"enemies":"Shell Parasite","floor":18.0,"turns":5.0},{"damage":12.0,"enemies":"3 Byrds","floor":21.0,"turns":4.0},{"damage":0.0,"enemies":"Snecko","floor":27.0,"turns":4.0},{"damage":1.0,"enemies":"Gremlin Leader","floor":28.0,"turns":5.0},{"damage":14.0,"enemies":"Snake Plant","floor":29.0,"turns":5.0},{"damage":31.0,"enemies":"Slavers","floor":30.0,"turns":5.0},{"damage":11.0,"enemies":"Champ","floor":33.0,"turns":10.0},{"damage":4.0,"enemies":"Orb Walker","floor":35.0,"turns":4.0},{"damage":22.0,"enemies":"3 Darklings","floor":36.0,"turns":6.0},{"damage":32.0,"enemies":"Nemesis","floor":40.0,"turns":7.0},{"damage":0,"enemies":"Transient","floor":46,"turns":5},{"damage":4,"enemies":"2 Orb Walkers","floor":48,"turns":5},{"damage":49,"enemies":"Time Eater","floor":50,"turns":12}],"seed_played":"-3752981252607522650","potions_obtained":[{"floor":4.0,"key":"Dexterity Potion"},{"floor":11.0,"key":"GhostInAJar"},{"floor":12.0,"key":"PowerPotion"},{"floor":18.0,"key":"Swift Potion"},{"floor":21.0,"key":"AttackPotion"},{"floor":27.0,"key":"Energy Potion"},{"floor":28.0,"key":"SpeedPotion"},{"floor":29.0,"key":"EssenceOfSteel"},{"floor":30.0,"key":"Block Potion"},{"floor":33.0,"key":"Regen Potion"},{"floor":35.0,"key":"Explosive Potion"},{"floor":36.0,"key":"Swift Potion"},{"floor":40.0,"key":"Energy Potion"},{"floor":46,"key":"Energy Potion"},{"floor":48,"key":"SpeedPotion"}],"is_trial":false,"path_per_floor":["M","?","?","M","M","R","M","?","T","?","E","?","M","$","R","B",null,"M","?","$","M","?","R","?","R","T","M","E","M","E","?","R","B",null,"M","M","?","?","$","E","R","$","T","?","?","M","R","E","R","B"],"character_chosen":"THE_SILENT","items_purchased":["Poisoned Stab","Toolbox","Noxious Fumes","Magnetism","Matryoshka","Regen Potion","Master of Strategy","Shuriken","Noxious Fumes"],"campfire_rested":4,"item_purchase_floors":[14,14,20,20,39,39,42,42,42],"current_hp_per_floor":[63,63,56,56,54,54,54,54,54,54,53,44,44,44,44,33,63,56,56,56,48,48,48,48,48,48,48,47,33,2,2,35,24,63,59,46,36,36,36,19,52,52,52,52,52,52,63,59,63,14],"gold":43,"neow_bonus":"TWO_FIFTY_GOLD","is_prod":false,"is_daily":false,"chose_seed":false,"campfire_upgraded":4,"win_rate":0,"timestamp":1538001365,"path_taken":["M","?","?","?","M","R","M","?","T","?","E","?","M","$","R","BOSS","M","?","$","M","?","R","?","R","T","M","E","M","E","?","R","BOSS","M","M","?","?","$","E","R","$","T","?","?","?","R","E","R","BOSS"],"build_version":"2018-09-20","purchased_purges":3,"victory":true,"max_hp_per_floor":[63,63,63,63,63,63,63,63,63,63,63,63,63,63,63,63,63,63,63,63,63,63,63,63,63,63,63,63,63,63,63,63,63,63,63,63,63,63,63,63,63,63,63,63,63,63,63,63,63,63],"card_choices":[{"not_picked":["Catalyst","Bane"],"picked":"Backflip","floor":1.0},{"not_picked":["Backflip","Well Laid Plans"],"picked":"Noxious Fumes","floor":4.0},{"not_picked":["Masterful Stab","Leg Sweep","Dagger Spray"],"picked":"SKIP","floor":5.0},{"not_picked":["Underhanded Strike","Leg Sweep"],"picked":"Sucker Punch","floor":7.0},{"not_picked":["Blade Dance","Slice"],"picked":"Adrenaline","floor":11.0},{"not_picked":["Bane","Leg Sweep"],"picked":"Noxious Fumes","floor":12.0},{"not_picked":["Riddle With Holes","Bane"],"picked":"Quick Slash","floor":13.0},{"not_picked":["Bane","Acrobatics","Dagger Throw"],"picked":"SKIP","floor":13.0},{"not_picked":["Acrobatics","Blade Dance"],"picked":"Footwork","floor":18.0},{"not_picked":["Poisoned Stab","Bullet Time"],"picked":"Deadly Poison+1","floor":18.0},{"not_picked":["Acrobatics+1","Flying Knee"],"picked":"Cloak And Dagger","floor":21.0},{"not_picked":["Quick Slash","Acrobatics+1"],"picked":"Deflect","floor":21.0},{"not_picked":["Tactician","Outmaneuver"],"picked":"Flying Knee+1","floor":27.0},{"not_picked":["Reflex+1","Terror"],"picked":"Infinite Blades","floor":27.0},{"not_picked":["Riddle With Holes","Eviscerate"],"picked":"Noxious Fumes+1","floor":28.0},{"not_picked":["Slice","Dagger Spray"],"picked":"Deflect","floor":29.0},{"not_picked":["Skewer","Noxious Fumes"],"picked":"Cloak And Dagger","floor":29.0},{"not_picked":["Dodge and Roll","Quick Slash"],"picked":"Blur","floor":30.0},{"not_picked":["PiercingWail+1","Choke"],"picked":"Cloak And Dagger+1","floor":35.0},{"not_picked":["Bane+1","Caltrops"],"picked":"Quick Slash+1","floor":35.0},{"not_picked":["Reflex+1","Endless Agony+1"],"picked":"Deadly Poison","floor":36.0},{"not_picked":["Bane","Outmaneuver","Tactician"],"picked":"SKIP","floor":36.0},{"not_picked":["Dramatic Entrance","Forethought"],"picked":"Secret Weapon","floor":37.0},{"not_picked":["Swift Strike","Impatience"],"picked":"Flash of Steel","floor":37.0},{"not_picked":["Night Terror","Eviscerate","Deadly Poison+1"],"picked":"SKIP","floor":40.0},{"not_picked":["Acrobatics+1","Slice+1"],"picked":"Escape Plan+1","floor":46},{"not_picked":["Dodge and Roll+1","Prepared","Well Laid Plans"],"picked":"SKIP","floor":46},{"not_picked":["Quick Slash+1","Crippling Poison"],"picked":"Burst","floor":48}],"player_experience":92530,"relics_obtained":[{"floor":9.0,"key":"Pocketwatch"},{"floor":11.0,"key":"Prayer Wheel"},{"floor":12.0,"key":"Pen Nib"},{"floor":26.0,"key":"Ornamental Fan"},{"floor":28.0,"key":"Paper Crane"},{"floor":30.0,"key":"Regal Pillow"},{"floor":40.0,"key":"WingedGreaves"},{"floor":43,"key":"Lantern"},{"floor":43,"key":"War Paint"},{"floor":48,"key":"Bottled Tornado"}],"event_choices":[{"event_name":"Upgrade Shrine","player_choice":"Upgraded","floor":2.0,"damage_taken":0.0},{"event_name":"Golden Wing","player_choice":"Card Removal","floor":3.0,"damage_taken":0.0},{"event_name":"Transmorgrifier","player_choice":"Transform","floor":8.0,"damage_taken":0.0},{"event_name":"Living Wall","player_choice":"Change","floor":10.0,"damage_taken":0.0},{"event_name":"Dead Adventurer","player_choice":"Searched \u00271\u0027 times","floor":12.0,"damage_taken":0.0},{"event_name":"The Mausoleum","player_choice":"Yes","floor":19.0,"damage_taken":0.0},{"event_name":"Beggar","player_choice":"Gave Gold","floor":22.0,"damage_taken":0.0},{"event_name":"Ghosts","player_choice":"Ignored","floor":24.0,"damage_taken":0.0},{"event_name":"Designer","player_choice":"Full Service","floor":31.0,"damage_taken":0.0},{"event_name":"SensoryStone","player_choice":"Memory 3","floor":37.0,"damage_taken":0.0},{"event_name":"MindBloom","player_choice":"Gold","floor":38.0,"damage_taken":0.0},{"event_name":"Tomb of Lord Red Mask","player_choice":"Paid","floor":44,"damage_taken":0},{"event_name":"Falling","player_choice":"Removed Attack","floor":45,"damage_taken":0}],"is_beta":false,"boss_relics":[{"not_picked":["Tiny House","Runic Dome"],"picked":"White Beast Statue"},{"not_picked":["Runic Pyramid","WristBlade"],"picked":"Fusion Hammer"}],"items_purged_floors":[14,39,42],"is_endless":false,"potions_floor_spawned":[4,11,12,18,21,27,28,29,30,33,35,36,40,46,48],"ascension_level":1}