{"gold_per_floor":[110,125,44,58,72,72,100,100,126,126,126,126,126,149,149,274,274,298,321,321,344,199,199,239,239,288,87,103,103,155,3,3,123,123,148,273,289,289,303,303,322,341,341,341,366,366,366,24,24,24],"floor_reached":51,"playtime":12422,"items_purged":[],"score":740,"play_id":"a606735c-0c78-494c-9319-41e9c39448a5","local_time":"20190608192737","daily_mods":["Draft"],"is_ascension_mode":false,"campfire_choices":[{"data":"Footwork","floor":6,"key":"SMITH"},{"data":"Footwork","floor":8,"key":"SMITH"},{"data":"Footwork","floor":13,"key":"SMITH"},{"data":"Burst","floor":15,"key":"SMITH"},{"data":"Noxious Fumes","floor":23,"key":"SMITH"},{"data":"Caltrops","floor":25,"key":"SMITH"},{"data":"Caltrops","floor":29,"key":"SMITH"},{"data":"Blur","floor":32,"key":"SMITH"},{"data":"Noxious Fumes","floor":40,"key":"SMITH"},{"data":"Night Terror","floor":46,"key":"SMITH"},{"data":"Crippling Poison","floor":49,"key":"SMITH"}],"neow_cost":"","seed_source_timestamp":1984714438513700,"circlet_count":0,"master_deck":["Escape Plan","PiercingWail+1","Bane","Poisoned Stab","Blur+1","Skewer","Footwork+1","Bouncing Flask","Dodge and Roll","Footwork+1","Dodge and Roll","Caltrops+1","Backflip","Backflip","Footwork+1","PiercingWail","Burst+1","Corpse Explosion","Noxious Fumes+1","Outmaneuver","Blur+1","Caltrops+1","Noxious Fumes+1","Venomology","Escape Plan+1","Terror","Noxious Fumes+1","Night Terror+1","Panache","Parasite","Setup+1","Crippling Poison+1","Panache","Escape Plan"],"relics":["Ring of the Snake","Regal Pillow","Boot","Golden Idol","Coffee Dripper","Happy Flower","War Paint","Strawberry","DollysMirror","Art of War","PreservedInsect","Philosopher\u0027s Stone","Girya","Bottled Tornado"],"potions_floor_usage":[16,35,35,36,39,39,42,45,47,50,50,50,50],"damage_taken":[{"damage":0,"enemies":"Cultist","floor":1,"turns":3},{"damage":0,"enemies":"2 Louse","floor":2,"turns":2},{"damage":0,"enemies":"Small Slimes","floor":4,"turns":5},{"damage":4,"enemies":"2 Fungi Beasts","floor":5,"turns":4},{"damage":8,"enemies":"Gremlin Nob","floor":7,"turns":5},{"damage":0,"enemies":"Exordium Wildlife","floor":14,"turns":4},{"damage":3,"enemies":"The Guardian","floor":16,"turns":9},{"damage":0,"enemies":"Chosen","floor":18,"turns":5},{"damage":0,"enemies":"3 Byrds","floor":19,"turns":4},{"damage":23,"enemies":"Cultist and Chosen","floor":21,"turns":6},{"damage":0,"enemies":"Book of Stabbing","floor":24,"turns":8},{"damage":0,"enemies":"Snake Plant","floor":28,"turns":5},{"damage":0,"enemies":"Automaton","floor":33,"turns":8},{"damage":0,"enemies":"3 Shapes","floor":35,"turns":3},{"damage":0,"enemies":"Mind Bloom Boss Battle","floor":36,"turns":8},{"damage":0,"enemies":"3 Darklings","floor":37,"turns":4},{"damage":18,"enemies":"Jaw Worm Horde","floor":39,"turns":3},{"damage":6,"enemies":"Sphere and 2 Shapes","floor":41,"turns":5},{"damage":0,"enemies":"Spire Growth","floor":42,"turns":6},{"damage":0,"enemies":"Writhing Mass","floor":45,"turns":6},{"damage":3,"enemies":"Donu and Deca","floor":50,"turns":6}],"seed_played":"8590938103958541692","potions_obtained":[{"floor":7,"key":"Poison Potion"},{"floor":14,"key":"Regen Potion"},{"floor":16,"key":"Dexterity Potion"},{"floor":19,"key":"GhostInAJar"},{"floor":35,"key":"Weak Potion"},{"floor":36,"key":"LiquidBronze"},{"floor":45,"key":"Fruit Juice"}],"is_trial":true,"path_per_floor":["M","M","$","M","M","R","E","R","T","$","?","?","R","M","R","B",null,"M","M","?","M","$","R","E","R","T","$","M","R","T","$","R","B",null,"M","?","M","?","M","R","M","M","T","?","M","R","?","$","R","B",null],"character_chosen":"THE_SILENT","items_purchased":["Footwork","Happy Flower","DollysMirror","PreservedInsect","Poison Potion","Crippling Poison","Panache","Escape Plan"],"campfire_rested":0,"item_purchase_floors":[3,22,27,31,48,48,48,48],"current_hp_per_floor":[70,70,70,70,66,66,58,58,58,58,41,46,46,46,46,43,75,75,75,75,52,52,52,52,52,59,59,59,59,59,59,59,59,82,82,82,82,82,68,68,62,62,62,62,62,62,67,67,67,64],"gold":24,"neow_bonus":"","is_prod":false,"is_daily":false,"chose_seed":false,"campfire_upgraded":11,"win_rate":0,"timestamp":1560036457,"path_taken":["M","M","?","?","M","R","E","R","T","$","?","?","R","M","R","BOSS","M","M","?","M","$","R","E","R","T","$","M","R","?","?","R","BOSS","M","?","M","?","M","R","M","M","T","?","?","R","?","$","R","BOSS"],"build_version":"2019-01-23","purchased_purges":0,"victory":true,"max_hp_per_floor":[70,70,70,70,70,70,70,70,70,70,70,75,75,75,75,75,75,75,75,75,75,75,75,75,75,82,82,82,82,82,82,82,82,82,82,82,82,82,82,82,82,82,82,82,82,82,87,87,87,87],"card_choices":[{"not_picked":["Poisoned Stab","Heel Hook"],"picked":"Dagger Spray","floor":0},{"not_picked":["Accuracy","Bane"],"picked":"Escape Plan","floor":0},{"not_picked":["Acrobatics","Sucker Punch"],"picked":"PiercingWail","floor":0},{"not_picked":["Catalyst","Underhanded Strike"],"picked":"Bane","floor":0},{"not_picked":["Flying Knee","Heel Hook"],"picked":"Poisoned Stab","floor":0},{"not_picked":["Choke","Dagger Throw"],"picked":"Blur","floor":0},{"not_picked":["Accuracy","Endless Agony"],"picked":"Skewer","floor":0},{"not_picked":["Prepared","Sucker Punch"],"picked":"Footwork","floor":0},{"not_picked":["Masterful Stab","Underhanded Strike"],"picked":"Bouncing Flask","floor":0},{"not_picked":["Setup","Quick Slash"],"picked":"Dodge and Roll","floor":0},{"not_picked":["Crippling Poison","PiercingWail"],"picked":"Footwork","floor":0},{"not_picked":["Cloak And Dagger","Acrobatics"],"picked":"Dodge and Roll","floor":0},{"not_picked":["Outmaneuver","Bane"],"picked":"Caltrops","floor":0},{"not_picked":["Cloak And Dagger","Deadly Poison"],"picked":"Backflip","floor":0},{"not_picked":["All Out Attack","Flying Knee"],"picked":"Backflip","floor":0},{"not_picked":["Cloak And Dagger","Prepared","PiercingWail"],"picked":"SKIP","floor":1},{"not_picked":["Infinite Blades","Cloak And Dagger","Blade Dance"],"picked":"SKIP","floor":2},{"not_picked":["Quick Slash","Prepared","Riddle With Holes"],"picked":"SKIP","floor":4},{"not_picked":["Bouncing Flask","Backflip","Bane"],"picked":"SKIP","floor":5},{"not_picked":["Underhanded Strike","Concentrate"],"picked":"PiercingWail","floor":7},{"not_picked":["Infinite Blades","Quick Slash"],"picked":"Burst","floor":14},{"not_picked":["Bullet Time","Wraith Form v2"],"picked":"Corpse Explosion","floor":16},{"not_picked":["Leg Sweep","PiercingWail+1"],"picked":"Noxious Fumes","floor":18},{"not_picked":["Dagger Spray","Flying Knee"],"picked":"Outmaneuver","floor":19},{"not_picked":["Underhanded Strike+1","Tactician","Reflex"],"picked":"SKIP","floor":21},{"not_picked":["Deadly Poison","Dodge and Roll"],"picked":"Caltrops","floor":24},{"not_picked":["Blade Dance+1","Bane","Riddle With Holes"],"picked":"SKIP","floor":28},{"not_picked":["Doppelganger","Phantasmal Killer"],"picked":"Venomology","floor":33},{"not_picked":["Quick Slash+1","Flying Knee"],"picked":"Escape Plan+1","floor":35},{"not_picked":["Well Laid Plans","PiercingWail"],"picked":"Terror","floor":36},{"not_picked":["Sucker Punch","All Out Attack","Dodge and Roll"],"picked":"SKIP","floor":37},{"not_picked":["Calculated Gamble","Deadly Poison"],"picked":"Noxious Fumes","floor":39},{"not_picked":["Cloak And Dagger+1","Quick Slash","Blade Dance"],"picked":"SKIP","floor":41},{"not_picked":["Deflect+1","Backstab"],"picked":"Night Terror","floor":42},{"not_picked":["Violence","PanicButton"],"picked":"Panache","floor":44},{"not_picked":["PiercingWail+1","Backflip"],"picked":"Setup+1","floor":45}],"player_experience":1186590,"relics_obtained":[{"floor":7,"key":"Regal Pillow"},{"floor":9,"key":"Boot"},{"floor":24,"key":"War Paint"},{"floor":26,"key":"Strawberry"},{"floor":30,"key":"Art of War"},{"floor":36,"key":"Girya"},{"floor":43,"key":"Bottled Tornado"}],"event_choices":[{"damage_healed":0,"gold_gain":0,"player_choice":"Take Damage","damage_taken":17,"relics_obtained":["Golden Idol"],"max_hp_gain":0,"max_hp_loss":0,"event_name":"Golden Idol","floor":11,"gold_loss":0},{"damage_healed":0,"gold_gain":0,"player_choice":"Donut","damage_taken":0,"max_hp_gain":5,"max_hp_loss":0,"event_name":"Big Fish","floor":12,"gold_loss":0},{"damage_healed":0,"gold_gain":0,"player_choice":"Read","damage_taken":0,"max_hp_gain":0,"max_hp_loss":0,"event_name":"The Library","floor":20,"gold_loss":0,"cards_obtained":["Blur"]},{"damage_healed":0,"gold_gain":0,"player_choice":"Fight","damage_taken":0,"max_hp_gain":0,"max_hp_loss":0,"event_name":"MindBloom","floor":36,"gold_loss":0},{"cards_removed":["Dagger Spray"],"damage_healed":0,"gold_gain":0,"player_choice":"Removed Attack","damage_taken":0,"max_hp_gain":0,"max_hp_loss":0,"event_name":"Falling","floor":38,"gold_loss":0},{"damage_healed":0,"gold_gain":0,"player_choice":"Memory 1","damage_taken":0,"max_hp_gain":0,"max_hp_loss":0,"event_name":"SensoryStone","floor":44,"gold_loss":0},{"damage_healed":0,"gold_gain":0,"player_choice":"Ignored","damage_taken":0,"max_hp_gain":0,"max_hp_loss":0,"event_name":"Mysterious Sphere","floor":47,"gold_loss":0}],"is_beta":false,"boss_relics":[{"not_picked":["Cursed Key","Runic Dome"],"picked":"Coffee Dripper"},{"not_picked":["White Beast Statue","Runic Pyramid"],"picked":"Philosopher\u0027s Stone"}],"items_purged_floors":[],"is_endless":false,"potions_floor_spawned":[7,14,16,19,28,33,35,36,45],"ascension_level":0}