{"gold_per_floor":[116,116,116,39,55,55,86,86,156,170,26,36,36],"floor_reached":13,"playtime":606,"items_purged":["Strike_B"],"score":100,"play_id":"96bc5195-14d5-4226-a29a-e1f37842fccb","local_time":"20181005160700","is_ascension_mode":true,"campfire_choices":[{"data":"Defragment","floor":6,"key":"SMITH"},{"data":"Redo","floor":8,"key":"SMITH"}],"neow_cost":"NONE","seed_source_timestamp":425705512338059,"circlet_count":0,"master_deck":["Strike_B","Defend_B","Defend_B","Defend_B","Zap","Dualcast","Darkness","Defragment+1","Redo+1","BootSequence","Leap"],"relics":["Cracked Core","Oddly Smooth Stone","Blue Candle"],"potions_floor_usage":[13,13],"damage_taken":[{"damage":7,"enemies":"Jaw Worm","floor":1,"turns":3},{"damage":0,"enemies":"Small Slimes","floor":5,"turns":3},{"damage":30,"enemies":"Lagavulin","floor":7,"turns":6},{"damage":0,"enemies":"2 Louse","floor":10,"turns":2},{"damage":24,"enemies":"Gremlin Gang","floor":12,"turns":4},{"damage":12,"enemies":"Gremlin Nob","floor":13,"turns":2}],"seed_played":"3903082944423266981","potions_obtained":[{"floor":5,"key":"PowerPotion"},{"floor":7,"key":"PowerPotion"},{"floor":10,"key":"Explosive Potion"},{"floor":12,"key":"GamblersBrew"}],"is_trial":false,"path_per_floor":["M","?","?","$","M","R","E","R","T","M","$","M"],"character_chosen":"DEFECT","items_purchased":["Defragment","BootSequence"],"campfire_rested":0,"item_purchase_floors":[4,11],"current_hp_per_floor":[68,61,61,61,61,61,31,31,31,31,31,7,0],"gold":36,"neow_bonus":"REMOVE_CARD","is_prod":false,"is_daily":false,"chose_seed":false,"campfire_upgraded":2,"win_rate":0,"timestamp":1538777220,"path_taken":["M","?","?","$","M","R","E","R","T","M","$","M","E"],"build_version":"2018-10-04","purchased_purges":1,"victory":false,"max_hp_per_floor":[75,75,75,75,75,75,75,75,75,75,75,75,75],"card_choices":[{"not_picked":["Turbo","Aggregate"],"picked":"Darkness","floor":1},{"not_picked":["Gash","Rebound","Barrage"],"picked":"SKIP","floor":5},{"not_picked":["Compile Driver","Sweeping Beam"],"picked":"Redo","floor":7},{"not_picked":["Go for the Eyes","Rip and Tear","Hologram"],"picked":"SKIP","floor":10},{"not_picked":["Echo Form","Streamline"],"picked":"Leap","floor":12}],"player_experience":148330,"relics_obtained":[{"floor":7,"key":"Oddly Smooth Stone"},{"floor":9,"key":"Blue Candle"}],"event_choices":[{"event_name":"Golden Wing","player_choice":"Card Removal","floor":2,"damage_taken":0},{"event_name":"Wheel of Change","player_choice":"Card Removal","floor":3,"damage_taken":0}],"is_beta":false,"boss_relics":[],"items_purged_floors":[11],"is_endless":false,"potions_floor_spawned":[5,7,10,12],"killed_by":"Gremlin Nob","ascension_level":4}