{"gold_per_floor":[13,13,33,43,62,62,90,90,115,130,130,130,55,130,130,260,260,284,284,304,329,26,26,26,26,26,44,44,58,58,78,78,206,206,226,351,369,369,383,383,414,414,414,83,83,97,113,138,138,138],"floor_reached":51,"playtime":6100,"items_purged":["Strike_G","Writhe"],"score":629,"play_id":"fa70ddc3-ca70-4d11-b820-e9a7ab4b7c19","local_time":"20190607224952","is_ascension_mode":false,"campfire_choices":[{"data":"Neutralize","floor":8,"key":"SMITH"},{"data":"All Out Attack","floor":11,"key":"SMITH"},{"floor":15,"key":"REST"},{"data":"Footwork","floor":23,"key":"SMITH"},{"data":"Glass Knife","floor":28,"key":"SMITH"},{"data":"Calculated Gamble","floor":30,"key":"SMITH"},{"data":"Bouncing Flask","floor":32,"key":"SMITH"},{"floor":40,"key":"REST"},{"floor":45,"key":"REST"},{"floor":49,"key":"REST"}],"neow_cost":"NO_GOLD","seed_source_timestamp":1975579931422000,"circlet_count":0,"master_deck":["Defend_G","Defend_G","Defend_G","Defend_G","Defend_G","Strike_G","Strike_G","Strike_G","Survivor","Neutralize+1","All Out Attack+1","Backstab","Dagger Spray","Noxious Fumes+1","Deflect","Glass Knife+1","Footwork+1","Calculated Gamble+1","Escape Plan","Backstab","Bouncing Flask+1","Envenom","Terror"],"relics":["Ring of the Snake","Bird Faced Urn","Boot","Regal Pillow","Golden Idol","Lizard Tail","Happy Flower","The Specimen","Mummified Hand","Torii","Busted Crown","Incense Burner","Potion Belt","Singing Bowl","Cauldron"],"potions_floor_usage":[7,10,18,33,33,37,41,47,50,50,50,50],"damage_taken":[{"damage":0,"enemies":"Cultist","floor":1,"turns":4},{"damage":0,"enemies":"2 Louse","floor":3,"turns":2},{"damage":0,"enemies":"Small Slimes","floor":4,"turns":2},{"damage":0,"enemies":"Blue Slaver","floor":5,"turns":4},{"damage":24,"enemies":"Lagavulin","floor":7,"turns":6},{"damage":12,"enemies":"Large Slime","floor":10,"turns":3},{"damage":31,"enemies":"Hexaghost","floor":16,"turns":10},{"damage":17,"enemies":"2 Thieves","floor":18,"turns":3},{"damage":4,"enemies":"Shell Parasite","floor":20,"turns":5},{"damage":0,"enemies":"Centurion and Healer","floor":21,"turns":5},{"damage":7,"enemies":"Snecko","floor":27,"turns":7},{"damage":0,"enemies":"Snake Plant","floor":29,"turns":5},{"damage":8,"enemies":"3 Cultists","floor":31,"turns":4},{"damage":38,"enemies":"Automaton","floor":33,"turns":10},{"damage":1,"enemies":"Orb Walker","floor":35,"turns":3},{"damage":7,"enemies":"Mind Bloom Boss Battle","floor":36,"turns":7},{"damage":31,"enemies":"3 Darklings","floor":37,"turns":4},{"damage":29,"enemies":"Spire Growth","floor":39,"turns":6},{"damage":26,"enemies":"Giant Head","floor":41,"turns":10},{"damage":1,"enemies":"Maw","floor":46,"turns":7},{"damage":16,"enemies":"Jaw Worm Horde","floor":47,"turns":3},{"damage":27,"enemies":"3 Darklings","floor":48,"turns":4},{"damage":92,"enemies":"Time Eater","floor":50,"turns":14}],"seed_played":"3270671320543981748","potions_obtained":[{"floor":1,"key":"Energy Potion"},{"floor":4,"key":"SteroidPotion"},{"floor":5,"key":"AttackPotion"},{"floor":7,"key":"Regen Potion"},{"floor":16,"key":"Ancient Potion"},{"floor":18,"key":"Dexterity Potion"},{"floor":31,"key":"Ancient Potion"},{"floor":35,"key":"PowerPotion"},{"floor":39,"key":"Explosive Potion"},{"floor":41,"key":"Poison Potion"},{"floor":44,"key":"PowerPotion"},{"floor":44,"key":"GhostInAJar"},{"floor":44,"key":"EssenceOfSteel"}],"is_trial":false,"path_per_floor":["M","?","M","M","M","?","E","R","T","M","R","?","$","?","R","B",null,"M","?","M","M","$","R","?","?","T","M","R","M","R","M","R","B",null,"M","?","M","?","M","R","E","?","T","$","R","M","M","M","R","B",null],"character_chosen":"THE_SILENT","items_purchased":["The Specimen","Cauldron","Terror"],"campfire_rested":4,"item_purchase_floors":[22,44,44],"current_hp_per_floor":[70,63,63,63,63,63,41,41,41,31,31,14,14,3,39,10,70,57,57,57,61,61,61,61,61,61,58,58,62,62,58,58,24,70,70,65,42,60,37,70,45,45,45,45,70,72,62,43,76,26],"gold":138,"neow_bonus":"ONE_RARE_RELIC","is_prod":false,"is_daily":false,"chose_seed":false,"campfire_upgraded":6,"win_rate":0,"timestamp":1559962192,"path_taken":["M","?","M","M","M","?","E","R","T","M","R","?","?","?","R","BOSS","M","?","M","?","$","R","?","?","T","M","R","M","R","M","R","BOSS","M","?","M","?","M","R","E","?","T","$","R","M","M","M","R","BOSS"],"build_version":"2019-01-23","purchased_purges":2,"victory":true,"max_hp_per_floor":[70,70,70,70,70,70,70,70,70,70,70,70,70,70,70,70,70,70,70,70,70,70,70,70,70,70,70,70,70,70,70,70,70,70,70,70,70,70,70,70,70,70,70,70,70,72,74,76,76,76],"card_choices":[{"not_picked":["Eviscerate","Bane"],"picked":"All Out Attack","floor":1},{"not_picked":["Accuracy","Poisoned Stab"],"picked":"Backstab","floor":3},{"not_picked":["Blade Dance","PiercingWail"],"picked":"Dagger Spray","floor":4},{"not_picked":["Dagger Throw","Distraction"],"picked":"Noxious Fumes","floor":5},{"not_picked":["Skewer","All Out Attack"],"picked":"Deflect","floor":7},{"not_picked":["Flying Knee","Reflex","Blade Dance"],"picked":"SKIP","floor":10},{"not_picked":["Bullet Time","Night Terror"],"picked":"Glass Knife","floor":16},{"not_picked":["Acrobatics+1","Flying Knee+1"],"picked":"Footwork","floor":18},{"not_picked":["Underhanded Strike","Blade Dance"],"picked":"Calculated Gamble","floor":20},{"not_picked":["Blade Dance+1","Accuracy+1"],"picked":"Escape Plan","floor":21},{"not_picked":["Grand Finale","Slice","Poisoned Stab+1"],"picked":"SKIP","floor":27},{"not_picked":["Deflect","All Out Attack"],"picked":"Backstab","floor":29},{"not_picked":["Quick Slash","Bane"],"picked":"Bouncing Flask","floor":31},{"not_picked":["Glass Knife","Bullet Time"],"picked":"Envenom","floor":33},{"not_picked":["Blade Dance+1"],"picked":"SKIP","floor":35},{"not_picked":["Prepared"],"picked":"SKIP","floor":37},{"not_picked":["Reflex+1"],"picked":"SKIP","floor":39},{"not_picked":["Cloak And Dagger+1"],"picked":"SKIP","floor":41},{"not_picked":["Deadly Poison"],"picked":"Singing Bowl","floor":46},{"not_picked":["Quick Slash"],"picked":"Singing Bowl","floor":47},{"not_picked":["Dodge and Roll+1"],"picked":"Singing Bowl","floor":48}],"player_experience":1177386,"relics_obtained":[{"floor":7,"key":"Boot"},{"floor":9,"key":"Regal Pillow"},{"floor":26,"key":"Torii"},{"floor":36,"key":"Incense Burner"},{"floor":41,"key":"Potion Belt"},{"floor":43,"key":"Singing Bowl"}],"event_choices":[{"cards_removed":["Strike_G"],"damage_healed":0,"gold_gain":0,"player_choice":"Card Removal","damage_taken":7,"max_hp_gain":0,"max_hp_loss":0,"event_name":"Golden Wing","floor":2,"gold_loss":0},{"damage_healed":0,"gold_gain":0,"player_choice":"Grow","damage_taken":0,"max_hp_gain":0,"max_hp_loss":0,"event_name":"Living Wall","floor":6,"gold_loss":0,"cards_upgraded":["Noxious Fumes"]},{"damage_healed":0,"gold_gain":0,"player_choice":"Take Damage","damage_taken":17,"relics_obtained":["Golden Idol"],"max_hp_gain":0,"max_hp_loss":0,"event_name":"Golden Idol","floor":12,"gold_loss":0},{"damage_healed":0,"gold_gain":75,"player_choice":"Gather Gold","damage_taken":11,"max_hp_gain":0,"max_hp_loss":0,"event_name":"World of Goop","floor":14,"gold_loss":0},{"damage_healed":0,"gold_gain":0,"player_choice":"Gave Potion","damage_taken":0,"relics_obtained":["Happy Flower"],"max_hp_gain":0,"max_hp_loss":0,"event_name":"WeMeetAgain","floor":19,"gold_loss":0},{"damage_healed":0,"gold_gain":0,"player_choice":"Ignored","damage_taken":0,"max_hp_gain":0,"max_hp_loss":0,"event_name":"Beggar","floor":24,"gold_loss":0},{"damage_healed":0,"gold_gain":0,"player_choice":"Opened","damage_taken":0,"relics_obtained":["Mummified Hand"],"max_hp_gain":0,"max_hp_loss":0,"event_name":"The Mausoleum","floor":25,"gold_loss":0},{"damage_healed":0,"gold_gain":0,"player_choice":"Fight","damage_taken":0,"max_hp_gain":0,"max_hp_loss":0,"event_name":"MindBloom","floor":36,"gold_loss":0},{"damage_healed":18,"gold_gain":0,"player_choice":"Writhe","damage_taken":0,"max_hp_gain":0,"max_hp_loss":0,"event_name":"Winding Halls","floor":38,"gold_loss":0,"cards_obtained":["Writhe"]},{"damage_healed":0,"gold_gain":0,"player_choice":"Ignored","damage_taken":0,"max_hp_gain":0,"max_hp_loss":0,"event_name":"Mysterious Sphere","floor":42,"gold_loss":0}],"is_beta":false,"boss_relics":[{"not_picked":["White Beast Statue","Pandora\u0027s Box"],"picked":"Lizard Tail"},{"not_picked":["Ring of the Serpent","Orrery"],"picked":"Busted Crown"}],"items_purged_floors":[13,44],"is_endless":false,"potions_floor_spawned":[1,4,5,7,16,18,31,35,39,41],"ascension_level":0}