{"gold_per_floor":[111,123,123,135,147,176,176,194,218,228,255,266,282,337,337,442,442,454,553,570,89,104,104,116,116,168,168,68,96,96,112,112,112],"floor_reached":33,"playtime":1313,"items_purged":[],"score":334,"play_id":"a14e989b-1f66-4d58-add5-db4d69dfc599","local_time":"20190412230107","is_ascension_mode":true,"campfire_choices":[{"data":"Searing Blow","floor":7,"key":"SMITH"},{"data":"Searing Blow+1","floor":15,"key":"SMITH"},{"floor":23,"key":"REST"},{"data":"Searing Blow+2","floor":27,"key":"SMITH"},{"floor":32,"key":"REST"}],"neow_cost":"NONE","seed_source_timestamp":76085809989810,"circlet_count":0,"master_deck":["Strike_R","Strike_R","Strike_R","Strike_R","Strike_R","Defend_R","Defend_R","Defend_R","Defend_R","Bash","Inflame","Rampage","Searing Blow+3","Headbutt","Thunderclap+1","Demon Form","Shrug It Off","Offering","Flash of Steel+1","Pommel Strike+1","Armaments"],"relics":["Burning Blood","Molten Egg 2","Happy Flower","Anchor","Black Star","Membership Card","Tiny Chest","Champion Belt","Pen Nib","Strawberry","FossilizedHelix","MutagenicStrength"],"potions_floor_usage":[6,6,6,13,20,29,31,33],"damage_taken":[{"damage":8,"enemies":"Jaw Worm","floor":1,"turns":4},{"damage":1,"enemies":"Cultist","floor":2,"turns":4},{"damage":10,"enemies":"Small Slimes","floor":4,"turns":4},{"damage":2,"enemies":"Looter","floor":5,"turns":4},{"damage":45,"enemies":"Lagavulin","floor":6,"turns":6},{"damage":0,"enemies":"Large Slime","floor":8,"turns":4},{"damage":11,"enemies":"Exordium Thugs","floor":10,"turns":4},{"damage":31,"enemies":"3 Sentries","floor":11,"turns":6},{"damage":4,"enemies":"Red Slaver","floor":12,"turns":3},{"damage":0,"enemies":"Looter","floor":13,"turns":3},{"damage":30,"enemies":"Slime Boss","floor":16,"turns":6},{"damage":2,"enemies":"Chosen","floor":18,"turns":4},{"damage":35,"enemies":"3 Byrds","floor":20,"turns":6},{"damage":47,"enemies":"Snecko","floor":22,"turns":6},{"damage":29,"enemies":"Snake Plant","floor":24,"turns":5},{"damage":40,"enemies":"Gremlin Leader","floor":29,"turns":5},{"damage":7,"enemies":"Cultist and Chosen","floor":31,"turns":6},{"damage":81,"enemies":"Automaton","floor":33,"turns":6}],"seed_played":"-151555417046650640","potions_obtained":[{"floor":2,"key":"Energy Potion"},{"floor":3,"key":"GamblersBrew"},{"floor":3,"key":"SpeedPotion"},{"floor":12,"key":"Block Potion"},{"floor":13,"key":"Strength Potion"},{"floor":16,"key":"Explosive Potion"},{"floor":20,"key":"Ancient Potion"},{"floor":31,"key":"AttackPotion"}],"is_trial":false,"path_per_floor":["M","M","?","M","M","E","R","M","T","M","E","M","M","?","R","B",null,"M","?","M","$","M","R","M","?","T","R","$","E","?","M","R","B"],"character_chosen":"IRONCLAD","items_purchased":["Flash of Steel+1","Membership Card","Tiny Chest","Champion Belt","Armaments","Pen Nib"],"campfire_rested":2,"item_purchase_floors":[21,21,21,21,28,28],"current_hp_per_floor":[86,88,88,84,88,49,49,55,55,50,25,27,33,33,33,9,88,88,88,59,59,18,44,21,50,50,50,50,23,23,22,50,0],"gold":112,"neow_bonus":"TEN_PERCENT_HP_BONUS","is_prod":false,"is_daily":false,"chose_seed":false,"campfire_upgraded":3,"win_rate":0,"timestamp":1555124467,"path_taken":["M","M","?","M","M","E","R","M","T","M","E","?","M","?","R","BOSS","M","?","M","$","M","R","M","?","T","R","$","E","?","M","R","BOSS"],"build_version":"2019-01-23","purchased_purges":0,"victory":false,"max_hp_per_floor":[88,88,88,88,88,88,88,88,88,88,88,88,88,88,88,88,88,88,88,88,88,88,88,88,88,88,88,88,95,95,95,95,95],"card_choices":[{"not_picked":["Pommel Strike","Heavy Blade"],"picked":"Inflame","floor":1},{"not_picked":["Wild Strike","Dual Wield"],"picked":"Rampage","floor":2},{"not_picked":["Bloodletting","Armaments"],"picked":"Searing Blow","floor":4},{"not_picked":["Whirlwind","Carnage"],"picked":"Headbutt","floor":5},{"not_picked":["Feel No Pain","Uppercut"],"picked":"Thunderclap","floor":6},{"not_picked":["Heavy Blade+1","Wild Strike+1","Rampage+1"],"picked":"SKIP","floor":8},{"not_picked":["Sword Boomerang+1","Evolve","True Grit"],"picked":"SKIP","floor":10},{"not_picked":["Limit Break","Heavy Blade+1"],"picked":"Demon Form","floor":11},{"not_picked":["Heavy Blade+1","Thunderclap+1","True Grit"],"picked":"SKIP","floor":12},{"not_picked":["Twin Strike+1","Heavy Blade+1"],"picked":"Shrug It Off","floor":13},{"not_picked":["Berserk","Barricade"],"picked":"Offering","floor":16},{"not_picked":["Wild Strike+1","True Grit","Rampage+1"],"picked":"SKIP","floor":18},{"not_picked":["Wild Strike+1","Perfected Strike+1","Thunderclap+1"],"picked":"SKIP","floor":20},{"not_picked":["Blood for Blood+1","Inflame"],"picked":"Pommel Strike+1","floor":22},{"not_picked":["Blood for Blood+1","Cleave+1","Clash+1"],"picked":"SKIP","floor":24},{"not_picked":["Inflame","Warcry+1","Dark Embrace"],"picked":"SKIP","floor":29},{"not_picked":["Clash+1","Heavy Blade+1","Anger+1"],"picked":"SKIP","floor":31}],"player_experience":137109,"relics_obtained":[{"floor":6,"key":"Molten Egg 2"},{"floor":9,"key":"Happy Flower"},{"floor":11,"key":"Anchor"},{"floor":29,"key":"Strawberry"},{"floor":29,"key":"FossilizedHelix"}],"event_choices":[{"damage_healed":0,"gold_gain":0,"player_choice":"Got Potions","damage_taken":0,"max_hp_gain":0,"max_hp_loss":0,"event_name":"Lab","floor":3,"gold_loss":0},{"damage_healed":0,"gold_gain":55,"player_choice":"Gained Gold","damage_taken":0,"max_hp_gain":0,"max_hp_loss":0,"event_name":"Golden Wing","floor":14,"gold_loss":0},{"damage_healed":0,"gold_gain":99,"player_choice":"Stole From Cult","damage_taken":0,"max_hp_gain":0,"max_hp_loss":0,"event_name":"Nest","floor":19,"gold_loss":0},{"damage_healed":29,"gold_gain":0,"player_choice":"Heal","damage_taken":0,"max_hp_gain":0,"max_hp_loss":0,"event_name":"The Library","floor":25,"gold_loss":0},{"damage_healed":0,"gold_gain":0,"player_choice":"Inject Mutagens","damage_taken":0,"relics_obtained":["MutagenicStrength"],"max_hp_gain":0,"max_hp_loss":0,"event_name":"Drug Dealer","floor":30,"gold_loss":0}],"is_beta":false,"boss_relics":[{"not_picked":["Mark of Pain","Snecko Eye"],"picked":"Black Star"}],"items_purged_floors":[],"is_endless":false,"potions_floor_spawned":[2,4,5,12,13,16,20,31],"killed_by":"Automaton","ascension_level":2}