{"gold_per_floor":[112,131,142,142,142,156,174,174,197,216,216],"floor_reached":11,"playtime":414,"items_purged":[],"score":101,"play_id":"311a0c40-1346-4f64-b45d-0419790f1e5a","local_time":"20190424094139","is_ascension_mode":true,"campfire_choices":[],"neow_cost":"TEN_PERCENT_HP_LOSS","seed_source_timestamp":479615641583373,"circlet_count":0,"master_deck":["AscendersBane","Strike_R","Strike_R","Strike_R","Defend_R","Defend_R","Defend_R","Defend_R","Bash","True Grit","Pommel Strike","Spot Weakness","Infernal Blade"],"relics":["Burning Blood","Golden Idol","Omamori","Ornamental Fan","Bag of Marbles"],"potions_floor_usage":[6,7,10],"damage_taken":[{"damage":6,"enemies":"2 Louse","floor":1,"turns":4},{"damage":11,"enemies":"Jaw Worm","floor":2,"turns":6},{"damage":10,"enemies":"Cultist","floor":3,"turns":4},{"damage":27,"enemies":"Large Slime","floor":6,"turns":8},{"damage":20,"enemies":"Exordium Wildlife","floor":7,"turns":8},{"damage":3,"enemies":"3 Louse","floor":10,"turns":4},{"damage":11,"enemies":"Lots of Slimes","floor":11,"turns":1}],"seed_played":"2786587941623497557","potions_obtained":[{"floor":1,"key":"Explosive Potion"},{"floor":2,"key":"GamblersBrew"},{"floor":3,"key":"Swift Potion"}],"is_trial":false,"path_per_floor":["M","M","M","?","?","M","M","T","T","M","M"],"character_chosen":"IRONCLAD","items_purchased":[],"campfire_rested":0,"item_purchase_floors":[],"current_hp_per_floor":[72,67,63,45,42,21,7,7,7,10,0],"gold":216,"neow_bonus":"REMOVE_TWO","is_prod":false,"is_daily":false,"chose_seed":false,"campfire_upgraded":0,"win_rate":0,"timestamp":1556113299,"path_taken":["M","M","M","?","?","M","M","?","T","M","M"],"build_version":"2019-01-23","purchased_purges":0,"victory":false,"max_hp_per_floor":[72,72,72,72,72,72,72,72,72,72,72],"card_choices":[{"not_picked":["Corruption","Anger"],"picked":"True Grit","floor":1},{"not_picked":["Flex","Seeing Red","Body Slam"],"picked":"SKIP","floor":2},{"not_picked":["Warcry","Armaments"],"picked":"Pommel Strike","floor":3},{"not_picked":["Thunderclap","Dual Wield"],"picked":"Spot Weakness","floor":6},{"not_picked":["Feel No Pain","Cleave"],"picked":"Infernal Blade","floor":7},{"not_picked":["Wild Strike","Barricade","Evolve"],"picked":"SKIP","floor":10}],"player_experience":288590,"relics_obtained":[{"floor":8,"key":"Ornamental Fan"},{"floor":9,"key":"Bag of Marbles"}],"event_choices":[{"damage_healed":0,"gold_gain":0,"player_choice":"Take Damage","damage_taken":18,"relics_obtained":["Golden Idol"],"max_hp_gain":0,"max_hp_loss":0,"event_name":"Golden Idol","floor":4,"gold_loss":0},{"damage_healed":0,"gold_gain":0,"player_choice":"Success","damage_taken":3,"relics_obtained":["Omamori"],"max_hp_gain":0,"max_hp_loss":0,"event_name":"Scrap Ooze","floor":5,"gold_loss":0}],"is_beta":false,"boss_relics":[],"items_purged_floors":[],"is_endless":false,"potions_floor_spawned":[1,2,3],"killed_by":"Lots of Slimes","ascension_level":10}