{"gold_per_floor":[217,133,143,157,157,157,188,188,188,188,235,269,284,301,301,401,401,417,417,16,43,73,85,114,126,138,170,196,227,239,270,282,390,402,426,438,204,223,237,266,266,266,315,315,329,329,342,352,352,352],"floor_reached":51,"playtime":3187,"items_purged":["Strike_G","Strike_G"],"score":883,"play_id":"43565979-5867-463f-9859-181efa0a2202","local_time":"20190420231128","is_ascension_mode":true,"campfire_choices":[{"data":"Skewer","floor":6,"key":"SMITH"},{"data":"Footwork","floor":8,"key":"SMITH"},{"data":"Neutralize","floor":10,"key":"SMITH"},{"floor":15,"key":"REST"},{"data":"Noxious Fumes","floor":23,"key":"SMITH"},{"data":"Dodge and Roll","floor":30,"key":"SMITH"},{"floor":32,"key":"REST"},{"data":"Catalyst","floor":41,"key":"SMITH"},{"data":"Backflip","floor":44,"key":"SMITH"},{"floor":49,"key":"REST"}],"neow_cost":"NONE","seed_source_timestamp":348220056104098,"circlet_count":0,"master_deck":["Defend_G","Defend_G","Defend_G","Defend_G","Defend_G","Survivor","Neutralize+1","Footwork+1","Poisoned Stab","Flying Knee","Skewer+1","Malaise","Backflip+1","Dodge and Roll+1","Catalyst+1","Well Laid Plans","Noxious Fumes+1","Escape Plan+1","Adrenaline+1","Infinite Blades","Blur+1","Acrobatics+1","Escape Plan+1"],"relics":["Ring of the Snake","Bottled Lightning","Shuriken","Potion Belt","Matryoshka","Philosopher\u0027s Stone","Bottled Tornado","Bronze Scales","MawBank","Lantern","Blue Candle","Sozu","Blood Vial","The Specimen","Snake Skull"],"potions_floor_usage":[7,13,24,28,31,33,40,50],"damage_taken":[{"damage":3,"enemies":"Jaw Worm","floor":1,"turns":5},{"damage":0,"enemies":"Cultist","floor":3,"turns":4},{"damage":0,"enemies":"2 Louse","floor":4,"turns":3},{"damage":11,"enemies":"Lagavulin","floor":7,"turns":6},{"damage":18,"enemies":"Gremlin Nob","floor":12,"turns":5},{"damage":15,"enemies":"Exordium Thugs","floor":13,"turns":4},{"damage":0,"enemies":"Looter","floor":14,"turns":3},{"damage":25,"enemies":"The Guardian","floor":16,"turns":15},{"damage":6,"enemies":"Chosen","floor":18,"turns":8},{"damage":0,"enemies":"Spheric Guardian","floor":22,"turns":4},{"damage":11,"enemies":"Snecko","floor":24,"turns":7},{"damage":2,"enemies":"Cultist and Chosen","floor":27,"turns":6},{"damage":0,"enemies":"Snake Plant","floor":28,"turns":4},{"damage":4,"enemies":"Snecko","floor":29,"turns":6},{"damage":6,"enemies":"Shelled Parasite and Fungi","floor":31,"turns":5},{"damage":16,"enemies":"Champ","floor":33,"turns":13},{"damage":8,"enemies":"3 Darklings","floor":35,"turns":7},{"damage":0,"enemies":"3 Shapes","floor":38,"turns":5},{"damage":0,"enemies":"Maw","floor":39,"turns":7},{"damage":37,"enemies":"Reptomancer","floor":40,"turns":9},{"damage":23,"enemies":"Sphere and 2 Shapes","floor":45,"turns":5},{"damage":0,"enemies":"3 Darklings","floor":47,"turns":5},{"damage":0,"enemies":"Spire Growth","floor":48,"turns":5},{"damage":23,"enemies":"Time Eater","floor":50,"turns":13}],"seed_played":"2522090470900002940","potions_obtained":[{"floor":4,"key":"FearPotion"},{"floor":7,"key":"PowerPotion"},{"floor":14,"key":"GhostInAJar"},{"floor":16,"key":"Fire Potion"},{"floor":18,"key":"PowerPotion"},{"floor":25,"key":"Block Potion"},{"floor":25,"key":"FairyPotion"},{"floor":25,"key":"Swift Potion"},{"floor":27,"key":"PowerPotion"},{"floor":28,"key":"Strength Potion"}],"is_trial":false,"path_per_floor":["M","$","M","M","?","R","E","R","T","R","T","E","M","M","R","B",null,"M","?","$","T","M","R","M","?","T","M","M","M","R","M","R","B",null,"M","?","$","M","M","E","R","?","T","R","M","?","M","M","R","B",null],"character_chosen":"THE_SILENT","items_purchased":["Footwork","Poisoned Stab","Well Laid Plans","Bottled Tornado","Blood Vial"],"campfire_rested":3,"item_purchase_floors":[2,2,20,20,37],"current_hp_per_floor":[60,60,60,60,53,53,42,42,42,42,42,24,9,9,30,5,54,48,48,48,48,48,48,37,37,37,35,35,31,31,25,46,30,60,52,52,52,54,56,21,21,21,21,21,7,7,9,11,32,11],"gold":352,"neow_bonus":"HUNDRED_GOLD","is_prod":false,"is_daily":false,"chose_seed":false,"campfire_upgraded":7,"win_rate":0,"timestamp":1555816288,"path_taken":["M","$","M","M","?","R","E","R","T","R","?","E","?","M","R","BOSS","M","?","$","?","M","R","M","?","T","M","M","?","R","M","R","BOSS","M","?","$","?","M","E","R","?","T","R","?","?","M","?","R","BOSS"],"build_version":"2019-01-23","purchased_purges":2,"victory":true,"max_hp_per_floor":[70,70,70,70,70,70,70,70,70,70,70,70,70,70,70,70,70,70,70,70,70,70,70,70,70,70,70,70,70,70,70,70,70,70,70,70,70,70,70,70,70,70,70,70,70,70,70,70,70,70],"card_choices":[{"not_picked":["Outmaneuver","Bane","Slice"],"picked":"SKIP","floor":1},{"not_picked":["All Out Attack","Acrobatics"],"picked":"Flying Knee","floor":3},{"not_picked":["Prepared","Eviscerate"],"picked":"Skewer","floor":4},{"not_picked":["Dagger Spray","Tactician"],"picked":"Malaise","floor":7},{"not_picked":["Quick Slash","Grand Finale","Slice"],"picked":"SKIP","floor":12},{"not_picked":["Infinite Blades","Dagger Throw"],"picked":"Backflip","floor":13},{"not_picked":["Expertise","Deadly Poison"],"picked":"Dodge and Roll","floor":14},{"not_picked":["Flechettes","Deflect"],"picked":"Catalyst","floor":18},{"not_picked":["Flying Knee","Prepared"],"picked":"Noxious Fumes","floor":22},{"not_picked":["Cloak And Dagger","Deadly Poison"],"picked":"Escape Plan+1","floor":24},{"not_picked":["Dagger Spray","Expertise","Flying Knee+1"],"picked":"SKIP","floor":27},{"not_picked":["Poisoned Stab+1","Dagger Throw","Dagger Spray+1"],"picked":"SKIP","floor":28},{"not_picked":["Underhanded Strike","Dagger Throw","Bane"],"picked":"SKIP","floor":29},{"not_picked":["Sucker Punch","Eviscerate+1","Tools of the Trade"],"picked":"SKIP","floor":31},{"not_picked":["Die Die Die","Grand Finale"],"picked":"Adrenaline","floor":33},{"not_picked":["Acrobatics","Sucker Punch+1"],"picked":"Infinite Blades","floor":35},{"not_picked":["Accuracy","All Out Attack+1","Reflex+1"],"picked":"SKIP","floor":38},{"not_picked":["Outmaneuver+1","Setup+1"],"picked":"Blur+1","floor":39},{"not_picked":["Prepared+1","Distraction","Blade Dance"],"picked":"SKIP","floor":40},{"not_picked":["Accuracy+1","Slice+1"],"picked":"Acrobatics+1","floor":45},{"not_picked":["Dagger Throw","Slice+1","Dagger Spray"],"picked":"SKIP","floor":47},{"not_picked":["Grand Finale","Outmaneuver"],"picked":"Escape Plan+1","floor":48}],"player_experience":243896,"relics_obtained":[{"floor":7,"key":"Bottled Lightning"},{"floor":9,"key":"Shuriken"},{"floor":11,"key":"Potion Belt"},{"floor":12,"key":"Matryoshka"},{"floor":21,"key":"Bronze Scales"},{"floor":21,"key":"MawBank"},{"floor":26,"key":"Lantern"},{"floor":26,"key":"Blue Candle"},{"floor":40,"key":"The Specimen"},{"floor":43,"key":"Snake Skull"}],"event_choices":[{"cards_removed":["Strike_G"],"damage_healed":0,"gold_gain":0,"player_choice":"Card Removal","damage_taken":7,"max_hp_gain":0,"max_hp_loss":0,"event_name":"Golden Wing","floor":5,"gold_loss":0},{"cards_removed":["Strike_G"],"damage_healed":0,"gold_gain":0,"player_choice":"Purged","damage_taken":0,"max_hp_gain":0,"max_hp_loss":0,"event_name":"Purifier","floor":19,"gold_loss":0},{"damage_healed":0,"gold_gain":0,"player_choice":"Got Potions","damage_taken":0,"max_hp_gain":0,"max_hp_loss":0,"event_name":"Lab","floor":25,"gold_loss":0},{"cards_removed":["Strike_G"],"damage_healed":0,"gold_gain":0,"player_choice":"Purged","damage_taken":0,"max_hp_gain":0,"max_hp_loss":0,"event_name":"Purifier","floor":36,"gold_loss":0},{"damage_healed":0,"gold_gain":0,"player_choice":"Bought 0 Potions","damage_taken":0,"max_hp_gain":0,"max_hp_loss":0,"event_name":"The Woman in Blue","floor":42,"gold_loss":0},{"damage_healed":0,"gold_gain":0,"player_choice":"Upgraded","damage_taken":0,"max_hp_gain":0,"max_hp_loss":0,"event_name":"Upgrade Shrine","floor":46,"gold_loss":0,"cards_upgraded":["Adrenaline"]}],"is_beta":false,"boss_relics":[{"not_picked":["Runic Dome","Black Star"],"picked":"Philosopher\u0027s Stone"},{"not_picked":["Pandora\u0027s Box","Fusion Hammer"],"picked":"Sozu"}],"items_purged_floors":[20,37],"is_endless":false,"potions_floor_spawned":[4,7,14,16,18,27,28,39,40,45],"ascension_level":6}