{"gold_per_floor":[111,123,143,68,243,243,276,276,302,315,329,329,329,372,372,502,502,526,526,44,60,26,95,95],"floor_reached":24,"playtime":1321,"items_purged":["Strike_B"],"score":224,"play_id":"50d35e93-12b2-4e51-a806-e258d8d3cdfc","local_time":"20181116211748","is_ascension_mode":false,"campfire_choices":[{"data":"Zap","floor":6,"key":"SMITH"},{"floor":8,"key":"REST"},{"floor":13,"key":"REST"},{"floor":15,"key":"REST"}],"neow_cost":"NONE","seed_source_timestamp":745465587121562,"circlet_count":0,"master_deck":["Strike_B","Strike_B","Strike_B","Defend_B","Defend_B","Defend_B","Defend_B","Zap+1","Dualcast","Storm","Conserve Battery","Heatsinks","Doubt","Cold Snap","Ball Lightning","Biased Cognition","Beam Cell+1","Defragment","Gash","Scrape","Go for the Eyes+1"],"relics":["Cracked Core","Anchor","Omamori","Golden Idol","Bottled Lightning","Runic Pyramid","MutagenicStrength","Lantern","HandDrill","Tiny Chest"],"potions_floor_usage":[7,16,16,21,24],"damage_taken":[{"damage":3,"enemies":"Jaw Worm","floor":1,"turns":4},{"damage":0,"enemies":"2 Louse","floor":2,"turns":3},{"damage":5,"enemies":"Small Slimes","floor":3,"turns":4},{"damage":23,"enemies":"Gremlin Nob","floor":7,"turns":6},{"damage":11,"enemies":"2 Fungi Beasts","floor":10,"turns":4},{"damage":5,"enemies":"3 Louse","floor":11,"turns":2},{"damage":34,"enemies":"3 Sentries","floor":14,"turns":7},{"damage":34,"enemies":"Hexaghost","floor":16,"turns":9},{"damage":11,"enemies":"Shell Parasite","floor":18,"turns":5},{"damage":20,"enemies":"3 Byrds","floor":21,"turns":3},{"damage":44,"enemies":"Slavers","floor":23,"turns":5},{"damage":8,"enemies":"Snake Plant","floor":24,"turns":2}],"seed_played":"5451162265969185659","potions_obtained":[{"floor":1,"key":"PowerPotion"},{"floor":3,"key":"Weak Potion"},{"floor":10,"key":"Strength Potion"},{"floor":16,"key":"SpeedPotion"},{"floor":23,"key":"EssenceOfSteel"}],"is_trial":false,"path_per_floor":["M","M","M","$","?","R","E","R","T","M","M","?","R","E","R","B",null,"M","?","$","M","$","E","M"],"character_chosen":"DEFECT","items_purchased":["Defragment","Lantern","HandDrill","Gash","Scrape"],"campfire_rested":3,"item_purchase_floors":[20,20,20,20,22],"current_hp_per_floor":[79,79,74,74,74,74,51,75,75,64,59,59,82,48,72,38,82,71,71,71,51,51,7,0],"gold":95,"neow_bonus":"TEN_PERCENT_HP_BONUS","is_prod":false,"is_daily":false,"chose_seed":false,"campfire_upgraded":1,"win_rate":0,"timestamp":1542392268,"path_taken":["M","M","M","$","?","R","E","R","T","M","M","?","R","E","R","BOSS","M","?","$","M","$","E","M"],"build_version":"2018-11-15","purchased_purges":1,"victory":false,"max_hp_per_floor":[82,82,82,82,82,82,82,82,82,82,82,82,82,82,82,82,82,82,82,82,82,82,82,82],"card_choices":[{"not_picked":["Coolheaded","Hello World"],"picked":"Storm","floor":1},{"not_picked":["Redo","Scrape"],"picked":"Conserve Battery","floor":2},{"not_picked":["Stack","Gash"],"picked":"Heatsinks","floor":3},{"not_picked":["Gash","Stack"],"picked":"Cold Snap","floor":7},{"not_picked":["Chaos","Blizzard"],"picked":"Ball Lightning","floor":10},{"not_picked":["Tempest","Meteor Strike","Hologram"],"picked":"SKIP","floor":11},{"not_picked":["Consume","Barrage","Leap"],"picked":"SKIP","floor":14},{"not_picked":["Machine Learning","All For One"],"picked":"Biased Cognition","floor":16},{"not_picked":["Compile Driver","Rebound"],"picked":"Beam Cell+1","floor":18},{"not_picked":["Coolheaded","Auto Shields","Meteor Strike"],"picked":"SKIP","floor":21},{"not_picked":["Genetic Algorithm","Turbo"],"picked":"Go for the Eyes+1","floor":23}],"player_experience":326653,"relics_obtained":[{"floor":7,"key":"Anchor"},{"floor":9,"key":"Omamori"},{"floor":14,"key":"Bottled Lightning"},{"floor":23,"key":"Tiny Chest"}],"event_choices":[{"damage_healed":0,"gold_gain":175,"player_choice":"AGREE","damage_taken":0,"max_hp_gain":0,"max_hp_loss":0,"event_name":"Liars Game","floor":5,"gold_loss":0,"cards_obtained":["Doubt"]},{"damage_healed":0,"gold_gain":0,"player_choice":"Take Wound","damage_taken":0,"relics_obtained":["Golden Idol"],"max_hp_gain":0,"max_hp_loss":0,"event_name":"Golden Idol","floor":12,"gold_loss":0,"cards_obtained":["Injury"]},{"damage_healed":0,"gold_gain":0,"player_choice":"Inject Mutagens","damage_taken":0,"relics_obtained":["MutagenicStrength"],"max_hp_gain":0,"max_hp_loss":0,"event_name":"Drug Dealer","floor":19,"gold_loss":0}],"is_beta":false,"boss_relics":[{"not_picked":["Busted Crown","Lizard Tail"],"picked":"Runic Pyramid"}],"items_purged_floors":[4],"is_endless":false,"potions_floor_spawned":[1,3,10,16,23],"killed_by":"Snake Plant","ascension_level":0}