{"gold_per_floor":[110,185,185,199,199,199,222,243,269,283,283,118,138,182,182,312,312,267,267,267,267,267,267,267,267],"floor_reached":25,"playtime":1362,"items_purged":["Regret"],"score":259,"play_id":"2e3348f6-311f-4b60-9d6f-22667667393b","local_time":"20190416091933","is_ascension_mode":true,"campfire_choices":[{"data":"Spot Weakness","floor":6,"key":"SMITH"},{"data":"Flex","floor":11,"key":"SMITH"},{"data":"Pummel","floor":15,"key":"SMITH"},{"floor":23,"key":"REST"}],"neow_cost":"CURSE","seed_source_timestamp":184295337457403,"circlet_count":0,"master_deck":["Strike_R","Strike_R","Strike_R","Strike_R","Strike_R","Defend_R","Defend_R","Defend_R","Defend_R","Bash","Infernal Blade","Spot Weakness+1","Heavy Blade","Flex+1","Cleave","Pummel+1","Thunderclap","Shrug It Off","Limit Break+1","Flex","Sword Boomerang+1","Twin Strike"],"relics":["Burning Blood","Ginger","Pen Nib","Golden Idol","Lantern","Dodecahedron","Ectoplasm","WingedGreaves"],"potions_floor_usage":[10,13,14,20,21,24,25],"damage_taken":[{"damage":11,"enemies":"Small Slimes","floor":1,"turns":4},{"damage":5,"enemies":"2 Louse","floor":4,"turns":3},{"damage":11,"enemies":"Jaw Worm","floor":7,"turns":3},{"damage":11,"enemies":"Blue Slaver","floor":8,"turns":4},{"damage":0,"enemies":"Lots of Slimes","floor":10,"turns":1},{"damage":1,"enemies":"Large Slime","floor":13,"turns":3},{"damage":10,"enemies":"Gremlin Nob","floor":14,"turns":3},{"damage":12,"enemies":"Slime Boss","floor":16,"turns":6},{"damage":15,"enemies":"2 Thieves","floor":18,"turns":3},{"damage":23,"enemies":"3 Byrds","floor":20,"turns":4},{"damage":11,"enemies":"Cultist and Chosen","floor":21,"turns":6},{"damage":39,"enemies":"3 Cultists","floor":22,"turns":5},{"damage":29,"enemies":"Slavers","floor":24,"turns":4},{"damage":30,"enemies":"Snake Plant","floor":25,"turns":2}],"seed_played":"4288087866821171506","potions_obtained":[{"floor":4,"key":"Poison Potion"},{"floor":7,"key":"Explosive Potion"},{"floor":10,"key":"Block Potion"},{"floor":14,"key":"SpeedPotion"},{"floor":18,"key":"Regen Potion"},{"floor":21,"key":"Poison Potion"},{"floor":24,"key":"Poison Potion"}],"is_trial":false,"path_per_floor":["M","?","?","M","?","R","M","M","T","M","R","$","M","E","R","B",null,"M","?","M","M","M","R","E","M"],"character_chosen":"IRONCLAD","items_purchased":["Pummel","Thunderclap"],"campfire_rested":1,"item_purchase_floors":[12,12],"current_hp_per_floor":[75,64,61,62,42,42,37,32,32,38,38,38,43,39,39,33,80,71,71,63,58,25,49,26,0],"gold":267,"neow_bonus":"ONE_RARE_RELIC","is_prod":false,"is_daily":false,"chose_seed":false,"campfire_upgraded":3,"win_rate":0,"timestamp":1555420773,"path_taken":["M","?","?","M","?","R","M","M","T","M","R","?","M","E","R","BOSS","M","?","M","M","?","R","E","M"],"build_version":"2019-01-23","purchased_purges":1,"victory":false,"max_hp_per_floor":[80,80,80,80,80,80,80,80,80,80,80,80,80,80,80,80,80,80,80,80,80,80,80,80,80],"card_choices":[{"not_picked":["True Grit","Clothesline"],"picked":"Infernal Blade","floor":1},{"not_picked":["Clothesline","Fire Breathing"],"picked":"Spot Weakness","floor":4},{"not_picked":["Wild Strike","Iron Wave"],"picked":"Heavy Blade","floor":7},{"not_picked":["True Grit","Anger"],"picked":"Flex","floor":8},{"not_picked":["Fire Breathing","Sentinel"],"picked":"Cleave","floor":10},{"not_picked":["Thunderclap","Hemokinesis","Flex"],"picked":"SKIP","floor":13},{"not_picked":["Fiend Fire","Cleave"],"picked":"Shrug It Off","floor":14},{"not_picked":["Impervious","Brutality"],"picked":"Limit Break","floor":16},{"not_picked":["Clash","Pommel Strike","Wild Strike"],"picked":"SKIP","floor":18},{"not_picked":["Body Slam+1","Fiend Fire"],"picked":"Flex","floor":20},{"not_picked":["Dual Wield+1","Power Through"],"picked":"Sword Boomerang+1","floor":21},{"not_picked":["Pommel Strike","Entrench+1"],"picked":"Twin Strike","floor":22},{"not_picked":["Anger","Ghostly Armor+1","Power Through"],"picked":"SKIP","floor":24}],"player_experience":157716,"relics_obtained":[{"floor":9,"key":"Lantern"},{"floor":14,"key":"Dodecahedron"},{"floor":24,"key":"WingedGreaves"}],"event_choices":[{"damage_healed":0,"gold_gain":75,"player_choice":"Gather Gold","damage_taken":11,"max_hp_gain":0,"max_hp_loss":0,"event_name":"World of Goop","floor":2,"gold_loss":0},{"damage_healed":0,"gold_gain":0,"player_choice":"Success","damage_taken":3,"relics_obtained":["Pen Nib"],"max_hp_gain":0,"max_hp_loss":0,"event_name":"Scrap Ooze","floor":3,"gold_loss":0},{"damage_healed":0,"gold_gain":0,"player_choice":"Take Damage","damage_taken":20,"relics_obtained":["Golden Idol"],"max_hp_gain":0,"max_hp_loss":0,"event_name":"Golden Idol","floor":5,"gold_loss":0},{"damage_healed":0,"gold_gain":0,"player_choice":"Upgraded","damage_taken":0,"max_hp_gain":0,"max_hp_loss":0,"event_name":"Upgrade Shrine","floor":19,"gold_loss":0,"cards_upgraded":["Limit Break"]}],"is_beta":false,"boss_relics":[{"not_picked":["Runic Pyramid","Lizard Tail"],"picked":"Ectoplasm"}],"items_purged_floors":[12],"is_endless":false,"potions_floor_spawned":[4,7,10,14,18,21,24],"killed_by":"Snake Plant","ascension_level":3}