{"gold_per_floor":[118,118,129,142,162,189,200,217,217,217,251,281,281],"floor_reached":13,"playtime":651,"items_purged":[],"score":102,"play_id":"feb800d7-8585-4d72-b17d-3a17dc1ad535","local_time":"20190409213849","is_ascension_mode":true,"campfire_choices":[{"data":"Cloak And Dagger","floor":10,"key":"SMITH"}],"neow_cost":"NONE","seed_source_timestamp":0,"circlet_count":0,"master_deck":["Defend_G","Defend_G","Defend_G","Defend_G","Defend_G","Strike_G","Strike_G","Strike_G","Strike_G","Survivor","Neutralize","Poisoned Stab","Cloak And Dagger+1","Quick Slash","Flying Knee","Flying Knee","Distraction","All Out Attack","Quick Slash"],"special_seed":0,"relics":["Ring of the Snake","Nunchaku","Peace Pipe"],"potions_floor_usage":[11],"damage_taken":[{"damage":0.0,"enemies":"Cultist","floor":1.0,"turns":4.0},{"damage":5.0,"enemies":"Jaw Worm","floor":3.0,"turns":4.0},{"damage":0.0,"enemies":"2 Louse","floor":4.0,"turns":3.0},{"damage":4.0,"enemies":"Large Slime","floor":5.0,"turns":7.0},{"damage":15.0,"enemies":"3 Sentries","floor":6.0,"turns":11.0},{"damage":10.0,"enemies":"2 Fungi Beasts","floor":7.0,"turns":4.0},{"damage":1.0,"enemies":"Gremlin Gang","floor":8.0,"turns":3.0},{"damage":35,"enemies":"Lagavulin","floor":11,"turns":9},{"damage":14,"enemies":"3 Sentries","floor":13,"turns":4}],"seed_played":"7020679641485597466","potions_obtained":[{"floor":4.0,"key":"SpeedPotion"},{"floor":7.0,"key":"Fire Potion"},{"floor":8.0,"key":"SpeedPotion"}],"is_trial":false,"path_per_floor":["M","?","M","M","M","E","M","M","T","R","E","?","E"],"character_chosen":"THE_SILENT","items_purchased":[],"campfire_rested":0,"item_purchase_floors":[],"current_hp_per_floor":[77,77,72,72,68,53,43,42,42,42,7,7,0],"gold":281,"neow_bonus":"TEN_PERCENT_HP_BONUS","is_prod":false,"is_daily":false,"chose_seed":false,"campfire_upgraded":1,"win_rate":0,"timestamp":1554860329,"path_taken":["M","?","M","M","?","E","M","M","T","R","E","?","E"],"build_version":"2019-01-23","purchased_purges":0,"victory":false,"max_hp_per_floor":[77,77,77,77,77,77,77,77,77,77,77,77,77],"card_choices":[{"not_picked":["Bane","Slice"],"picked":"Poisoned Stab","floor":1.0},{"not_picked":["Riddle With Holes","Choke"],"picked":"Cloak And Dagger","floor":3.0},{"not_picked":["Skewer","Eviscerate"],"picked":"Quick Slash","floor":4.0},{"not_picked":["Acrobatics","Blade Dance"],"picked":"Flying Knee","floor":5.0},{"not_picked":["Reflex","Cloak And Dagger"],"picked":"Flying Knee","floor":6.0},{"not_picked":["Wraith Form v2","Caltrops"],"picked":"Distraction","floor":7.0},{"not_picked":["Choke","Backflip"],"picked":"All Out Attack","floor":8.0},{"not_picked":["Bouncing Flask","Dagger Spray"],"picked":"Quick Slash","floor":11}],"player_experience":120304,"relics_obtained":[{"floor":6.0,"key":"Nunchaku"},{"floor":11,"key":"Peace Pipe"}],"event_choices":[{"cards_removed":["Strike_G"],"damage_healed":0.0,"max_hp_gain":0.0,"max_hp_loss":0.0,"gold_gain":0.0,"event_name":"Purifier","player_choice":"Purged","floor":2.0,"gold_loss":0.0,"damage_taken":0.0},{"damage_healed":0,"gold_gain":30,"player_choice":"Searched \u00271\u0027 times","damage_taken":0,"max_hp_gain":0,"max_hp_loss":0,"event_name":"Dead Adventurer","floor":12,"gold_loss":0}],"is_beta":false,"boss_relics":[],"items_purged_floors":[],"is_endless":false,"potions_floor_spawned":[4,7,8],"killed_by":"3 Sentries","ascension_level":1}