{"gold_per_floor":[212,212,287,33,52,52,2,2,2,2,2,28,43,43,43,140,140,159,159,175,275,275,275,55,55,355,355,374,374,374,387,387,486,486,497,497,516,365,365,365,136,136,136,155,155,255,255,275,275,275],"floor_reached":51,"playtime":9419,"items_purged":["Strike_R","Strike_R+1"],"score":637,"play_id":"963117af-e7c5-4fc9-a436-fda01046ffe6","local_time":"20190607161343","is_ascension_mode":false,"campfire_choices":[{"data":"Bash","floor":6,"key":"SMITH"},{"data":"Shrug It Off","floor":8,"key":"SMITH"},{"data":"Defend_R","floor":10,"key":"SMITH"},{"data":"Berserk","floor":15,"key":"SMITH"},{"data":"Metallicize","floor":23,"key":"SMITH"},{"data":"Defend_R","floor":25,"key":"SMITH"},{"data":"Defend_R","floor":27,"key":"SMITH"},{"data":"Defend_R","floor":29,"key":"SMITH"},{"data":"Strike_R","floor":32,"key":"SMITH"},{"data":"Disarm","floor":40,"key":"SMITH"},{"floor":45,"key":"DIG"},{"floor":47,"key":"DIG"},{"floor":49,"key":"DIG"}],"neow_cost":"NONE","seed_source_timestamp":1943978351849900,"circlet_count":0,"master_deck":["Defend_R+1","Defend_R+1","Defend_R+1","Defend_R+1","Bash+1","Shrug It Off+1","Pommel Strike+1","Berserk+1","Metallicize+1","Demon Form+1","Twin Strike+1","Headbutt+1","Pommel Strike+1","Twin Strike+1","Reaper+1","Inflame","Disarm+1","Spot Weakness","Shrug It Off","Intimidate","Headbutt+1","Impervious","Panacea","Dramatic Entrance+1","Madness"],"relics":["Burning Blood","Molten Egg 2","Bottled Lightning","Happy Flower","Mark of Pain","MutagenicStrength","WingedGreaves","Pantograph","Lantern","Old Coin","Nilry\u0027s Codex","Orrery","GremlinMask","Juzu Bracelet","Shovel","Peace Pipe","Unceasing Top","Champion Belt","StoneCalendar"],"potions_floor_usage":[21,21,33,48,50,50],"damage_taken":[{"damage":6,"enemies":"Jaw Worm","floor":1,"turns":4},{"damage":1,"enemies":"2 Louse","floor":5,"turns":4},{"damage":28,"enemies":"Gremlin Nob","floor":12,"turns":4},{"damage":1,"enemies":"Small Slimes","floor":13,"turns":3},{"damage":31,"enemies":"The Guardian","floor":16,"turns":12},{"damage":2,"enemies":"Chosen","floor":18,"turns":6},{"damage":6,"enemies":"Shell Parasite","floor":20,"turns":5},{"damage":8,"enemies":"Colosseum Slavers","floor":21,"turns":4},{"damage":35,"enemies":"Colosseum Nobs","floor":21,"turns":5},{"damage":0,"enemies":"Snecko","floor":28,"turns":4},{"damage":11,"enemies":"Snake Plant","floor":31,"turns":4},{"damage":43,"enemies":"Collector","floor":33,"turns":6},{"damage":2,"enemies":"Orb Walker","floor":35,"turns":5},{"damage":1,"enemies":"3 Shapes","floor":37,"turns":6},{"damage":4,"enemies":"Spire Growth","floor":44,"turns":6},{"damage":0,"enemies":"Mind Bloom Boss Battle","floor":46,"turns":7},{"damage":21,"enemies":"4 Shapes","floor":48,"turns":5},{"damage":85,"enemies":"Time Eater","floor":50,"turns":9}],"seed_played":"3931584770561177906","potions_obtained":[{"floor":16,"key":"Explosive Potion"},{"floor":18,"key":"LiquidBronze"},{"floor":31,"key":"GamblersBrew"},{"floor":33,"key":"Swift Potion"},{"floor":35,"key":"Strength Potion"},{"floor":37,"key":"FearPotion"},{"floor":44,"key":"PowerPotion"}],"is_trial":false,"path_per_floor":["M","?","?","$","M","R","?","R","T","R","?","E","M","$","R","B",null,"M","?","M","?","?","R","$","R","T","R","M","R","?","M","R","B",null,"M","?","M","$","?","R","$","?","T","M","R","?","R","M","R","B",null],"character_chosen":"IRONCLAD","items_purchased":["Molten Egg 2","Lantern","Strength Potion","Juzu Bracelet","Impervious"],"campfire_rested":0,"item_purchase_floors":[4,24,38,41,41],"current_hp_per_floor":[80,80,69,69,74,74,74,74,74,74,67,45,50,50,50,25,80,80,80,80,49,49,49,49,49,49,49,55,55,39,34,34,22,80,80,80,80,80,80,80,80,70,70,72,72,80,80,65,65,15],"gold":275,"neow_bonus":"HUNDRED_GOLD","is_prod":false,"is_daily":false,"chose_seed":false,"campfire_upgraded":10,"win_rate":0,"timestamp":1559938423,"path_taken":["M","?","?","$","M","R","?","R","T","R","?","E","M","?","R","BOSS","M","?","M","?","?","R","$","R","T","R","?","R","?","M","R","BOSS","M","?","M","$","?","R","$","?","T","M","R","?","R","M","R","BOSS"],"build_version":"2019-01-23","purchased_purges":2,"victory":true,"max_hp_per_floor":[80,80,80,80,80,80,80,80,80,80,80,80,80,80,80,80,80,80,80,80,80,80,80,80,80,80,80,80,80,80,80,80,80,80,80,80,80,80,80,80,80,80,80,80,80,80,80,80,80,80],"card_choices":[{"not_picked":["Iron Wave","Infernal Blade"],"picked":"Shrug It Off","floor":1},{"not_picked":["Heavy Blade+1","Havoc"],"picked":"Pommel Strike+1","floor":5},{"not_picked":["Perfected Strike+1","Havoc"],"picked":"Berserk","floor":12},{"not_picked":["Pummel+1","Armaments"],"picked":"Metallicize","floor":13},{"not_picked":["Offering","Berserk"],"picked":"Demon Form","floor":16},{"not_picked":["Iron Wave+1","Sword Boomerang+1"],"picked":"Twin Strike+1","floor":18},{"not_picked":["Sever Soul+1","True Grit"],"picked":"Headbutt+1","floor":20},{"not_picked":["Havoc","Intimidate"],"picked":"Pommel Strike+1","floor":21},{"not_picked":["Warcry","Headbutt+1","Twin Strike+1"],"picked":"SKIP","floor":28},{"not_picked":["Juggernaut","Hemokinesis+1"],"picked":"Twin Strike+1","floor":31},{"not_picked":["Immolate+1","Feed+1"],"picked":"Reaper+1","floor":33},{"not_picked":["Flex","Infernal Blade"],"picked":"Inflame","floor":34},{"not_picked":["Havoc","Warcry"],"picked":"Disarm","floor":34},{"not_picked":["Berserk","Flex"],"picked":"Spot Weakness","floor":34},{"not_picked":["Clothesline+1","Shockwave"],"picked":"Shrug It Off","floor":34},{"not_picked":["Sword Boomerang+1","Clash+1"],"picked":"Intimidate","floor":34},{"not_picked":["Perfected Strike+1","Hemokinesis+1","Flex"],"picked":"SKIP","floor":35},{"not_picked":["Bloodletting","Sword Boomerang+1"],"picked":"Headbutt+1","floor":37},{"not_picked":["Chrysalis","Forethought"],"picked":"Panacea","floor":42},{"not_picked":["Finesse","Good Instincts"],"picked":"Dramatic Entrance+1","floor":42},{"not_picked":["Forethought","Blind"],"picked":"Madness","floor":42},{"not_picked":["Clothesline+1","Bloodletting+1","Carnage+1"],"picked":"SKIP","floor":44},{"not_picked":["Carnage+1","Iron Wave+1","Shrug It Off+1"],"picked":"SKIP","floor":48}],"player_experience":1158121,"relics_obtained":[{"floor":9,"key":"Bottled Lightning"},{"floor":12,"key":"Happy Flower"},{"floor":21,"key":"WingedGreaves"},{"floor":21,"key":"Pantograph"},{"floor":26,"key":"Old Coin"},{"floor":30,"key":"Nilry\u0027s Codex"},{"floor":43,"key":"Shovel"},{"floor":45,"key":"Peace Pipe"},{"floor":46,"key":"Unceasing Top"},{"floor":47,"key":"Champion Belt"},{"floor":49,"key":"StoneCalendar"}],"event_choices":[{"cards_removed":["Strike_R"],"damage_healed":0,"gold_gain":0,"player_choice":"Forget","damage_taken":0,"max_hp_gain":0,"max_hp_loss":0,"event_name":"Living Wall","floor":2,"gold_loss":0},{"damage_healed":0,"gold_gain":75,"player_choice":"Gather Gold","damage_taken":11,"max_hp_gain":0,"max_hp_loss":0,"event_name":"World of Goop","floor":3,"gold_loss":0},{"cards_removed":["Strike_R"],"damage_healed":0,"gold_gain":0,"player_choice":"Card Removal","damage_taken":0,"max_hp_gain":0,"max_hp_loss":0,"event_name":"The Cleric","floor":7,"gold_loss":50},{"cards_removed":["Strike_R"],"damage_healed":0,"gold_gain":0,"player_choice":"Card Removal","damage_taken":7,"max_hp_gain":0,"max_hp_loss":0,"event_name":"Golden Wing","floor":11,"gold_loss":0},{"damage_healed":0,"gold_gain":0,"player_choice":"Inject Mutagens","damage_taken":0,"relics_obtained":["MutagenicStrength"],"max_hp_gain":0,"max_hp_loss":0,"event_name":"Drug Dealer","floor":19,"gold_loss":0},{"damage_healed":0,"gold_gain":0,"player_choice":"Fight","damage_taken":0,"max_hp_gain":0,"max_hp_loss":0,"event_name":"Colosseum","floor":21,"gold_loss":0},{"damage_healed":0,"gold_gain":0,"player_choice":"Fought Nobs","damage_taken":0,"max_hp_gain":0,"max_hp_loss":0,"event_name":"Colosseum","floor":21,"gold_loss":0},{"damage_healed":0,"gold_gain":0,"player_choice":"Upgraded","damage_taken":0,"max_hp_gain":0,"max_hp_loss":0,"event_name":"Upgrade Shrine","floor":22,"gold_loss":0,"cards_upgraded":["Demon Form"]},{"damage_healed":0,"gold_gain":0,"player_choice":"Obtained Book","damage_taken":16,"max_hp_gain":0,"max_hp_loss":0,"event_name":"Cursed Tome","floor":30,"gold_loss":0},{"damage_healed":0,"gold_gain":0,"player_choice":"Ignored","damage_taken":0,"max_hp_gain":0,"max_hp_loss":0,"event_name":"Tomb of Lord Red Mask","floor":36,"gold_loss":0},{"damage_healed":0,"gold_gain":0,"player_choice":"Trade","damage_taken":0,"relics_obtained":["GremlinMask"],"max_hp_gain":0,"max_hp_loss":0,"event_name":"FaceTrader","floor":39,"gold_loss":0},{"damage_healed":0,"gold_gain":0,"player_choice":"Memory 3","damage_taken":10,"max_hp_gain":0,"max_hp_loss":0,"event_name":"SensoryStone","floor":42,"gold_loss":0},{"damage_healed":0,"gold_gain":0,"player_choice":"Fight","damage_taken":0,"max_hp_gain":0,"max_hp_loss":0,"event_name":"MindBloom","floor":46,"gold_loss":0}],"is_beta":false,"boss_relics":[{"not_picked":["Runic Dome","White Beast Statue"],"picked":"Mark of Pain"},{"not_picked":["Cursed Key","Busted Crown"],"picked":"Orrery"}],"items_purged_floors":[24,38],"is_endless":false,"potions_floor_spawned":[16,18,21,31,33,35,37,44,46],"ascension_level":0}