{"gold_per_floor":[116,116,129,139,157,157,188,363,363,30,30,45,57,72,72,171,171,190,210,221,320,332,332,332],"floor_reached":24,"playtime":1788,"items_purged":["Doubt"],"score":273,"play_id":"6b5ff1e3-fa38-4fd9-b1a7-554ee3b894cc","local_time":"20190518160025","is_ascension_mode":true,"campfire_choices":[{"data":"Zap","floor":6,"key":"SMITH"},{"data":"Self Repair","floor":11,"key":"SMITH"},{"data":"Streamline","floor":15,"key":"SMITH"},{"data":"Machine Learning","floor":23,"key":"SMITH"}],"neow_cost":"PERCENT_DAMAGE","seed_source_timestamp":136182988484791,"circlet_count":0,"master_deck":["Strike_B","Strike_B","Defend_B","Defend_B","Defend_B","Zap+1","Dualcast","Cold Snap","Self Repair+1","Core Surge","Conserve Battery","Streamline+1","Machine Learning+1","Beam Cell+1","Cold Snap+1","Redo+1"],"relics":["Cracked Core","DataDisk","Pantograph","Nuclear Battery"],"potions_floor_usage":[19,19,20,22],"damage_taken":[{"damage":3,"enemies":"2 Louse","floor":1,"turns":2},{"damage":0,"enemies":"Cultist","floor":3,"turns":3},{"damage":5,"enemies":"Jaw Worm","floor":4,"turns":5},{"damage":3,"enemies":"2 Fungi Beasts","floor":5,"turns":3},{"damage":18,"enemies":"3 Sentries","floor":7,"turns":9},{"damage":10,"enemies":"Blue Slaver","floor":12,"turns":3},{"damage":3,"enemies":"Looter","floor":13,"turns":2},{"damage":5,"enemies":"Exordium Wildlife","floor":14,"turns":4},{"damage":38,"enemies":"Slime Boss","floor":16,"turns":9},{"damage":4,"enemies":"Spheric Guardian","floor":18,"turns":4},{"damage":26,"enemies":"2 Thieves","floor":19,"turns":4},{"damage":25,"enemies":"Snake Plant","floor":20,"turns":4},{"damage":12,"enemies":"Snecko","floor":22,"turns":4},{"damage":60,"enemies":"Slavers","floor":24,"turns":3}],"seed_played":"3351395491443740061","potions_obtained":[{"floor":5,"key":"Weak Potion"},{"floor":12,"key":"Weak Potion"},{"floor":13,"key":"PowerPotion"},{"floor":22,"key":"Fruit Juice"}],"is_trial":false,"path_per_floor":["M","?","M","M","M","R","E","?","T","$","R","M","M","M","R","B",null,"M","M","M","?","M","R","E"],"character_chosen":"DEFECT","items_purchased":["Pantograph"],"campfire_rested":0,"item_purchase_floors":[10],"current_hp_per_floor":[47,47,47,49,53,53,42,42,42,42,42,42,49,54,54,47,68,74,68,53,53,56,56,0],"gold":332,"neow_bonus":"REMOVE_TWO","is_prod":false,"is_daily":false,"chose_seed":false,"campfire_upgraded":4,"win_rate":0,"timestamp":1558209625,"path_taken":["M","?","M","M","?","R","E","?","T","$","R","M","M","M","R","BOSS","M","M","M","?","M","R","E"],"build_version":"2019-01-23","purchased_purges":1,"victory":false,"max_hp_per_floor":[75,75,75,75,75,75,75,75,75,75,75,75,75,75,75,75,75,75,75,75,75,80,80,80],"card_choices":[{"not_picked":["Go for the Eyes","Turbo"],"picked":"Cold Snap","floor":1},{"not_picked":["Compile Driver","Steam"],"picked":"Self Repair","floor":3},{"not_picked":["Leap","Beam Cell"],"picked":"Core Surge","floor":4},{"not_picked":["Rip and Tear","Steam","Compile Driver"],"picked":"SKIP","floor":5},{"not_picked":["Chaos","Beam Cell","Storm"],"picked":"SKIP","floor":7},{"not_picked":["Compile Driver","Reprogram","Lockon"],"picked":"SKIP","floor":12},{"not_picked":["Rebound","Double Energy"],"picked":"Conserve Battery","floor":13},{"not_picked":["Barrage","Double Energy"],"picked":"Streamline","floor":14},{"not_picked":["Reboot","Multi-Cast"],"picked":"Machine Learning","floor":16},{"not_picked":["Reinforced Body","Ball Lightning"],"picked":"Beam Cell+1","floor":18},{"not_picked":["Streamline","Steam","Compile Driver"],"picked":"SKIP","floor":19},{"not_picked":["Beam Cell+1","Storm"],"picked":"Cold Snap+1","floor":20},{"not_picked":["Reprogram","Stack+1"],"picked":"Redo+1","floor":22}],"player_experience":346137,"relics_obtained":[{"floor":7,"key":"DataDisk"}],"event_choices":[{"cards_removed":["Strike_B"],"damage_healed":0,"gold_gain":0,"player_choice":"Purged","damage_taken":0,"max_hp_gain":0,"max_hp_loss":0,"event_name":"Purifier","floor":2,"gold_loss":0},{"damage_healed":0,"gold_gain":175,"player_choice":"AGREE","damage_taken":0,"max_hp_gain":0,"max_hp_loss":0,"event_name":"Liars Game","floor":8,"gold_loss":0,"cards_obtained":["Doubt"]},{"damage_healed":0,"gold_gain":99,"player_choice":"Stole From Cult","damage_taken":0,"max_hp_gain":0,"max_hp_loss":0,"event_name":"Nest","floor":21,"gold_loss":0}],"is_beta":false,"boss_relics":[{"not_picked":["Velvet Choker","White Beast Statue"],"picked":"Nuclear Battery"}],"items_purged_floors":[10],"is_endless":false,"potions_floor_spawned":[5,12,13,14,18,22],"killed_by":"Slavers","ascension_level":7}