{"gold_per_floor":[117,136,146,159,169,202,202,229,229,180,180,193,193,193,193,298,298,308,358,408,428,497,497,517,517,541,553,629,167,167,181,181,181],"floor_reached":33,"playtime":2604,"items_purged":["Strike_B"],"score":284,"play_id":"32fbede6-3ccc-4f84-b3b9-5bb0851ee27b","local_time":"20190530034742","is_ascension_mode":false,"campfire_choices":[{"floor":11,"key":"REST"},{"floor":13,"key":"REST"},{"data":"Redo","floor":15,"key":"SMITH"},{"floor":23,"key":"REST"},{"floor":25,"key":"REST"},{"floor":27,"key":"REST"},{"floor":30,"key":"REST"},{"floor":32,"key":"REST"}],"neow_cost":"NONE","seed_source_timestamp":897248932157100,"circlet_count":0,"master_deck":["Strike_B","Strike_B","Strike_B","Defend_B","Defend_B","Defend_B","Defend_B","Zap","Dualcast","Reboot","Consume","FTL","Cold Snap","Redo+1","Melter","Electrodynamics","Chill","Glacier","Electrodynamics","FTL","Sunder","Undo","Barrage","Coolheaded","Rebound+1","Turbo","Coolheaded","Cold Snap","Buffer","Double Energy","Coolheaded","Coolheaded","Beam Cell+1","Cold Snap+1"],"relics":["Cracked Core","Gremlin Horn","Strawberry","Calipers","SsserpentHead","Orrery","WingedGreaves","MawBank","TheAbacus","Dream Catcher"],"potions_floor_usage":[5,8,24,24,28],"damage_taken":[{"damage":14,"enemies":"Jaw Worm","floor":1,"turns":4},{"damage":6,"enemies":"2 Louse","floor":2,"turns":3},{"damage":0,"enemies":"Small Slimes","floor":3,"turns":3},{"damage":2,"enemies":"Exordium Thugs","floor":4,"turns":4},{"damage":2,"enemies":"Exordium Wildlife","floor":5,"turns":6},{"damage":36,"enemies":"Gremlin Nob","floor":6,"turns":5},{"damage":12,"enemies":"3 Sentries","floor":8,"turns":5},{"damage":9,"enemies":"Gremlin Gang","floor":12,"turns":2},{"damage":31,"enemies":"The Guardian","floor":16,"turns":18},{"damage":28,"enemies":"Shell Parasite","floor":18,"turns":7},{"damage":0,"enemies":"3 Byrds","floor":21,"turns":3},{"damage":23,"enemies":"Centurion and Healer","floor":22,"turns":8},{"damage":15,"enemies":"Snake Plant","floor":24,"turns":8},{"damage":13,"enemies":"Chosen and Byrds","floor":28,"turns":8},{"damage":30,"enemies":"Centurion and Healer","floor":31,"turns":17},{"damage":79,"enemies":"Collector","floor":33,"turns":14}],"seed_played":"-5831425141171963149","potions_obtained":[{"floor":1,"key":"SteroidPotion"},{"floor":2,"key":"EssenceOfSteel"},{"floor":3,"key":"Swift Potion"},{"floor":5,"key":"SkillPotion"},{"floor":16,"key":"Swift Potion"},{"floor":24,"key":"Block Potion"},{"floor":28,"key":"FearPotion"}],"is_trial":false,"path_per_floor":["M","M","M","M","M","E","?","E","T","?","R","M","R","?","R","B",null,"M","?","?","M","M","R","M","R","T","R","M","$","R","M","R","B"],"character_chosen":"DEFECT","items_purchased":["Coolheaded","TheAbacus","Dream Catcher"],"campfire_rested":7,"item_purchase_floors":[29,29,29],"current_hp_per_floor":[61,55,55,53,51,15,40,35,35,35,59,50,74,74,74,43,82,54,54,54,54,31,55,40,64,64,82,69,69,82,52,76,0],"gold":181,"neow_bonus":"ONE_RANDOM_RARE_CARD","is_prod":false,"is_daily":false,"chose_seed":false,"campfire_upgraded":1,"win_rate":0.0,"timestamp":1559202462,"path_taken":["M","M","M","M","M","E","?","E","T","?","R","?","R","?","R","BOSS","M","?","?","M","?","R","M","R","T","R","?","$","R","M","R","BOSS"],"build_version":"2019-01-23","purchased_purges":1,"victory":false,"max_hp_per_floor":[75,75,75,75,75,75,75,82,82,82,82,82,82,82,82,82,82,82,82,82,82,82,82,82,82,82,82,82,82,82,82,82,82],"card_choices":[{"not_picked":["Compile Driver","Fusion"],"picked":"Consume","floor":1},{"not_picked":["Skim","Beam Cell"],"picked":"FTL","floor":2},{"not_picked":["Darkness","Ball Lightning"],"picked":"Cold Snap","floor":3},{"not_picked":["Force Field","Stack"],"picked":"Redo","floor":4},{"not_picked":["Loop","Rebound"],"picked":"Melter","floor":5},{"not_picked":["Loop","Turbo"],"picked":"Electrodynamics","floor":6},{"not_picked":["Rainbow","Go for the Eyes"],"picked":"Chill","floor":8},{"not_picked":["White Noise","Beam Cell"],"picked":"Glacier","floor":12},{"not_picked":["Hyperbeam","Seek"],"picked":"Electrodynamics","floor":16},{"not_picked":["Steam","Chaos"],"picked":"FTL","floor":17},{"not_picked":["Ball Lightning","Hologram"],"picked":"Sunder","floor":17},{"not_picked":["Fusion","Steam"],"picked":"Undo","floor":17},{"not_picked":["Streamline","Go for the Eyes"],"picked":"Barrage","floor":17},{"not_picked":["Recycle","Ball Lightning"],"picked":"Coolheaded","floor":17},{"not_picked":["Ball Lightning","Skim"],"picked":"Rebound+1","floor":18},{"not_picked":["Core Surge","Steam+1"],"picked":"Coolheaded","floor":21},{"not_picked":["Redo","Aggregate+1"],"picked":"Cold Snap","floor":22},{"not_picked":["Conserve Battery","Hologram"],"picked":"Buffer","floor":24},{"not_picked":["Reprogram","Turbo"],"picked":"Double Energy","floor":28},{"not_picked":["Reinforced Body","Sweeping Beam+1"],"picked":"Coolheaded","floor":30},{"not_picked":["Gash","Go for the Eyes"],"picked":"Beam Cell+1","floor":31},{"not_picked":["Turbo+1","Rebound+1"],"picked":"Cold Snap+1","floor":32}],"player_experience":53253,"relics_obtained":[{"floor":6,"key":"Gremlin Horn"},{"floor":8,"key":"Strawberry"},{"floor":9,"key":"Calipers"},{"floor":26,"key":"MawBank"}],"event_choices":[{"damage_healed":25,"gold_gain":0,"player_choice":"Banana","damage_taken":0,"max_hp_gain":0,"max_hp_loss":0,"event_name":"Big Fish","floor":7,"gold_loss":0},{"damage_healed":0,"gold_gain":0,"player_choice":"Left Gold","damage_taken":0,"max_hp_gain":0,"max_hp_loss":0,"event_name":"World of Goop","floor":10,"gold_loss":49},{"damage_healed":0,"gold_gain":0,"player_choice":"Trade","damage_taken":0,"relics_obtained":["SsserpentHead"],"max_hp_gain":0,"max_hp_loss":0,"event_name":"FaceTrader","floor":14,"gold_loss":0},{"damage_healed":0,"gold_gain":0,"player_choice":"Read","damage_taken":0,"max_hp_gain":0,"max_hp_loss":0,"event_name":"The Library","floor":19,"gold_loss":0,"cards_obtained":["Turbo"]},{"damage_healed":0,"gold_gain":0,"player_choice":"Gave Potion","damage_taken":0,"relics_obtained":["WingedGreaves"],"max_hp_gain":0,"max_hp_loss":0,"event_name":"WeMeetAgain","floor":20,"gold_loss":0}],"is_beta":false,"boss_relics":[{"not_picked":["Ectoplasm","White Beast Statue"],"picked":"Orrery"}],"items_purged_floors":[29],"is_endless":false,"potions_floor_spawned":[1,2,3,5,16,24,28],"killed_by":"Collector","ascension_level":0}