{"gold_per_floor":[119,137,137,148,3,30,30,56,126,59,76,76,41,41,41,144,144,155,155,165,183,202,202,202,228,228,228,247,266,280,294,294,398,398,414,428,151,163,163,198,198,213,213,160,177,37,37,51,51,51],"floor_reached":51,"playtime":2894,"items_purged":["Strike_R"],"score":860,"play_id":"e193441f-bcb9-488d-be82-b36192367a93","local_time":"20190608160540","is_ascension_mode":true,"campfire_choices":[{"floor":12.0,"key":"REST"},{"floor":15.0,"key":"DIG"},{"floor":23,"key":"REST"},{"floor":27,"key":"DIG"},{"floor":32,"key":"REST"},{"floor":41,"key":"DIG"},{"floor":49,"key":"REST"}],"neow_cost":"NONE","seed_source_timestamp":16011214191851,"circlet_count":0,"master_deck":["Strike_R","Strike_R+1","Defend_R","Defend_R","Defend_R+1","Defend_R","Bash","Cleave+1","Feel No Pain+1","Rupture","Impervious","Spot Weakness","Pummel","Evolve","Armaments","Demon Form","Intimidate","Entrench","Whirlwind","Rage","Flame Barrier","Searing Blow+1","Inflame","Impervious","Clothesline+1","Heavy Blade","Metallicize","Impervious","Shockwave","Shrug It Off","Parasite","Fiend Fire","Heavy Blade+1"],"special_seed":0,"relics":["Burning Blood","Mummified Hand","Red Skull","Dodecahedron","Shovel","Darkstone Periapt","Blood Vial","Snecko Eye","Enchiridion","Whetstone","Shuriken","Anchor","Fusion Hammer","Bronze Scales","Mercury Hourglass","Ancient Tea Set","Du-Vu Doll"],"potions_floor_usage":[16,28,30,33,33,40,50],"damage_taken":[{"damage":6.0,"enemies":"Cultist","floor":1.0,"turns":3.0},{"damage":13.0,"enemies":"Jaw Worm","floor":2.0,"turns":4.0},{"damage":10.0,"enemies":"Small Slimes","floor":4.0,"turns":3.0},{"damage":36.0,"enemies":"Lagavulin","floor":6.0,"turns":8.0},{"damage":30.0,"enemies":"Gremlin Nob","floor":8.0,"turns":4.0},{"damage":11.0,"enemies":"Looter","floor":11.0,"turns":2.0},{"damage":25,"enemies":"Hexaghost","floor":16,"turns":9},{"damage":14,"enemies":"Shell Parasite","floor":18,"turns":4},{"damage":21,"enemies":"3 Byrds","floor":20,"turns":6},{"damage":27,"enemies":"Shelled Parasite and Fungi","floor":21,"turns":4},{"damage":24,"enemies":"Snake Plant","floor":22,"turns":4},{"damage":0,"enemies":"Book of Stabbing","floor":25,"turns":5},{"damage":0,"enemies":"Cultist and Chosen","floor":28,"turns":4},{"damage":0,"enemies":"Centurion and Healer","floor":29,"turns":3},{"damage":8,"enemies":"3 Cultists","floor":30,"turns":6},{"damage":8,"enemies":"Snake Plant","floor":31,"turns":3},{"damage":26,"enemies":"Collector","floor":33,"turns":8},{"damage":7,"enemies":"3 Darklings","floor":35,"turns":3},{"damage":7,"enemies":"Orb Walker","floor":36,"turns":4},{"damage":34,"enemies":"Spire Growth","floor":38,"turns":7},{"damage":15,"enemies":"Nemesis","floor":40,"turns":7},{"damage":28,"enemies":"Transient","floor":42,"turns":5},{"damage":0,"enemies":"Writhing Mass","floor":45,"turns":3},{"damage":0,"enemies":"Sphere and 2 Shapes","floor":48,"turns":3},{"damage":0,"enemies":"Awakened One","floor":50,"turns":11}],"seed_played":"2541587053318049724","potions_obtained":[{"floor":1.0,"key":"Swift Potion"},{"floor":11.0,"key":"PowerPotion"},{"floor":18,"key":"FearPotion"},{"floor":21,"key":"Explosive Potion"},{"floor":29,"key":"SkillPotion"},{"floor":31,"key":"Block Potion"},{"floor":33,"key":"Explosive Potion"},{"floor":35,"key":"GamblersBrew"},{"floor":40,"key":"SkillPotion"},{"floor":45,"key":"Energy Potion"}],"is_trial":false,"path_per_floor":["M","M","T","M","$","E","?","E","T","$","M","R","?","?","R","B",null,"M","?","M","M","M","R","?","E","T","R","M","M","M","M","R","B",null,"M","M","$","M","?","E","R","M","T","$","M","$","?","M","R","B",null],"character_chosen":"IRONCLAD","items_purchased":["Impervious","Evolve","Heavy Blade","Bronze Scales","Shrug It Off","Fiend Fire"],"campfire_rested":4,"item_purchase_floors":[5,10,37,37,44,46],"current_hp_per_floor":[88,81,81,77,77,47,44,20,20,20,15,41,63,45,45,28,88,80,64,51,32,16,42,25,33,33,33,41,49,49,49,76,58,93,92,92,92,65,65,58,58,38,38,38,52,52,52,60,89,97],"gold":51,"neow_bonus":"TEN_PERCENT_HP_BONUS","is_prod":false,"is_daily":false,"chose_seed":false,"campfire_upgraded":0,"win_rate":0,"timestamp":1559999140,"path_taken":["M","M","?","M","$","E","?","E","T","?","M","R","?","?","R","BOSS","M","?","M","M","M","R","?","E","T","R","M","M","M","M","R","BOSS","M","M","$","M","?","E","R","M","T","$","?","?","?","?","R","BOSS"],"build_version":"2019-01-23","purchased_purges":1,"victory":true,"max_hp_per_floor":[88,88,88,88,88,88,88,88,88,88,88,88,88,88,88,88,88,88,88,88,88,88,88,93,93,93,93,93,93,93,93,93,93,93,93,93,93,93,93,93,93,93,93,93,99,99,99,99,99,99],"card_choices":[{"not_picked":["Blood for Blood","Clothesline"],"picked":"Cleave","floor":1.0},{"not_picked":["Havoc","Sentinel"],"picked":"Feel No Pain","floor":2.0},{"not_picked":["Wild Strike","Anger"],"picked":"Rupture","floor":4.0},{"not_picked":["Seeing Red","Dropkick"],"picked":"Spot Weakness","floor":6.0},{"not_picked":["Iron Wave","Cleave"],"picked":"Pummel","floor":8.0},{"not_picked":["Burning Pact","Anger"],"picked":"Armaments","floor":11.0},{"not_picked":["Double Tap","Berserk"],"picked":"Demon Form","floor":16},{"not_picked":["Pommel Strike","Iron Wave","Infernal Blade+1"],"picked":"SKIP","floor":18},{"not_picked":["Rupture+1","Clothesline"],"picked":"Intimidate","floor":20},{"not_picked":["Second Wind","Shrug It Off"],"picked":"Entrench","floor":21},{"not_picked":["Pommel Strike+1","Flex"],"picked":"Whirlwind","floor":22},{"not_picked":["Combust","Hemokinesis","Twin Strike"],"picked":"SKIP","floor":25},{"not_picked":["Double Tap","Perfected Strike"],"picked":"Rage","floor":28},{"not_picked":["Headbutt","Thunderclap"],"picked":"Flame Barrier","floor":29},{"not_picked":["Sword Boomerang","Havoc"],"picked":"Searing Blow+1","floor":30},{"not_picked":["Anger","Wild Strike"],"picked":"Inflame","floor":31},{"not_picked":["Offering","Berserk"],"picked":"Impervious","floor":33},{"not_picked":["Thunderclap+1","Reckless Charge+1","Havoc"],"picked":"SKIP","floor":35},{"not_picked":["Havoc","Wild Strike+1"],"picked":"Clothesline+1","floor":36},{"not_picked":["Clash","Body Slam","Havoc"],"picked":"SKIP","floor":38},{"not_picked":["Exhume","Wild Strike"],"picked":"Impervious","floor":40},{"not_picked":["Rage+1","Entrench+1"],"picked":"Shockwave","floor":42},{"not_picked":["Flex+1","Pommel Strike+1","Feel No Pain+1"],"picked":"SKIP","floor":45},{"not_picked":["Sword Boomerang","Demon Form"],"picked":"Heavy Blade+1","floor":48}],"player_experience":888313,"relics_obtained":[{"floor":3.0,"key":"Mummified Hand"},{"floor":6.0,"key":"Red Skull"},{"floor":8.0,"key":"Shovel"},{"floor":9.0,"key":"Darkstone Periapt"},{"floor":15.0,"key":"Blood Vial"},{"floor":19,"key":"Enchiridion"},{"floor":25,"key":"Whetstone"},{"floor":26,"key":"Shuriken"},{"floor":27,"key":"Anchor"},{"floor":40,"key":"Mercury Hourglass"},{"floor":41,"key":"Ancient Tea Set"},{"floor":43,"key":"Du-Vu Doll"}],"event_choices":[{"damage_healed":0.0,"max_hp_gain":0.0,"max_hp_loss":0.0,"gold_gain":0.0,"event_name":"Scrap Ooze","player_choice":"Success","floor":7.0,"gold_loss":0.0,"damage_taken":3.0,"relics_obtained":["Dodecahedron"]},{"damage_healed":22.0,"max_hp_gain":0.0,"max_hp_loss":0.0,"gold_gain":0.0,"event_name":"The Cleric","player_choice":"Healed","floor":13.0,"gold_loss":35.0,"damage_taken":0.0},{"damage_healed":0.0,"max_hp_gain":0.0,"max_hp_loss":0.0,"gold_gain":0.0,"event_name":"Shining Light","player_choice":"Entered Light","floor":14.0,"gold_loss":0.0,"damage_taken":18.0,"cards_upgraded":["Feel No Pain","Defend_R"]},{"damage_healed":0,"gold_gain":0,"player_choice":"Obtained Book","damage_taken":16,"max_hp_gain":0,"max_hp_loss":0,"event_name":"Cursed Tome","floor":19,"gold_loss":0},{"damage_healed":0,"gold_gain":0,"player_choice":"Shed Blood","damage_taken":22,"max_hp_gain":5,"max_hp_loss":0,"event_name":"Forgotten Altar","floor":24,"gold_loss":0},{"damage_healed":0,"gold_gain":0,"cards_transformed":["Strike_R"],"player_choice":"Transformed","damage_taken":0,"max_hp_gain":0,"max_hp_loss":0,"event_name":"Transmorgrifier","floor":39,"gold_loss":0,"cards_obtained":["Metallicize"]},{"cards_removed":["Strike_R"],"damage_healed":0,"gold_gain":0,"player_choice":"Purged","damage_taken":0,"max_hp_gain":0,"max_hp_loss":0,"event_name":"Purifier","floor":47,"gold_loss":0}],"is_beta":false,"boss_relics":[{"not_picked":["Runic Dome","Runic Pyramid"],"picked":"Snecko Eye"},{"not_picked":["Eternal Feather","Philosopher\u0027s Stone"],"picked":"Fusion Hammer"}],"items_purged_floors":[37],"is_endless":false,"potions_floor_spawned":[1,11,18,21,29,31,33,35,40,45],"ascension_level":2}