{"gold_per_floor":[211,48,58,208,56,89,89,115,160,192,267,287,287,297,297,371,371,384,404,415,448,448,448,466,501,577,612,612,637,637,144,144,222,222,235,58,73,90,110,110,140,140,163,163,3,19,19,19,19,19,19],"floor_reached":52,"playtime":1831,"items_purged":["Doubt","Strike_R","Strike_R"],"score":1883,"play_id":"fcf4d098-3e99-483c-ab37-57f3cb1bb3d3","local_time":"20190610103506","is_ascension_mode":true,"campfire_choices":[{"data":"Inflame","floor":7.0,"key":"SMITH"},{"data":"Whirlwind","floor":13.0,"key":"SMITH"},{"floor":15.0,"key":"REST"},{"floor":23.0,"key":"REST"},{"data":"Uppercut","floor":28.0,"key":"SMITH"},{"floor":32.0,"key":"REST"},{"data":"Feel No Pain","floor":40.0,"key":"SMITH"},{"data":"Bash","floor":44.0,"key":"SMITH"},{"floor":49.0,"key":"REST"}],"neow_cost":"NONE","seed_source_timestamp":349927832193900,"circlet_count":0,"master_deck":["AscendersBane","Strike_R","Strike_R","Defend_R","Defend_R","Defend_R","Defend_R","Bash+1","Thunderclap","Whirlwind+1","Inflame+1","Carnage","Sword Boomerang","Flex","Flex+1","Battle Trance+1","Iron Wave","Anger","Fiend Fire","Uppercut+1","Feel No Pain+1","Ghostly Armor+1","Berserk","Fiend Fire+1","Dual Wield","Iron Wave+1","Disarm+1","Dropkick+1","Iron Wave+1","Inflame+1"],"special_seed":0,"relics":["Burning Blood","Centennial Puzzle","Vajra","Red Skull","Bird Faced Urn","Odd Mushroom","Philosopher\u0027s Stone","Red Mask","Enchiridion","PreservedInsect","Ornamental Fan","Omamori","Kunai","Molten Egg 2","Cursed Key","Happy Flower","War Paint","Bag of Marbles"],"potions_floor_usage":[51],"damage_taken":[{"damage":1.0,"enemies":"Cultist","floor":1.0,"turns":3.0},{"damage":6.0,"enemies":"Small Slimes","floor":3.0,"turns":2.0},{"damage":36.0,"enemies":"Gremlin Nob","floor":6.0,"turns":4.0},{"damage":20.0,"enemies":"Lagavulin","floor":8.0,"turns":4.0},{"damage":10.0,"enemies":"3 Sentries","floor":10.0,"turns":3.0},{"damage":1.0,"enemies":"The Mushroom Lair","floor":12.0,"turns":2.0},{"damage":7.0,"enemies":"Jaw Worm","floor":14.0,"turns":2.0},{"damage":7.0,"enemies":"Slime Boss","floor":16.0,"turns":5.0},{"damage":0.0,"enemies":"3 Byrds","floor":18.0,"turns":2.0},{"damage":12.0,"enemies":"Spheric Guardian","floor":19.0,"turns":3.0},{"damage":20.0,"enemies":"Centurion and Healer","floor":20.0,"turns":3.0},{"damage":11.0,"enemies":"Masked Bandits","floor":21.0,"turns":3.0},{"damage":20.0,"enemies":"Chosen and Byrds","floor":24.0,"turns":4.0},{"damage":24.0,"enemies":"Gremlin Leader","floor":25.0,"turns":3.0},{"damage":2.0,"enemies":"Slavers","floor":27.0,"turns":2.0},{"damage":11.0,"enemies":"Book of Stabbing","floor":29.0,"turns":3.0},{"damage":58.0,"enemies":"Automaton","floor":33.0,"turns":7.0},{"damage":8.0,"enemies":"3 Darklings","floor":35.0,"turns":3.0},{"damage":1.0,"enemies":"Orb Walker","floor":37.0,"turns":3.0},{"damage":56.0,"enemies":"Spire Growth","floor":38.0,"turns":6.0},{"damage":0.0,"enemies":"Jaw Worm Horde","floor":39.0,"turns":1.0},{"damage":12.0,"enemies":"Nemesis","floor":41.0,"turns":5.0},{"damage":0.0,"enemies":"3 Darklings","floor":46.0,"turns":2.0},{"damage":45.0,"enemies":"Time Eater","floor":50.0,"turns":9.0},{"damage":44,"enemies":"Donu and Deca","floor":51,"turns":7}],"seed_played":"-1812289563290780086","potions_obtained":[{"floor":1.0,"key":"AttackPotion"},{"floor":6.0,"key":"AttackPotion"},{"floor":12.0,"key":"Explosive Potion"},{"floor":18.0,"key":"Weak Potion"},{"floor":21.0,"key":"Swift Potion"},{"floor":25.0,"key":"Strength Potion"},{"floor":27.0,"key":"SneckoOil"},{"floor":33.0,"key":"Block Potion"},{"floor":37.0,"key":"SpeedPotion"},{"floor":46.0,"key":"Block Potion"}],"is_trial":false,"path_per_floor":["M","$","M","?","$","E","R","E","T","E","?","?","R","M","R","B",null,"M","M","M","?","?","R","M","E","T","E","R","E","?","$","R","B",null,"M","$","M","M","M","R","E","?","T","R","$","M","?","$","R","B","B",null],"character_chosen":"IRONCLAD","items_purchased":["Whirlwind","Inflame","Sword Boomerang","Flex","Strength Potion","Rupture","Molten Egg 2","Iron Wave+1","Bag of Marbles"],"campfire_rested":4,"item_purchase_floors":[2,2,5,5,31,31,31,36,45],"current_hp_per_floor":[73,73,73,73,73,43,43,29,29,25,14,21,21,20,42,43,67,73,69,57,54,33,55,47,31,31,39,39,36,36,36,58,16,60,64,64,75,29,37,37,37,37,37,37,37,47,47,47,69,42,10],"gold":19,"neow_bonus":"HUNDRED_GOLD","is_prod":false,"is_daily":false,"chose_seed":false,"campfire_upgraded":5,"win_rate":0,"timestamp":1560155706,"path_taken":["M","$","M","?","$","E","R","E","T","E","?","?","R","M","R","BOSS","M","M","M","?","?","R","M","E","T","E","R","E","?","$","R","BOSS","M","$","M","?","M","R","E","?","T","R","$","?","?","$","R","BOSS","BOSS"],"build_version":"2019-01-23","purchased_purges":3,"victory":true,"max_hp_per_floor":[75,75,75,75,75,75,75,75,75,75,75,75,75,75,75,75,75,75,75,75,75,75,75,75,75,75,75,75,75,75,75,75,75,75,75,75,75,75,75,75,75,75,75,75,75,75,75,75,75,75,75],"card_choices":[{"not_picked":["Bloodletting","Wild Strike"],"picked":"Thunderclap","floor":1.0},{"not_picked":["Thunderclap","Blood for Blood"],"picked":"Carnage","floor":3.0},{"not_picked":["Havoc","Rampage"],"picked":"Flex","floor":6.0},{"not_picked":["Power Through","Sentinel","Fire Breathing"],"picked":"SKIP","floor":8.0},{"not_picked":["Pommel Strike","Cleave"],"picked":"Battle Trance","floor":10.0},{"not_picked":["Feel No Pain","Armaments"],"picked":"Iron Wave","floor":12.0},{"not_picked":["Offering","Perfected Strike"],"picked":"Anger","floor":14.0},{"not_picked":["Barricade","Offering"],"picked":"Fiend Fire","floor":16.0},{"not_picked":["Armaments","Wild Strike","Havoc"],"picked":"SKIP","floor":18.0},{"not_picked":["Cleave","Sentinel","Whirlwind"],"picked":"SKIP","floor":19.0},{"not_picked":["Sentinel","Havoc+1"],"picked":"Uppercut","floor":20.0},{"not_picked":["Dark Embrace","Clash+1"],"picked":"Feel No Pain","floor":21.0},{"not_picked":["Combust","Havoc+1","Intimidate"],"picked":"SKIP","floor":24.0},{"not_picked":["Body Slam","Seeing Red","Headbutt"],"picked":"SKIP","floor":25.0},{"not_picked":["Shockwave","Inflame"],"picked":"Ghostly Armor+1","floor":27.0},{"not_picked":["Havoc","Dark Embrace","Combust"],"picked":"SKIP","floor":29.0},{"not_picked":["Barricade","Offering"],"picked":"Fiend Fire+1","floor":33.0},{"not_picked":["Carnage+1","Clothesline+1"],"picked":"Dual Wield","floor":35.0},{"not_picked":["Headbutt+1","Wild Strike+1","Cleave+1"],"picked":"SKIP","floor":37.0},{"not_picked":["Pummel+1","Shockwave+1"],"picked":"Disarm+1","floor":38.0},{"not_picked":["Thunderclap+1","Immolate+1"],"picked":"Dropkick+1","floor":39.0},{"not_picked":["Clothesline+1","Twin Strike+1"],"picked":"Iron Wave+1","floor":41.0},{"not_picked":["Corruption","Fiend Fire+1"],"picked":"Inflame+1","floor":46.0}],"player_experience":682983,"relics_obtained":[{"floor":6.0,"key":"Centennial Puzzle"},{"floor":8.0,"key":"Vajra"},{"floor":9.0,"key":"Red Skull"},{"floor":10.0,"key":"Bird Faced Urn"},{"floor":12.0,"key":"Odd Mushroom"},{"floor":21.0,"key":"Red Mask"},{"floor":22.0,"key":"Enchiridion"},{"floor":25.0,"key":"PreservedInsect"},{"floor":26.0,"key":"Ornamental Fan"},{"floor":27.0,"key":"Omamori"},{"floor":29.0,"key":"Kunai"},{"floor":41.0,"key":"Happy Flower"},{"floor":43.0,"key":"War Paint"}],"event_choices":[{"damage_healed":0.0,"max_hp_gain":0.0,"max_hp_loss":0.0,"gold_gain":150.0,"event_name":"Liars Game","player_choice":"AGREE","floor":4.0,"gold_loss":0.0,"damage_taken":0.0,"cards_obtained":["Doubt"]},{"damage_healed":0.0,"max_hp_gain":0.0,"max_hp_loss":0.0,"gold_gain":75.0,"event_name":"World of Goop","player_choice":"Gather Gold","floor":11.0,"gold_loss":0.0,"damage_taken":11.0},{"damage_healed":0.0,"max_hp_gain":0.0,"max_hp_loss":0.0,"gold_gain":0.0,"event_name":"Mushrooms","player_choice":"Fought Mushrooms","floor":12.0,"gold_loss":0.0,"damage_taken":0.0},{"damage_healed":0.0,"max_hp_gain":0.0,"max_hp_loss":0.0,"gold_gain":0.0,"event_name":"Masked Bandits","player_choice":"Fought Bandits","floor":21.0,"gold_loss":0.0,"damage_taken":0.0},{"damage_healed":0.0,"max_hp_gain":0.0,"max_hp_loss":0.0,"gold_gain":0.0,"event_name":"Cursed Tome","player_choice":"Obtained Book","floor":22.0,"gold_loss":0.0,"damage_taken":21.0},{"damage_healed":0.0,"max_hp_gain":0.0,"max_hp_loss":0.0,"gold_gain":0.0,"cards_transformed":["Strike_R"],"event_name":"Transmorgrifier","player_choice":"Transformed","floor":30.0,"gold_loss":0.0,"damage_taken":0.0,"cards_obtained":["Berserk"]},{"cards_removed":["Rupture"],"damage_healed":0.0,"max_hp_gain":0.0,"max_hp_loss":0.0,"gold_gain":0.0,"event_name":"Purifier","player_choice":"Purged","floor":42.0,"gold_loss":0.0,"damage_taken":0.0},{"damage_healed":0.0,"max_hp_gain":0.0,"max_hp_loss":0.0,"gold_gain":0.0,"event_name":"SensoryStone","player_choice":"Memory 1","floor":47.0,"gold_loss":0.0,"damage_taken":0.0}],"is_beta":false,"boss_relics":[{"not_picked":["Pandora\u0027s Box","Coffee Dripper"],"picked":"Philosopher\u0027s Stone"},{"not_picked":["Fusion Hammer","Black Blood"],"picked":"Cursed Key"}],"items_purged_floors":[5,31,36],"is_endless":false,"potions_floor_spawned":[1,6,12,18,21,25,27,33,37,46],"ascension_level":20}