{"gold_per_floor":[110,185,185,198,219,257,277,277,277,277,87,37,110,145,145,269,269,284,284,299,299,93,126,126,167,167,167,202,220,75,45,45,170,170,183,98,113,126,52,52,411,455,455,488,488,488,488,38,38,38],"floor_reached":51,"playtime":3625,"items_purged":["Strike_B","Defend_B","BootSequence"],"score":905,"play_id":"7ff2dfb2-d78d-40d7-a103-414d0d59cefc","local_time":"20190424001508","is_ascension_mode":true,"campfire_choices":[{"floor":8,"key":"REST"},{"data":"Zap","floor":10,"key":"SMITH"},{"floor":15,"key":"REST"},{"data":"Go for the Eyes","floor":24,"key":"SMITH"},{"floor":27,"key":"REST"},{"floor":32,"key":"DIG"},{"floor":40,"key":"DIG"},{"floor":45,"key":"REST"},{"floor":49,"key":"DIG"}],"neow_cost":"NONE","seed_source_timestamp":67071649668061,"circlet_count":0,"master_deck":["Defend_B","Defend_B","Defend_B","Zap+1","Dualcast","FTL","Gash","Sweeping Beam","Coolheaded","FTL","Beam Cell","Go for the Eyes+1","Electrodynamics","Gash+1","Redo+1","Self Repair","Capacitor","Rainbow","Defragment+1","Leap","Conserve Battery","Barrage+1","Capacitor","Good Instincts"],"relics":["Cracked Core","Golden Idol","Potion Belt","Ornamental Fan","Nunchaku","Boot","Empty Cage","Membership Card","Regal Pillow","Shovel","Bottled Flame","Dodecahedron","Unceasing Top","Cables","Fusion Hammer","Oddly Smooth Stone","Question Card","Old Coin","Pantograph","Darkstone Periapt","Shuriken","StoneCalendar","DataDisk","Mercury Hourglass","HandDrill","Pocketwatch"],"potions_floor_usage":[6,13,13,20,23,29,33,38,41,41,50,50,50],"damage_taken":[{"damage":6,"enemies":"2 Louse","floor":1,"turns":2},{"damage":0,"enemies":"Small Slimes","floor":4,"turns":3},{"damage":0,"enemies":"Cultist","floor":5,"turns":2},{"damage":6,"enemies":"Gremlin Nob","floor":6,"turns":3},{"damage":0,"enemies":"3 Louse","floor":7,"turns":3},{"damage":10,"enemies":"Gremlin Nob","floor":13,"turns":4},{"damage":8,"enemies":"3 Sentries","floor":14,"turns":6},{"damage":2,"enemies":"Slime Boss","floor":16,"turns":8},{"damage":8,"enemies":"Spheric Guardian","floor":18,"turns":4},{"damage":0,"enemies":"3 Byrds","floor":20,"turns":2},{"damage":13,"enemies":"Slavers","floor":23,"turns":3},{"damage":13,"enemies":"Book of Stabbing","floor":25,"turns":6},{"damage":20,"enemies":"Gremlin Leader","floor":28,"turns":6},{"damage":20,"enemies":"Centurion and Healer","floor":29,"turns":4},{"damage":37,"enemies":"Collector","floor":33,"turns":8},{"damage":4,"enemies":"3 Darklings","floor":35,"turns":5},{"damage":5,"enemies":"Orb Walker","floor":37,"turns":5},{"damage":9,"enemies":"Jaw Worm Horde","floor":38,"turns":4},{"damage":33,"enemies":"2 Orb Walkers","floor":41,"turns":4},{"damage":0,"enemies":"Giant Head","floor":42,"turns":8},{"damage":36,"enemies":"Nemesis","floor":44,"turns":7},{"damage":0,"enemies":"Awakened One","floor":50,"turns":7}],"seed_played":"1617711737497872160","potions_obtained":[{"floor":1,"key":"LiquidBronze"},{"floor":5,"key":"FearPotion"},{"floor":6,"key":"EssenceOfSteel"},{"floor":7,"key":"Swift Potion"},{"floor":14,"key":"EssenceOfSteel"},{"floor":25,"key":"Regen Potion"},{"floor":28,"key":"Fire Potion"},{"floor":29,"key":"EssenceOfSteel"},{"floor":31,"key":"SneckoOil"},{"floor":31,"key":"FocusPotion"},{"floor":38,"key":"Swift Potion"},{"floor":41,"key":"FearPotion"}],"is_trial":false,"path_per_floor":["M","?","?","M","M","E","M","R","T","R","$","?","?","E","R","B",null,"M","?","M","?","$","E","R","E","T","R","E","M","$","?","R","B",null,"M","$","M","M","$","R","?","E","T","E","R","T","?","$","R","B",null],"character_chosen":"DEFECT","items_purchased":["BootSequence","FTL","Membership Card","Unceasing Top","Leap","Conserve Battery","Oddly Smooth Stone","DataDisk","Mercury Hourglass","HandDrill","SteroidPotion","Energy Potion","LiquidBronze"],"campfire_rested":4,"item_purchase_floors":[11,11,22,30,36,36,39,48,48,48,48,48,48],"current_hp_per_floor":[76,65,45,45,45,39,39,63,63,63,63,63,53,45,69,67,82,74,74,74,74,74,61,61,48,48,82,69,65,65,65,65,35,82,82,82,82,80,80,80,54,61,61,32,71,71,71,71,71,82],"gold":38,"neow_bonus":"TEN_PERCENT_HP_BONUS","is_prod":false,"is_daily":false,"chose_seed":false,"campfire_upgraded":2,"win_rate":0,"timestamp":1556054108,"path_taken":["M","?","?","M","M","E","M","R","T","R","$","?","?","E","R","BOSS","M","?","M","?","$","E","R","E","T","R","E","M","$","?","R","BOSS","M","$","?","M","$","R","?","E","T","E","R","?","?","$","R","BOSS"],"build_version":"2019-01-23","purchased_purges":3,"victory":true,"max_hp_per_floor":[82,82,82,82,82,82,82,82,82,82,82,82,82,82,82,82,82,82,82,82,82,82,82,82,82,82,82,82,82,82,82,82,82,82,82,82,82,82,82,82,82,82,82,82,82,82,82,82,82,82],"card_choices":[{"not_picked":["White Noise","Recycle"],"picked":"FTL","floor":1},{"not_picked":["Steam","Redo"],"picked":"Gash","floor":4},{"not_picked":["Static Discharge","Gash"],"picked":"Sweeping Beam","floor":5},{"not_picked":["Redo","Compile Driver"],"picked":"Coolheaded","floor":6},{"not_picked":["Sweeping Beam","Redo","Barrage"],"picked":"SKIP","floor":7},{"not_picked":["Melter","Streamline"],"picked":"Beam Cell","floor":13},{"not_picked":["Sweeping Beam","Biased Cognition"],"picked":"Go for the Eyes","floor":14},{"not_picked":["Buffer","Meteor Strike"],"picked":"Electrodynamics","floor":16},{"not_picked":["Fusion","Turbo+1","Ball Lightning"],"picked":"SKIP","floor":18},{"not_picked":["Turbo+1","BootSequence"],"picked":"Gash+1","floor":20},{"not_picked":["Beam Cell+1","Fusion"],"picked":"Redo+1","floor":23},{"not_picked":["Core Surge","Stack"],"picked":"Self Repair","floor":25},{"not_picked":["Hologram","Self Repair"],"picked":"Capacitor","floor":28},{"not_picked":["Blizzard","Turbo","Barrage"],"picked":"SKIP","floor":29},{"not_picked":["Core Surge","Echo Form"],"picked":"Rainbow","floor":33},{"not_picked":["Sweeping Beam","Go for the Eyes"],"picked":"Defragment+1","floor":35},{"not_picked":["Go for the Eyes","Streamline","Lockon"],"picked":"SKIP","floor":37},{"not_picked":["Streamline+1","Steam+1","BootSequence"],"picked":"SKIP","floor":38},{"not_picked":["Hologram+1","Tempest","Conserve Battery"],"picked":"Barrage+1","floor":41},{"not_picked":["Conserve Battery","Streamline","Creative AI"],"picked":"Capacitor","floor":42},{"not_picked":["Tempest","Ball Lightning","Leap","Reprogram+1"],"picked":"SKIP","floor":44},{"not_picked":["Discovery","Trip","The Bomb"],"picked":"Good Instincts","floor":47}],"player_experience":736263,"relics_obtained":[{"floor":6,"key":"Potion Belt"},{"floor":9,"key":"Ornamental Fan"},{"floor":13,"key":"Nunchaku"},{"floor":14,"key":"Boot"},{"floor":23,"key":"Regal Pillow"},{"floor":25,"key":"Shovel"},{"floor":26,"key":"Bottled Flame"},{"floor":28,"key":"Dodecahedron"},{"floor":32,"key":"Cables"},{"floor":40,"key":"Question Card"},{"floor":41,"key":"Old Coin"},{"floor":42,"key":"Pantograph"},{"floor":43,"key":"Darkstone Periapt"},{"floor":44,"key":"Shuriken"},{"floor":46,"key":"StoneCalendar"},{"floor":49,"key":"Pocketwatch"}],"event_choices":[{"damage_healed":0,"gold_gain":75,"player_choice":"Gather Gold","damage_taken":11,"max_hp_gain":0,"max_hp_loss":0,"event_name":"World of Goop","floor":2,"gold_loss":0},{"damage_healed":0,"gold_gain":0,"player_choice":"Take Damage","damage_taken":20,"relics_obtained":["Golden Idol"],"max_hp_gain":0,"max_hp_loss":0,"event_name":"Golden Idol","floor":3,"gold_loss":0},{"cards_removed":["Strike_B"],"damage_healed":0,"gold_gain":0,"player_choice":"Card Removal","damage_taken":0,"max_hp_gain":0,"max_hp_loss":0,"event_name":"The Cleric","floor":12,"gold_loss":50},{"damage_healed":0,"gold_gain":0,"player_choice":"Searched \u00271\u0027 times","damage_taken":0,"max_hp_gain":0,"max_hp_loss":0,"event_name":"Dead Adventurer","floor":13,"gold_loss":0},{"damage_healed":0,"gold_gain":0,"player_choice":"Ignored","damage_taken":0,"max_hp_gain":0,"max_hp_loss":0,"event_name":"Vampires","floor":19,"gold_loss":0},{"damage_healed":0,"gold_gain":0,"player_choice":"Bought 2 Potions","damage_taken":0,"max_hp_gain":0,"max_hp_loss":0,"event_name":"The Woman in Blue","floor":31,"gold_loss":0},{"damage_healed":0,"gold_gain":0,"player_choice":"Fight","damage_taken":0,"max_hp_gain":0,"max_hp_loss":0,"event_name":"Mysterious Sphere","floor":41,"gold_loss":0},{"damage_healed":0,"gold_gain":0,"player_choice":"Memory 1","damage_taken":0,"max_hp_gain":0,"max_hp_loss":0,"event_name":"SensoryStone","floor":47,"gold_loss":0}],"is_beta":false,"boss_relics":[{"not_picked":["Tiny House","Sozu"],"picked":"Empty Cage"},{"not_picked":["Inserter","Nuclear Battery"],"picked":"Fusion Hammer"}],"items_purged_floors":[11,36,48],"is_endless":false,"potions_floor_spawned":[1,5,6,7,14,25,28,29,38,41],"ascension_level":1}