{"gold_per_floor":[12,12,22,37,37,68,68,88,88,88,105,139,139,139,139,215,215,232,232,116,31,44,44,44,69,138,168,185,185,198,198,198,198],"floor_reached":33,"playtime":1600,"items_purged":["Writhe"],"score":586,"play_id":"08acafb7-709c-4ce8-9c25-7cac662e3038","local_time":"20190526192341","is_ascension_mode":true,"campfire_choices":[{"data":"Glass Knife","floor":7.0,"key":"SMITH"},{"floor":10.0,"key":"REST"},{"data":"Caltrops","floor":13.0,"key":"SMITH"},{"data":"Neutralize","floor":15.0,"key":"SMITH"},{"floor":23.0,"key":"REST"},{"floor":29.0,"key":"REST"},{"data":"Ghostly","floor":32,"key":"SMITH"}],"neow_cost":"NO_GOLD","seed_source_timestamp":719248765539039,"circlet_count":0,"master_deck":["AscendersBane","Strike_G","Strike_G","Defend_G","Defend_G","Defend_G","Defend_G","Defend_G","Survivor","Neutralize+1","Glass Knife+1","PiercingWail+1","Terror","PiercingWail","Caltrops+1","Masterful Stab","Backstab","Malaise","Finisher+1","Acrobatics+1","Flying Knee+1","Backflip+1","Flying Knee+1","Cloak And Dagger","Cloak And Dagger","Ghostly","Ghostly","Ghostly+1"],"special_seed":0,"relics":["Ring of the Snake","Bag of Preparation","Letter Opener","Blue Candle","Astrolabe","MawBank","Dead Branch","War Paint","Meat on the Bone","Bag of Marbles"],"potions_floor_usage":[30],"damage_taken":[{"damage":2.0,"enemies":"Jaw Worm","floor":1.0,"turns":4.0},{"damage":0.0,"enemies":"Cultist","floor":3.0,"turns":4.0},{"damage":1.0,"enemies":"Small Slimes","floor":4.0,"turns":3.0},{"damage":22.0,"enemies":"Gremlin Nob","floor":6.0,"turns":4.0},{"damage":2.0,"enemies":"2 Fungi Beasts","floor":8.0,"turns":4.0},{"damage":0.0,"enemies":"Exordium Wildlife","floor":11.0,"turns":3.0},{"damage":2.0,"enemies":"3 Sentries","floor":12.0,"turns":8.0},{"damage":37.0,"enemies":"The Guardian","floor":16.0,"turns":12.0},{"damage":10.0,"enemies":"Shell Parasite","floor":18.0,"turns":3.0},{"damage":11.0,"enemies":"2 Thieves","floor":22.0,"turns":2.0},{"damage":24.0,"enemies":"Slavers","floor":25.0,"turns":7.0},{"damage":15.0,"enemies":"Book of Stabbing","floor":27.0,"turns":5.0},{"damage":0.0,"enemies":"Snake Plant","floor":28.0,"turns":1.0},{"damage":0,"enemies":"Shelled Parasite and Fungi","floor":30,"turns":2},{"damage":40,"enemies":"Champ","floor":33,"turns":6}],"seed_played":"-3874881471528989683","potions_obtained":[{"floor":3.0,"key":"Strength Potion"},{"floor":8.0,"key":"Explosive Potion"},{"floor":22.0,"key":"AttackPotion"},{"floor":28.0,"key":"Strength Potion"},{"floor":30,"key":"SneckoOil"}],"is_trial":false,"path_per_floor":["M","?","M","M","$","E","R","M","T","R","M","E","R","?","R","B",null,"M","?","$","?","M","R","$","E","T","E","M","R","M","?","R","B"],"character_chosen":"THE_SILENT","items_purchased":["Fire Potion"],"campfire_rested":3,"item_purchase_floors":[20],"current_hp_per_floor":[57,48,48,47,47,25,25,23,23,42,42,40,40,40,40,3,50,40,40,40,40,29,48,48,24,24,21,33,52,52,33,33,0],"gold":198,"neow_bonus":"THREE_RARE_CARDS","is_prod":false,"is_daily":false,"chose_seed":false,"campfire_upgraded":4,"win_rate":0,"timestamp":1558923821,"path_taken":["M","?","M","M","$","E","R","M","T","R","?","E","R","?","R","BOSS","M","?","$","?","M","R","?","E","T","E","M","R","M","?","R","BOSS"],"build_version":"2019-05-24v2","purchased_purges":1,"victory":false,"max_hp_per_floor":[66,66,66,66,66,66,66,66,66,66,66,66,66,66,66,66,66,66,66,66,66,66,66,66,66,66,66,66,66,66,33,33,33],"card_choices":[{"not_picked":["Wraith Form v2","Bullet Time"],"picked":"Glass Knife","floor":0.0},{"not_picked":["Cloak And Dagger","Deflect"],"picked":"PiercingWail","floor":1.0},{"not_picked":["Finisher","Bane"],"picked":"Terror","floor":3.0},{"not_picked":["Deflect","Reflex"],"picked":"PiercingWail","floor":4.0},{"not_picked":["Heel Hook","Prepared"],"picked":"Caltrops","floor":6.0},{"not_picked":["Acrobatics","Poisoned Stab"],"picked":"Masterful Stab","floor":8.0},{"not_picked":["Deadly Poison","Backflip"],"picked":"Backstab","floor":11.0},{"not_picked":["Unload","Accuracy","Quick Slash"],"picked":"SKIP","floor":12.0},{"not_picked":["Unload","Accuracy","Quick Slash"],"picked":"SKIP","floor":12.0},{"not_picked":["Storm of Steel","Die Die Die"],"picked":"Malaise","floor":16.0},{"not_picked":["Slice","Quick Slash"],"picked":"Backflip","floor":18.0},{"not_picked":["Riddle With Holes","Prepared","Setup"],"picked":"SKIP","floor":22.0},{"not_picked":["Unload","Reflex"],"picked":"Flying Knee+1","floor":25.0},{"not_picked":["Dagger Throw+1","Deadly Poison"],"picked":"Cloak And Dagger","floor":27.0},{"not_picked":["Dagger Throw","Deadly Poison"],"picked":"Cloak And Dagger","floor":28.0},{"not_picked":["Flying Knee","Acrobatics","Poisoned Stab"],"picked":"SKIP","floor":30}],"player_experience":1583002,"relics_obtained":[{"floor":6.0,"key":"Bag of Preparation"},{"floor":9.0,"key":"Letter Opener"},{"floor":12.0,"key":"Blue Candle"},{"floor":25.0,"key":"War Paint"},{"floor":26.0,"key":"Meat on the Bone"},{"floor":27.0,"key":"Bag of Marbles"}],"event_choices":[{"damage_healed":0.0,"max_hp_gain":0.0,"max_hp_loss":0.0,"gold_gain":0.0,"event_name":"Wheel of Change","player_choice":"Damaged","floor":2.0,"gold_loss":0.0,"damage_taken":9.0},{"damage_healed":0.0,"max_hp_gain":0.0,"max_hp_loss":0.0,"gold_gain":0.0,"event_name":"Liars Game","player_choice":"Ignored","floor":14.0,"gold_loss":0.0,"damage_taken":0.0},{"damage_healed":0.0,"max_hp_gain":0.0,"max_hp_loss":0.0,"gold_gain":0.0,"event_name":"The Mausoleum","player_choice":"Opened","floor":19.0,"gold_loss":0.0,"damage_taken":0.0,"relics_obtained":["MawBank"],"cards_obtained":["Writhe"]},{"damage_healed":0.0,"max_hp_gain":0.0,"max_hp_loss":0.0,"gold_gain":0.0,"event_name":"Addict","player_choice":"Obtained Relic","floor":21.0,"gold_loss":85.0,"damage_taken":0.0,"relics_obtained":["Dead Branch"]},{"damage_healed":0,"gold_gain":0,"player_choice":"Became a Ghost","damage_taken":0,"max_hp_gain":0,"max_hp_loss":33,"event_name":"Ghosts","floor":31,"gold_loss":0,"cards_obtained":["Ghostly","Ghostly","Ghostly"]}],"is_beta":true,"boss_relics":[{"not_picked":["Snecko Eye","Ectoplasm"],"picked":"Astrolabe"}],"items_purged_floors":[20],"is_endless":false,"potions_floor_spawned":[3,8,22,28,30],"killed_by":"Champ","ascension_level":20}