{"gold_per_floor":[114,127,147,147,147,147,182,201,255,255,267,22,42,54,54,152,152,165,178,178,192,209,209,223,239,239,239,254,48,48,60,60,160,160,171,220,220,220,237,237,237,237],"floor_reached":42,"playtime":2294,"items_purged":[],"score":429,"play_id":"7b0e5fd4-b251-4726-9d13-2bef4cf33531","local_time":"20190319224021","is_ascension_mode":false,"campfire_choices":[{"data":"Static Discharge","floor":6.0,"key":"SMITH"},{"floor":10.0,"key":"REST"},{"data":"Storm","floor":15.0,"key":"SMITH"},{"floor":23.0,"key":"REST"},{"floor":27.0,"key":"REST"},{"floor":32.0,"key":"REST"},{"floor":40,"key":"REST"},{"floor":41,"key":"REST"}],"neow_cost":"NONE","seed_source_timestamp":0,"circlet_count":0,"master_deck":["Strike_B","Strike_B+1","Strike_B+1","Strike_B","Defend_B","Defend_B","Defend_B","Defend_B","Zap","Dualcast","Static Discharge+1","Barrage","Coolheaded","Rebound","Self Repair","Skim","Storm+1","Secret Technique","Conserve Battery","Gash","Seek","Compile Driver+1","FTL","Necronomicurse","Barrage","Coolheaded+1","Redo+1","Sweeping Beam","Seek+1","Lockon+1","Gash","Stack+1","Biased Cognition","Capacitor","Tempest+1","Writhe","Compile Driver","Capacitor+1"],"special_seed":0,"relics":["Cracked Core","Bag of Preparation","Mercury Hourglass","PreservedInsect","Inserter","Necronomicon","Dream Catcher","Runic Capacitor","Philosopher\u0027s Stone","WingedGreaves"],"potions_floor_usage":[36,42],"damage_taken":[{"damage":1.0,"enemies":"Jaw Worm","floor":1.0,"turns":3.0},{"damage":0.0,"enemies":"Cultist","floor":2.0,"turns":4.0},{"damage":2.0,"enemies":"2 Louse","floor":3.0,"turns":2.0},{"damage":13.0,"enemies":"3 Sentries","floor":7.0,"turns":6.0},{"damage":11.0,"enemies":"Exordium Wildlife","floor":8.0,"turns":2.0},{"damage":15.0,"enemies":"2 Fungi Beasts","floor":11.0,"turns":3.0},{"damage":6.0,"enemies":"Red Slaver","floor":13.0,"turns":4.0},{"damage":3.0,"enemies":"Looter","floor":14.0,"turns":4.0},{"damage":42.0,"enemies":"The Guardian","floor":16.0,"turns":9.0},{"damage":23.0,"enemies":"Chosen","floor":18.0,"turns":5.0},{"damage":5.0,"enemies":"3 Byrds","floor":19.0,"turns":2.0},{"damage":1.0,"enemies":"Sentry and Sphere","floor":21.0,"turns":3.0},{"damage":30.0,"enemies":"Shelled Parasite and Fungi","floor":22.0,"turns":3.0},{"damage":18.0,"enemies":"3 Cultists","floor":24.0,"turns":4.0},{"damage":15.0,"enemies":"Centurion and Healer","floor":25.0,"turns":4.0},{"damage":11.0,"enemies":"Snake Plant","floor":28.0,"turns":3.0},{"damage":26.0,"enemies":"Snecko","floor":31.0,"turns":5.0},{"damage":42.0,"enemies":"Collector","floor":33.0,"turns":9.0},{"damage":37,"enemies":"3 Shapes","floor":35,"turns":3},{"damage":65,"enemies":"2 Orb Walkers","floor":36,"turns":4},{"damage":19,"enemies":"3 Darklings","floor":39,"turns":5},{"damage":69,"enemies":"Reptomancer","floor":42,"turns":4}],"seed_played":"-6268858155602770765","potions_obtained":[{"floor":1.0,"key":"SneckoOil"},{"floor":5.0,"key":"LiquidBronze"},{"floor":5.0,"key":"Explosive Potion"},{"floor":5.0,"key":"FairyPotion"},{"floor":7.0,"key":"Explosive Potion"},{"floor":14.0,"key":"GamblersBrew"},{"floor":21.0,"key":"SkillPotion"},{"floor":22.0,"key":"Regen Potion"},{"floor":28.0,"key":"Regen Potion"},{"floor":36,"key":"SneckoOil"}],"is_trial":false,"path_per_floor":["M","M","M","?","?","R","E","M","T","R","M","$","M","M","R","B",null,"M","M","?","M","M","R","M","M","T","R","M","$","?","M","R","B",null,"M","?","?","?","M","R","R","E"],"character_chosen":"DEFECT","items_purchased":["Storm","Secret Technique","Runic Capacitor"],"campfire_rested":6,"item_purchase_floors":[12,12,29],"current_hp_per_floor":[74,74,72,57,57,57,44,33,33,55,47,47,48,52,52,17,75,59,61,45,51,28,50,39,40,40,62,58,58,58,39,61,26,75,45,14,33,33,21,43,65,0],"gold":237,"neow_bonus":"RANDOM_COMMON_RELIC","is_prod":false,"is_daily":false,"chose_seed":false,"campfire_upgraded":2,"win_rate":0,"timestamp":1553049621,"path_taken":["M","M","M","?","?","R","E","?","T","R","M","$","M","M","R","BOSS","M","M","?","M","M","R","M","M","T","R","M","$","?","M","R","BOSS","M","?","?","?","M","R","R","E"],"build_version":"2019-01-23","purchased_purges":0,"victory":false,"max_hp_per_floor":[75,75,75,75,75,75,75,75,75,75,75,75,75,75,75,75,75,75,75,75,75,75,75,75,75,75,75,75,75,75,75,75,75,75,75,75,75,75,75,75,75,75],"card_choices":[{"not_picked":["Chill","Cold Snap"],"picked":"Static Discharge","floor":1.0},{"not_picked":["Loop","Beam Cell"],"picked":"Barrage","floor":2.0},{"not_picked":["Gash","Barrage"],"picked":"Coolheaded","floor":3.0},{"not_picked":["Recycle","Stack"],"picked":"Rebound","floor":7.0},{"not_picked":["Reprogram","Ball Lightning"],"picked":"Self Repair","floor":8.0},{"not_picked":["Undo","Auto Shields"],"picked":"Skim","floor":11.0},{"not_picked":["Coolheaded","Steam"],"picked":"Conserve Battery","floor":13.0},{"not_picked":["Undo","Force Field"],"picked":"Gash","floor":14.0},{"not_picked":["All For One","Thunder Strike"],"picked":"Seek","floor":16.0},{"not_picked":["Ball Lightning+1","Sweeping Beam"],"picked":"Compile Driver+1","floor":18.0},{"not_picked":["Go for the Eyes","Rebound"],"picked":"FTL","floor":19.0},{"not_picked":["Turbo+1","Conserve Battery"],"picked":"Barrage","floor":21.0},{"not_picked":["Ball Lightning","Rebound+1"],"picked":"Coolheaded+1","floor":22.0},{"not_picked":["Barrage","Coolheaded"],"picked":"Redo+1","floor":24.0},{"not_picked":["Redo","Go for the Eyes"],"picked":"Sweeping Beam","floor":25.0},{"not_picked":["Rebound","Sweeping Beam+1"],"picked":"Seek","floor":27.0},{"not_picked":["Ball Lightning","Tempest"],"picked":"Lockon+1","floor":28.0},{"not_picked":["Fusion","Hologram"],"picked":"Gash","floor":31.0},{"not_picked":["Recycle","Skim"],"picked":"Stack+1","floor":32.0},{"not_picked":["Core Surge","Creative AI"],"picked":"Biased Cognition","floor":33.0},{"not_picked":["Double Energy","Turbo"],"picked":"Capacitor","floor":35},{"not_picked":["Double Energy","Reinforced Body+1"],"picked":"Tempest+1","floor":36},{"not_picked":["Sweeping Beam+1","Redo","Auto Shields+1"],"picked":"SKIP","floor":39},{"not_picked":["Gash","Go for the Eyes"],"picked":"Compile Driver","floor":40},{"not_picked":["Streamline","Redo"],"picked":"Capacitor+1","floor":41}],"player_experience":53533,"relics_obtained":[{"floor":7.0,"key":"Mercury Hourglass"},{"floor":9.0,"key":"PreservedInsect"},{"floor":20.0,"key":"Necronomicon"},{"floor":26.0,"key":"Dream Catcher"},{"floor":36,"key":"WingedGreaves"}],"event_choices":[{"damage_healed":0.0,"max_hp_gain":0.0,"max_hp_loss":0.0,"gold_gain":0.0,"event_name":"Shining Light","player_choice":"Entered Light","floor":4.0,"gold_loss":0.0,"damage_taken":15.0,"cards_upgraded":["Strike_B","Strike_B"]},{"damage_healed":0.0,"max_hp_gain":0.0,"max_hp_loss":0.0,"gold_gain":0.0,"event_name":"Lab","player_choice":"Got Potions","floor":5.0,"gold_loss":0.0,"damage_taken":0.0},{"damage_healed":0.0,"max_hp_gain":0.0,"max_hp_loss":0.0,"gold_gain":0.0,"event_name":"Cursed Tome","player_choice":"Obtained Book","floor":20.0,"gold_loss":0.0,"damage_taken":16.0},{"damage_healed":0.0,"max_hp_gain":0.0,"max_hp_loss":0.0,"gold_gain":0.0,"event_name":"Beggar","player_choice":"Ignored","floor":30.0,"gold_loss":0.0,"damage_taken":0.0},{"damage_healed":0,"gold_gain":0,"player_choice":"Fight","damage_taken":0,"max_hp_gain":0,"max_hp_loss":0,"event_name":"Mysterious Sphere","floor":36,"gold_loss":0},{"damage_healed":19,"gold_gain":0,"player_choice":"Writhe","damage_taken":0,"max_hp_gain":0,"max_hp_loss":0,"event_name":"Winding Halls","floor":37,"gold_loss":0,"cards_obtained":["Writhe"]},{"damage_healed":0,"gold_gain":0,"player_choice":"Upgraded","damage_taken":0,"max_hp_gain":0,"max_hp_loss":0,"event_name":"Upgrade Shrine","floor":38,"gold_loss":0,"cards_upgraded":["Seek"]}],"is_beta":false,"boss_relics":[{"not_picked":["Nuclear Battery","Cursed Key"],"picked":"Inserter"},{"not_picked":["Empty Cage","Coffee Dripper"],"picked":"Philosopher\u0027s Stone"}],"items_purged_floors":[],"is_endless":false,"potions_floor_spawned":[1,7,14,18,21,22,28,36],"killed_by":"Reptomancer","ascension_level":0}