{"gold_per_floor":[111,128,128,143,143,143,127,145,145,145,162,17,29,63,63,162,162,180,190,105,105],"floor_reached":21,"playtime":1341,"items_purged":["Defend_G"],"score":183,"play_id":"19c4fc13-747e-4fad-8e81-2f28bcfdbb66","local_time":"20190319232618","is_ascension_mode":false,"campfire_choices":[{"data":"Prepared","floor":6,"key":"SMITH"},{"floor":15,"key":"REST"}],"neow_cost":"NONE","seed_source_timestamp":88040824368937,"circlet_count":0,"master_deck":["Defend_G","Defend_G+1","Defend_G","Defend_G+1","Strike_G","Strike_G","Strike_G","Strike_G","Strike_G","Survivor","Neutralize","Prepared+1","Cloak And Dagger+1","Dagger Throw","Cloak And Dagger+1","Riddle With Holes","Expertise","Calculated Gamble","Noxious Fumes","Noxious Fumes","Envenom","Corpse Explosion","Quick Slash+1","Escape Plan"],"relics":["Ring of the Snake","Orichalcum","Boot","Black Star","Molten Egg 2"],"potions_floor_usage":[],"damage_taken":[{"damage":4,"enemies":"Jaw Worm","floor":1,"turns":8},{"damage":1,"enemies":"2 Louse","floor":2,"turns":3},{"damage":0,"enemies":"Small Slimes","floor":4,"turns":3},{"damage":0,"enemies":"Exordium Thugs","floor":7,"turns":4},{"damage":7,"enemies":"Exordium Wildlife","floor":8,"turns":5},{"damage":0,"enemies":"3 Louse","floor":11,"turns":3},{"damage":1,"enemies":"Blue Slaver","floor":13,"turns":3},{"damage":12,"enemies":"3 Sentries","floor":14,"turns":6},{"damage":19,"enemies":"Slime Boss","floor":16,"turns":9},{"damage":30,"enemies":"Shell Parasite","floor":18,"turns":7},{"damage":8,"enemies":"3 Byrds","floor":19,"turns":4},{"damage":32,"enemies":"Shelled Parasite and Fungi","floor":21,"turns":8}],"seed_played":"3625168517872033174","potions_obtained":[{"floor":4,"key":"Explosive Potion"},{"floor":7,"key":"Energy Potion"},{"floor":11,"key":"Ancient Potion"}],"is_trial":false,"path_per_floor":["M","M","?","M","?","R","M","M","T","?","M","$","M","E","R","B",null,"M","M","?","M"],"character_chosen":"THE_SILENT","items_purchased":["Noxious Fumes"],"campfire_rested":1,"item_purchase_floors":[12],"current_hp_per_floor":[66,65,51,51,51,51,51,44,44,44,44,44,43,31,52,33,70,40,32,32,0],"gold":105,"neow_bonus":"THREE_CARDS","is_prod":false,"is_daily":false,"chose_seed":false,"campfire_upgraded":1,"win_rate":0.0,"timestamp":1553052378,"path_taken":["M","M","?","M","?","R","M","M","T","?","?","$","M","E","R","BOSS","M","M","?","M"],"build_version":"2019-01-23","purchased_purges":1,"victory":false,"max_hp_per_floor":[70,70,70,70,70,70,70,70,70,70,70,70,70,70,70,70,70,70,70,70,70],"card_choices":[{"not_picked":["Underhanded Strike","Deadly Poison"],"picked":"Prepared","floor":0},{"not_picked":["Acrobatics","Leg Sweep"],"picked":"Cloak And Dagger","floor":1},{"not_picked":["Deadly Poison","Accuracy"],"picked":"Dagger Throw","floor":2},{"not_picked":["Acrobatics","Backflip"],"picked":"Cloak And Dagger","floor":4},{"not_picked":["Deflect","Backflip"],"picked":"Riddle With Holes","floor":7},{"not_picked":["Slice","Sucker Punch"],"picked":"Expertise","floor":8},{"not_picked":["Footwork","Heel Hook"],"picked":"Calculated Gamble","floor":11},{"not_picked":["Infinite Blades","Slice"],"picked":"Noxious Fumes","floor":13},{"not_picked":["Reflex","Acrobatics"],"picked":"Envenom","floor":14},{"not_picked":["Bullet Time","Wraith Form v2"],"picked":"Corpse Explosion","floor":16},{"not_picked":["Outmaneuver","Masterful Stab"],"picked":"Quick Slash+1","floor":18},{"not_picked":["Outmaneuver","Deadly Poison"],"picked":"Escape Plan","floor":19}],"player_experience":55827,"relics_obtained":[{"floor":9,"key":"Orichalcum"},{"floor":14,"key":"Boot"}],"event_choices":[{"damage_healed":0,"gold_gain":0,"player_choice":"Entered Light","damage_taken":14,"max_hp_gain":0,"max_hp_loss":0,"event_name":"Shining Light","floor":3,"gold_loss":0,"cards_upgraded":["Defend_G","Defend_G"]},{"damage_healed":0,"gold_gain":0,"player_choice":"Grow","damage_taken":0,"max_hp_gain":0,"max_hp_loss":0,"event_name":"Living Wall","floor":5,"gold_loss":0,"cards_upgraded":["Cloak And Dagger"]},{"damage_healed":0,"gold_gain":0,"player_choice":"Upgraded","damage_taken":0,"max_hp_gain":0,"max_hp_loss":0,"event_name":"Upgrade Shrine","floor":10,"gold_loss":0,"cards_upgraded":["Cloak And Dagger"]},{"damage_healed":0,"gold_gain":0,"player_choice":"Obtained Relic","damage_taken":0,"relics_obtained":["Molten Egg 2"],"max_hp_gain":0,"max_hp_loss":0,"event_name":"Addict","floor":20,"gold_loss":85}],"is_beta":false,"boss_relics":[{"not_picked":["Fusion Hammer","Lizard Tail"],"picked":"Black Star"}],"items_purged_floors":[12],"is_endless":false,"potions_floor_spawned":[4,7,11,14,16,19],"killed_by":"Shelled Parasite and Fungi","ascension_level":0}