{"gold_per_floor":[119,137,155,205,218,218,250,267,267,267,285,285,301,42,42,42],"floor_reached":16,"playtime":730,"items_purged":["Strike_R"],"score":208,"play_id":"7cd93862-c9be-4ebb-b069-f3a8ada98609","local_time":"20190605082415","is_ascension_mode":true,"campfire_choices":[{"data":"Searing Blow","floor":6,"key":"SMITH"},{"data":"Searing Blow+1","floor":10,"key":"SMITH"},{"floor":12,"key":"REST"},{"data":"Searing Blow+2","floor":15,"key":"SMITH"}],"neow_cost":"TEN_PERCENT_HP_LOSS","seed_source_timestamp":1884894824036063,"circlet_count":0,"master_deck":["AscendersBane","Strike_R","Strike_R","Strike_R","Strike_R","Defend_R","Defend_R","Defend_R","Defend_R","Bash","Demon Form","Iron Wave","True Grit","Searing Blow+3","Armaments","Armaments","Shockwave"],"special_seed":0,"relics":["Burning Blood","Kunai","Bottled Lightning"],"potions_floor_usage":[7,8,16],"damage_taken":[{"damage":1.0,"enemies":"Cultist","floor":1.0,"turns":3.0},{"damage":12.0,"enemies":"Jaw Worm","floor":2.0,"turns":3.0},{"damage":0.0,"enemies":"2 Louse","floor":3.0,"turns":4.0},{"damage":15.0,"enemies":"Looter","floor":5.0,"turns":4.0},{"damage":27,"enemies":"Gremlin Nob","floor":7,"turns":4},{"damage":28,"enemies":"Large Slime","floor":8,"turns":9},{"damage":5,"enemies":"Exordium Wildlife","floor":11,"turns":5},{"damage":8,"enemies":"Blue Slaver","floor":13,"turns":4},{"damage":39,"enemies":"Slime Boss","floor":16,"turns":8}],"seed_played":"4185092946312834444","potions_obtained":[{"floor":2.0,"key":"AttackPotion"},{"floor":7,"key":"BloodPotion"},{"floor":8,"key":"Poison Potion"}],"is_trial":false,"path_per_floor":["M","M","M","?","M","R","E","M","T","R","M","R","M","$","R","B"],"character_chosen":"IRONCLAD","items_purchased":["Armaments","Shockwave","Dexterity Potion"],"campfire_rested":1,"item_purchase_floors":[14,14,14],"current_hp_per_floor":[68,62,68,62,53,53,32,16,16,16,17,37,35,35,35,0],"gold":42,"neow_bonus":"THREE_RARE_CARDS","is_prod":false,"is_daily":false,"chose_seed":false,"campfire_upgraded":3,"win_rate":0,"timestamp":1559737455,"path_taken":["M","M","?","?","M","R","E","M","T","R","M","R","M","$","R","BOSS"],"build_version":"2019-01-23","purchased_purges":1,"victory":false,"max_hp_per_floor":[68,68,68,68,68,68,68,68,68,68,68,68,68,68,68,68],"card_choices":[{"not_picked":["Impervious","Juggernaut"],"picked":"Demon Form","floor":0.0},{"not_picked":["Wild Strike","Warcry"],"picked":"Iron Wave","floor":1.0},{"not_picked":["Infernal Blade","Evolve"],"picked":"True Grit","floor":2.0},{"not_picked":["Warcry","Combust"],"picked":"Searing Blow","floor":3.0},{"not_picked":["Evolve","Inflame","Feel No Pain"],"picked":"SKIP","floor":5},{"not_picked":["Fire Breathing","Sever Soul"],"picked":"Armaments","floor":7},{"not_picked":["Burning Pact","Dual Wield","Havoc"],"picked":"SKIP","floor":8},{"not_picked":["Havoc","Clothesline","Thunderclap"],"picked":"SKIP","floor":11},{"not_picked":["Seeing Red","Perfected Strike","Bloodletting"],"picked":"SKIP","floor":13}],"player_experience":561793,"relics_obtained":[{"floor":7,"key":"Kunai"},{"floor":9,"key":"Bottled Lightning"}],"event_choices":[{"damage_healed":0.0,"max_hp_gain":0.0,"max_hp_loss":0.0,"gold_gain":50.0,"event_name":"FaceTrader","player_choice":"Touch","floor":4.0,"gold_loss":0.0,"damage_taken":6.0}],"is_beta":false,"boss_relics":[],"items_purged_floors":[14],"is_endless":false,"potions_floor_spawned":[2,7,8],"killed_by":"Slime Boss","ascension_level":20}