{"gold_per_floor":[112,131,147,147,201,201,228,246,246,246,246,256,274,308,308,405,405,405,405,405,330,330,330,330,330,330,330,330,330,330,330,330,330],"floor_reached":33,"playtime":1037,"items_purged":["Strike_R"],"score":402,"play_id":"f257abe6-848b-44c3-9ea2-1679c1c6c65d","local_time":"20190414150110","is_ascension_mode":true,"campfire_choices":[{"data":"Searing Blow","floor":6,"key":"SMITH"},{"data":"Searing Blow+2","floor":10,"key":"SMITH"},{"data":"Searing Blow+3","floor":15,"key":"SMITH"},{"data":"Searing Blow+4","floor":23,"key":"SMITH"},{"data":"Searing Blow+5","floor":27,"key":"SMITH"},{"data":"Searing Blow+6","floor":32,"key":"SMITH"}],"neow_cost":"NONE","seed_source_timestamp":123139437042069,"circlet_count":0,"master_deck":["Strike_R","Strike_R","Strike_R","Strike_R","Defend_R","Defend_R","Defend_R","Defend_R","Bash","Headbutt+1","Searing Blow+7","Armaments","Headbutt","Headbutt","Headbutt","Offering","Headbutt","Warcry+1","Necronomicurse"],"relics":["Burning Blood","Oddly Smooth Stone","Whetstone","Pear","Magic Flower","Ectoplasm","Turnip","Mummified Hand","MutagenicStrength","Red Skull","Necronomicon"],"potions_floor_usage":[7,8,14,14,28,30,30,33],"damage_taken":[{"damage":9,"enemies":"2 Louse","floor":1,"turns":2},{"damage":3,"enemies":"Jaw Worm","floor":2,"turns":5},{"damage":11,"enemies":"Cultist","floor":3,"turns":4},{"damage":49,"enemies":"Lagavulin","floor":7,"turns":6},{"damage":18,"enemies":"Exordium Thugs","floor":8,"turns":6},{"damage":0,"enemies":"Exordium Wildlife","floor":12,"turns":1},{"damage":3,"enemies":"2 Fungi Beasts","floor":13,"turns":2},{"damage":5,"enemies":"3 Sentries","floor":14,"turns":7},{"damage":40,"enemies":"Hexaghost","floor":16,"turns":6},{"damage":14,"enemies":"3 Byrds","floor":18,"turns":5},{"damage":18,"enemies":"Chosen","floor":19,"turns":2},{"damage":20,"enemies":"Centurion and Healer","floor":22,"turns":4},{"damage":18,"enemies":"Book of Stabbing","floor":24,"turns":3},{"damage":13,"enemies":"Snake Plant","floor":28,"turns":3},{"damage":30,"enemies":"Slavers","floor":30,"turns":3},{"damage":40,"enemies":"Champ","floor":33,"turns":3}],"seed_played":"4814238773535619415","potions_obtained":[{"floor":3,"key":"BloodPotion"},{"floor":7,"key":"SkillPotion"},{"floor":12,"key":"EssenceOfSteel"},{"floor":13,"key":"Dexterity Potion"},{"floor":16,"key":"Explosive Potion"},{"floor":19,"key":"SpeedPotion"},{"floor":24,"key":"Explosive Potion"},{"floor":30,"key":"Strength Potion"}],"is_trial":false,"path_per_floor":["M","M","M","?","T","R","E","M","T","R","T","M","M","E","R","B",null,"M","M","?","$","M","R","E","?","T","R","M","?","E","?","R","B"],"character_chosen":"IRONCLAD","items_purchased":[],"campfire_rested":0,"item_purchase_floors":[],"current_hp_per_floor":[85,88,83,83,83,83,48,36,36,36,46,52,55,56,56,25,98,93,84,84,84,73,73,64,64,64,64,60,60,39,23,23,0],"gold":330,"neow_bonus":"TEN_PERCENT_HP_BONUS","is_prod":false,"is_daily":false,"chose_seed":false,"campfire_upgraded":6,"win_rate":0,"timestamp":1555268470,"path_taken":["M","M","M","?","?","R","E","?","T","R","?","M","M","E","R","BOSS","M","M","?","$","M","R","E","?","T","R","M","?","E","?","R","BOSS"],"build_version":"2019-01-23","purchased_purges":1,"victory":false,"max_hp_per_floor":[88,88,88,88,88,88,88,88,88,88,98,98,98,98,98,98,98,98,98,98,98,98,98,98,98,98,98,98,98,98,98,98,98],"card_choices":[{"not_picked":["Clothesline","Carnage"],"picked":"Headbutt","floor":1},{"not_picked":["Anger","Thunderclap","Blood for Blood"],"picked":"SKIP","floor":2},{"not_picked":["True Grit","Burning Pact"],"picked":"Searing Blow","floor":3},{"not_picked":["Seeing Red","Ghostly Armor"],"picked":"Armaments","floor":7},{"not_picked":["Pommel Strike","Rage"],"picked":"Headbutt","floor":8},{"not_picked":["Warcry","Rage"],"picked":"Headbutt","floor":12},{"not_picked":["Rupture","Dropkick","True Grit"],"picked":"SKIP","floor":13},{"not_picked":["Clash","Warcry"],"picked":"Headbutt","floor":14},{"not_picked":["Berserk","Barricade"],"picked":"Offering","floor":16},{"not_picked":["Iron Wave","Flame Barrier"],"picked":"Headbutt","floor":18},{"not_picked":["Sentinel+1","Uppercut","Blood for Blood"],"picked":"SKIP","floor":19},{"not_picked":["Clothesline+1","Whirlwind","Body Slam"],"picked":"SKIP","floor":22},{"not_picked":["Searing Blow+1","Blood for Blood","Heavy Blade"],"picked":"SKIP","floor":24},{"not_picked":["Whirlwind","Combust","Sever Soul"],"picked":"SKIP","floor":28},{"not_picked":["Shrug It Off","Evolve"],"picked":"Warcry+1","floor":30}],"player_experience":145028,"relics_obtained":[{"floor":5,"key":"Oddly Smooth Stone"},{"floor":7,"key":"Whetstone"},{"floor":11,"key":"Pear"},{"floor":14,"key":"Magic Flower"},{"floor":24,"key":"Turnip"},{"floor":26,"key":"Mummified Hand"},{"floor":30,"key":"Red Skull"},{"floor":31,"key":"Necronomicon"}],"event_choices":[{"damage_healed":0,"gold_gain":0,"player_choice":"Ignored","damage_taken":0,"max_hp_gain":0,"max_hp_loss":0,"event_name":"Liars Game","floor":4,"gold_loss":0},{"damage_healed":0,"gold_gain":0,"player_choice":"Ignored","damage_taken":0,"max_hp_gain":0,"max_hp_loss":0,"event_name":"Ghosts","floor":20,"gold_loss":0},{"damage_healed":0,"gold_gain":0,"player_choice":"Ignored","damage_taken":0,"max_hp_gain":0,"max_hp_loss":0,"event_name":"Vampires","floor":25,"gold_loss":0},{"damage_healed":0,"gold_gain":0,"player_choice":"Inject Mutagens","damage_taken":0,"relics_obtained":["MutagenicStrength"],"max_hp_gain":0,"max_hp_loss":0,"event_name":"Drug Dealer","floor":29,"gold_loss":0},{"damage_healed":0,"gold_gain":0,"player_choice":"Obtained Book","damage_taken":16,"max_hp_gain":0,"max_hp_loss":0,"event_name":"Cursed Tome","floor":31,"gold_loss":0}],"is_beta":false,"boss_relics":[{"not_picked":["Fusion Hammer","Black Blood"],"picked":"Ectoplasm"}],"items_purged_floors":[21],"is_endless":false,"potions_floor_spawned":[3,7,12,13,16,19,24,30],"killed_by":"Champ","ascension_level":2}