{"gold_per_floor":[113,126,126,143,153,188,207,217,242,242,257,257,257,272,272,391,391],"floor_reached":17,"playtime":3047,"items_purged":[],"score":236,"play_id":"bea73882-fa3b-42eb-824e-aacde97b6d36","local_time":"20190608202003","daily_mods":["SealedDeck"],"is_ascension_mode":false,"campfire_choices":[{"data":"After Image","floor":10,"key":"SMITH"},{"data":"Accuracy","floor":13,"key":"SMITH"},{"data":"Accuracy","floor":15,"key":"SMITH"}],"neow_cost":"","seed_source_timestamp":1984714438513700,"circlet_count":0,"master_deck":["PiercingWail+1","Well Laid Plans","Blade Dance","Blade Dance","Accuracy+1","Dagger Spray","All Out Attack","Dash","Dodge and Roll+1","Backflip","Blade Dance","Outmaneuver","Accuracy","Accuracy+1","After Image+1","Tools of the Trade"],"relics":["Ring of the Snake","Art of War","Ancient Tea Set","Golden Idol","WristBlade"],"potions_floor_usage":[6,16,16],"damage_taken":[{"damage":1,"enemies":"Jaw Worm","floor":1,"turns":3},{"damage":0,"enemies":"2 Louse","floor":2,"turns":2},{"damage":0,"enemies":"Cultist","floor":4,"turns":2},{"damage":6,"enemies":"Exordium Thugs","floor":5,"turns":3},{"damage":0,"enemies":"Lagavulin","floor":6,"turns":4},{"damage":2,"enemies":"Blue Slaver","floor":7,"turns":3},{"damage":1,"enemies":"Large Slime","floor":8,"turns":4},{"damage":0,"enemies":"Exordium Thugs","floor":11,"turns":4},{"damage":0,"enemies":"Looter","floor":14,"turns":3},{"damage":0,"enemies":"The Guardian","floor":16,"turns":5}],"seed_played":"-7614246906685447177","potions_obtained":[{"floor":1,"key":"SkillPotion"},{"floor":2,"key":"Fire Potion"},{"floor":5,"key":"PowerPotion"},{"floor":11,"key":"FearPotion"}],"is_trial":true,"path_per_floor":["M","M","?","M","M","E","M","M","T","R","M","?","R","M","R","B",null],"character_chosen":"THE_SILENT","items_purchased":[],"campfire_rested":0,"item_purchase_floors":[],"current_hp_per_floor":[69,69,55,55,49,49,47,46,46,46,46,29,29,29,29,29,70],"gold":391,"neow_bonus":"","is_prod":false,"is_daily":false,"chose_seed":false,"campfire_upgraded":3,"win_rate":0,"timestamp":1560039603,"path_taken":["M","M","?","M","M","E","M","M","T","R","M","?","R","M","R","BOSS"],"build_version":"2019-01-23","purchased_purges":0,"victory":false,"max_hp_per_floor":[70,70,70,70,70,70,70,70,70,70,70,70,70,70,70,70,70],"card_choices":[{"not_picked":["Deadly Poison","Dodge and Roll"],"picked":"Blade Dance","floor":1},{"not_picked":["Bouncing Flask","Slice"],"picked":"Outmaneuver","floor":2},{"not_picked":["Outmaneuver","Underhanded Strike"],"picked":"Accuracy","floor":4},{"not_picked":["Dash","PiercingWail"],"picked":"Accuracy","floor":5},{"not_picked":["Terror","Backstab"],"picked":"After Image","floor":6},{"not_picked":["Dodge and Roll","Slice","Prepared"],"picked":"SKIP","floor":7},{"not_picked":["Dagger Throw","Underhanded Strike","Sucker Punch"],"picked":"SKIP","floor":8},{"not_picked":["Flying Knee","Slice","Bouncing Flask"],"picked":"SKIP","floor":11},{"not_picked":["Underhanded Strike","Dodge and Roll","Heel Hook"],"picked":"SKIP","floor":14},{"not_picked":["Phantasmal Killer","Glass Knife"],"picked":"Tools of the Trade","floor":16}],"player_experience":1199012,"relics_obtained":[{"floor":6,"key":"Art of War"},{"floor":9,"key":"Ancient Tea Set"}],"event_choices":[{"damage_healed":0,"gold_gain":0,"player_choice":"Entered Light","damage_taken":14,"max_hp_gain":0,"max_hp_loss":0,"event_name":"Shining Light","floor":3,"gold_loss":0,"cards_upgraded":["Dodge and Roll","PiercingWail"]},{"damage_healed":0,"gold_gain":0,"player_choice":"Take Damage","damage_taken":17,"relics_obtained":["Golden Idol"],"max_hp_gain":0,"max_hp_loss":0,"event_name":"Golden Idol","floor":12,"gold_loss":0}],"is_beta":false,"boss_relics":[{"not_picked":["Snecko Eye","Astrolabe"],"picked":"WristBlade"}],"items_purged_floors":[],"is_endless":false,"potions_floor_spawned":[1,2,5,11,14],"ascension_level":0}