{"gold_per_floor":[113,26,26,97,109,109,119,132,132,132,164,164,164,184,184,285,285,298,318,37,68,86,86,113,130,199,199,114,124,124,137,137,237,237,253,267,38,53,1052,1052],"floor_reached":40,"playtime":2783,"items_purged":[],"score":458,"play_id":"69c0d18a-2bc4-45a8-abbb-30e89f436cd0","local_time":"20190602110021","is_ascension_mode":false,"campfire_choices":[{"data":"Headbutt","floor":6,"key":"SMITH"},{"data":"Inflame","floor":10,"key":"SMITH"},{"data":"Feel No Pain","floor":12,"key":"SMITH"},{"data":"Shrug It Off","floor":15,"key":"SMITH"},{"floor":23,"key":"REST"},{"floor":32,"key":"REST"}],"neow_cost":"NONE","seed_source_timestamp":52987621535853,"circlet_count":0,"master_deck":["Strike_R+1","Strike_R","Strike_R+1","Strike_R+1","Strike_R","Defend_R+1","Defend_R","Defend_R","Defend_R","Bash","Headbutt+1","Warcry","Feel No Pain+1","Pummel","Thunderclap","Inflame+1","Body Slam+1","Shrug It Off+1","Barricade","Body Slam+1","Power Through+1","Clothesline+1","Cleave+1","Seeing Red","Iron Wave+1","Immolate+1","Cleave+1","Shrug It Off","Iron Wave+1","Writhe","Anger+1","Immolate+1","Anger+1","Flex+1","Fire Breathing","Wild Strike+1","Rage","Normality","Normality"],"relics":["Burning Blood","NeowsBlessing","Self Forming Clay","Molten Egg 2","Regal Pillow","Ancient Tea Set","White Beast Statue","Lee\u0027s Waffle","Red Mask","Bottled Lightning","Gremlin Horn","Kunai","Centennial Puzzle","Sozu","Whetstone"],"potions_floor_usage":[11,16,21,22,31,33,40,40],"damage_taken":[{"damage":0,"enemies":"2 Louse","floor":1,"turns":1},{"damage":0,"enemies":"Jaw Worm","floor":5,"turns":1},{"damage":0,"enemies":"Cultist","floor":7,"turns":1},{"damage":8,"enemies":"Large Slime","floor":8,"turns":5},{"damage":17,"enemies":"Gremlin Nob","floor":11,"turns":4},{"damage":1,"enemies":"Looter","floor":14,"turns":3},{"damage":20,"enemies":"The Guardian","floor":16,"turns":9},{"damage":41,"enemies":"3 Byrds","floor":18,"turns":6},{"damage":14,"enemies":"2 Thieves","floor":19,"turns":4},{"damage":29,"enemies":"Masked Bandits","floor":21,"turns":5},{"damage":22,"enemies":"Shelled Parasite and Fungi","floor":22,"turns":7},{"damage":15,"enemies":"Book of Stabbing","floor":24,"turns":7},{"damage":18,"enemies":"Snake Plant","floor":25,"turns":4},{"damage":30,"enemies":"Centurion and Healer","floor":29,"turns":5},{"damage":16,"enemies":"Shelled Parasite and Fungi","floor":31,"turns":6},{"damage":66,"enemies":"Collector","floor":33,"turns":9},{"damage":0,"enemies":"3 Shapes","floor":35,"turns":1},{"damage":17,"enemies":"3 Darklings","floor":36,"turns":3},{"damage":56,"enemies":"Writhing Mass","floor":38,"turns":5},{"damage":26,"enemies":"Nemesis","floor":40,"turns":3}],"seed_played":"-4787241970668899796","potions_obtained":[{"floor":5,"key":"Regen Potion"},{"floor":11,"key":"Dexterity Potion"},{"floor":18,"key":"AttackPotion"},{"floor":19,"key":"Weak Potion"},{"floor":21,"key":"SteroidPotion"},{"floor":22,"key":"Regen Potion"},{"floor":24,"key":"FearPotion"},{"floor":25,"key":"Dexterity Potion"},{"floor":31,"key":"Poison Potion"},{"floor":33,"key":"Dexterity Potion"}],"is_trial":false,"path_per_floor":["M","$","?","T","M","R","M","M","T","R","E","R","T","M","R","B",null,"M","M","$","?","M","R","E","M","T","?","?","M","?","M","R","B",null,"M","M","$","M","?","E"],"character_chosen":"IRONCLAD","items_purchased":["Warcry","Feel No Pain","Lee\u0027s Waffle","Clothesline+1","Cleave+1","Whetstone","Fire Breathing","Wild Strike+1"],"campfire_rested":2,"item_purchase_floors":[2,2,20,20,20,37,37,37],"current_hp_per_floor":[80,80,64,64,70,70,76,74,74,74,68,68,68,73,73,59,80,45,37,87,64,48,87,78,66,66,66,66,42,42,32,73,27,87,87,76,76,26,26,0],"gold":1052,"neow_bonus":"THREE_ENEMY_KILL","is_prod":false,"is_daily":false,"chose_seed":false,"campfire_upgraded":4,"win_rate":0,"timestamp":1559491221,"path_taken":["M","$","?","?","M","R","M","M","T","R","E","R","?","M","R","BOSS","M","M","$","?","M","R","E","M","T","?","?","M","?","M","R","BOSS","M","M","$","M","?","E"],"build_version":"2019-01-23","purchased_purges":0,"victory":false,"max_hp_per_floor":[80,80,80,80,80,80,80,80,80,80,80,80,80,80,80,80,80,80,80,87,87,87,87,87,87,87,87,87,87,87,87,87,87,87,87,87,87,87,87,87],"card_choices":[{"not_picked":["Power Through","Anger"],"picked":"Headbutt","floor":1},{"not_picked":["Heavy Blade","Warcry"],"picked":"Pummel","floor":5},{"not_picked":["Warcry","Dropkick"],"picked":"Thunderclap","floor":7},{"not_picked":["Pummel","Heavy Blade"],"picked":"Inflame","floor":8},{"not_picked":["Infernal Blade","Power Through"],"picked":"Body Slam+1","floor":11},{"not_picked":["Body Slam+1","Cleave+1"],"picked":"Shrug It Off","floor":14},{"not_picked":["Immolate+1","Double Tap"],"picked":"Barricade","floor":16},{"not_picked":["Heavy Blade+1","Thunderclap+1"],"picked":"Body Slam+1","floor":18},{"not_picked":["Pommel Strike+1","Perfected Strike+1"],"picked":"Power Through+1","floor":19},{"not_picked":["Battle Trance+1","Rupture+1"],"picked":"Seeing Red","floor":21},{"not_picked":["Pommel Strike+1","Thunderclap+1"],"picked":"Iron Wave+1","floor":22},{"not_picked":["Rage","Heavy Blade+1"],"picked":"Immolate+1","floor":24},{"not_picked":["Infernal Blade","Pommel Strike+1"],"picked":"Cleave+1","floor":25},{"not_picked":["Corruption","Power Through"],"picked":"Iron Wave+1","floor":29},{"not_picked":["Wild Strike+1","Heavy Blade+1"],"picked":"Anger+1","floor":31},{"not_picked":["Double Tap","Reaper+1"],"picked":"Immolate+1","floor":33},{"not_picked":["Bloodletting+1","Feel No Pain"],"picked":"Anger+1","floor":35},{"not_picked":["Wild Strike+1","Perfected Strike+1"],"picked":"Flex+1","floor":36},{"not_picked":["Thunderclap+1","Sword Boomerang+1"],"picked":"Rage","floor":38}],"player_experience":39007,"relics_obtained":[{"floor":4,"key":"Self Forming Clay"},{"floor":9,"key":"Molten Egg 2"},{"floor":11,"key":"Regal Pillow"},{"floor":13,"key":"Ancient Tea Set"},{"floor":21,"key":"Red Mask"},{"floor":24,"key":"Bottled Lightning"},{"floor":26,"key":"Gremlin Horn"}],"event_choices":[{"damage_healed":0,"gold_gain":0,"player_choice":"Entered Light","damage_taken":16,"max_hp_gain":0,"max_hp_loss":0,"event_name":"Shining Light","floor":3,"gold_loss":0,"cards_upgraded":["Defend_R","Strike_R"]},{"damage_healed":0,"gold_gain":0,"player_choice":"Fought Bandits","damage_taken":0,"max_hp_gain":0,"max_hp_loss":0,"event_name":"Masked Bandits","floor":21,"gold_loss":0},{"damage_healed":0,"gold_gain":0,"player_choice":"Read","damage_taken":0,"max_hp_gain":0,"max_hp_loss":0,"event_name":"The Library","floor":27,"gold_loss":0,"cards_obtained":["Shrug It Off"]},{"damage_healed":0,"gold_gain":0,"player_choice":"Obtained Relic","damage_taken":0,"relics_obtained":["Kunai"],"max_hp_gain":0,"max_hp_loss":0,"event_name":"Addict","floor":28,"gold_loss":85},{"damage_healed":0,"gold_gain":0,"player_choice":"Opened","damage_taken":0,"relics_obtained":["Centennial Puzzle"],"max_hp_gain":0,"max_hp_loss":0,"event_name":"The Mausoleum","floor":30,"gold_loss":0,"cards_obtained":["Writhe"]},{"damage_healed":0,"gold_gain":999,"player_choice":"Gold","damage_taken":0,"max_hp_gain":0,"max_hp_loss":0,"event_name":"MindBloom","floor":39,"gold_loss":0,"cards_obtained":["Normality","Normality"]}],"is_beta":false,"boss_relics":[{"not_picked":["Lizard Tail","Cursed Key"],"picked":"White Beast Statue"},{"not_picked":["Busted Crown","Runic Pyramid"],"picked":"Sozu"}],"items_purged_floors":[],"is_endless":false,"potions_floor_spawned":[5,11,18,19,21,22,24,25,29,31,33,35,36,38],"killed_by":"Nemesis","ascension_level":0}