{"gold_per_floor":[110,110,110,129,54,80,90,90,90,102,120,132,132,158,158,258,258,268,250,269,368,368,368,395,395,418,343,343,371,382,149,149,245,245,256,256,478,478,578,578,589,589,641,653,20,37,37,37,37,37],"floor_reached":51,"playtime":5490,"items_purged":["Strike_G","Defend_G","Strike_G"],"score":773,"play_id":"bded9cc6-cb3d-432d-8973-4c4aa65b44a2","local_time":"20190520224428","is_ascension_mode":false,"campfire_choices":[{"data":"Footwork","floor":8,"key":"SMITH"},{"data":"Outmaneuver","floor":13,"key":"SMITH"},{"data":"Neutralize","floor":15,"key":"SMITH"},{"data":"Night Terror","floor":23,"key":"SMITH"},{"data":"Prepared","floor":28,"key":"SMITH"},{"data":"Catalyst","floor":32,"key":"SMITH"},{"data":"Bouncing Flask","floor":40,"key":"SMITH"},{"data":"Deadly Poison","floor":42,"key":"SMITH"},{"data":"Blur","floor":49,"key":"SMITH"}],"neow_cost":"NONE","seed_source_timestamp":420661750863100,"circlet_count":0,"master_deck":["Defend_G","Defend_G","Defend_G","Defend_G","Strike_G+1","Survivor","Neutralize+1","Prepared+1","Bouncing Flask+1","Footwork+1","Deadly Poison+1","Bane+1","Outmaneuver+1","Night Terror+1","Skewer","Well Laid Plans+1","Dodge and Roll+1","Blur+1","Concentrate+1","Catalyst+1","Adrenaline","Deflect+1","Escape Plan","Masterful Stab"],"relics":["Ring of the Snake","NeowsBlessing","Gremlin Horn","Juzu Bracelet","Bottled Tornado","Centennial Puzzle","Busted Crown","Boot","Whetstone","Red Mask","Coffee Dripper","Potion Belt","Mango"],"potions_floor_usage":[16,18,24,29,41,50,50],"damage_taken":[{"damage":0,"enemies":"Jaw Worm","floor":1,"turns":1},{"damage":0,"enemies":"Small Slimes","floor":4,"turns":1},{"damage":0,"enemies":"Gremlin Nob","floor":6,"turns":1},{"damage":0,"enemies":"Cultist","floor":7,"turns":3},{"damage":0,"enemies":"Exordium Wildlife","floor":10,"turns":6},{"damage":2,"enemies":"2 Fungi Beasts","floor":11,"turns":4},{"damage":1,"enemies":"Red Slaver","floor":12,"turns":4},{"damage":1,"enemies":"Lagavulin","floor":14,"turns":7},{"damage":20,"enemies":"Hexaghost","floor":16,"turns":8},{"damage":1,"enemies":"3 Byrds","floor":18,"turns":7},{"damage":16,"enemies":"2 Thieves","floor":19,"turns":5},{"damage":9,"enemies":"Centurion and Healer","floor":20,"turns":8},{"damage":21,"enemies":"Slavers","floor":24,"turns":10},{"damage":0,"enemies":"Masked Bandits","floor":29,"turns":9},{"damage":0,"enemies":"Snecko","floor":30,"turns":9},{"damage":17,"enemies":"Champ","floor":33,"turns":19},{"damage":5,"enemies":"3 Darklings","floor":35,"turns":6},{"damage":0,"enemies":"Orb Walker","floor":41,"turns":4},{"damage":9,"enemies":"Sphere and 2 Shapes","floor":44,"turns":7},{"damage":8,"enemies":"Spire Growth","floor":46,"turns":4},{"damage":14,"enemies":"Donu and Deca","floor":50,"turns":10}],"seed_played":"-2573183588933833193","potions_obtained":[{"floor":3,"key":"Swift Potion"},{"floor":3,"key":"Dexterity Potion"},{"floor":3,"key":"Weak Potion"},{"floor":6,"key":"SpeedPotion"},{"floor":14,"key":"GamblersBrew"},{"floor":16,"key":"Energy Potion"},{"floor":24,"key":"Explosive Potion"},{"floor":30,"key":"Explosive Potion"},{"floor":44,"key":"PowerPotion"}],"is_trial":false,"path_per_floor":["M","?","?","M","$","E","M","R","T","M","M","M","R","E","R","B",null,"M","M","M","?","?","R","E","?","T","?","R","?","M","$","R","B",null,"M","?","?","?","?","R","M","R","T","M","$","M","?","$","R","B",null],"character_chosen":"THE_SILENT","items_purchased":["Catalyst","Poison Potion","Mango","Escape Plan","Regen Potion","Energy Potion"],"campfire_rested":0,"item_purchase_floors":[31,31,45,45,45,45],"current_hp_per_floor":[70,63,63,63,63,63,63,63,63,63,61,60,60,59,59,39,70,69,53,44,44,44,44,23,46,46,46,46,46,46,46,46,29,70,65,65,65,65,65,65,65,65,65,56,70,62,62,62,62,63],"gold":37,"neow_bonus":"THREE_ENEMY_KILL","is_prod":false,"is_daily":false,"chose_seed":false,"campfire_upgraded":9,"win_rate":0,"timestamp":1558406668,"path_taken":["M","?","?","?","$","E","M","R","T","M","M","M","R","E","R","BOSS","M","M","M","?","?","R","E","?","T","?","R","?","M","$","R","BOSS","M","?","?","?","?","R","M","R","T","M","$","M","?","?","R","BOSS"],"build_version":"2019-01-23","purchased_purges":3,"victory":true,"max_hp_per_floor":[70,70,70,70,70,70,70,70,70,70,70,70,70,70,70,70,70,70,70,70,70,70,70,70,70,70,70,70,70,70,70,70,70,70,70,70,70,70,70,70,70,70,70,70,84,84,84,84,84,84],"card_choices":[{"not_picked":["Bane","Terror"],"picked":"Prepared","floor":1},{"not_picked":["Quick Slash","Reflex"],"picked":"Bouncing Flask","floor":4},{"not_picked":["Outmaneuver","Caltrops"],"picked":"Footwork","floor":6},{"not_picked":["Backstab","Backflip"],"picked":"Deadly Poison","floor":7},{"not_picked":["Deflect","Wraith Form v2"],"picked":"Bane","floor":10},{"not_picked":["Poisoned Stab","Dagger Spray"],"picked":"Outmaneuver","floor":11},{"not_picked":["Slice","Prepared","Concentrate"],"picked":"SKIP","floor":12},{"not_picked":["Skewer","Terror","Dagger Throw"],"picked":"SKIP","floor":14},{"not_picked":["Envenom","Storm of Steel"],"picked":"Night Terror","floor":16},{"not_picked":[],"picked":"Skewer","floor":18},{"not_picked":[],"picked":"Well Laid Plans+1","floor":19},{"not_picked":[],"picked":"Dodge and Roll+1","floor":20},{"not_picked":[],"picked":"Slice+1","floor":24},{"not_picked":[],"picked":"Blur","floor":29},{"not_picked":[],"picked":"Concentrate+1","floor":30},{"not_picked":[],"picked":"Adrenaline","floor":33},{"not_picked":["PiercingWail+1"],"picked":"SKIP","floor":35},{"not_picked":[],"picked":"Deflect+1","floor":41},{"not_picked":["Blade Dance+1"],"picked":"SKIP","floor":44},{"not_picked":["All Out Attack+1"],"picked":"SKIP","floor":46}],"player_experience":817378,"relics_obtained":[{"floor":6,"key":"Juzu Bracelet"},{"floor":9,"key":"Bottled Tornado"},{"floor":14,"key":"Centennial Puzzle"},{"floor":24,"key":"Boot"},{"floor":26,"key":"Whetstone"},{"floor":29,"key":"Red Mask"},{"floor":43,"key":"Potion Belt"}],"event_choices":[{"damage_healed":0,"gold_gain":0,"player_choice":"Success","damage_taken":7,"relics_obtained":["Gremlin Horn"],"max_hp_gain":0,"max_hp_loss":0,"event_name":"Scrap Ooze","floor":2,"gold_loss":0},{"damage_healed":0,"gold_gain":0,"player_choice":"Got Potions","damage_taken":0,"max_hp_gain":0,"max_hp_loss":0,"event_name":"Lab","floor":3,"gold_loss":0},{"damage_healed":0,"gold_gain":99,"player_choice":"Stole From Cult","damage_taken":0,"max_hp_gain":0,"max_hp_loss":0,"event_name":"Nest","floor":21,"gold_loss":0},{"damage_healed":0,"gold_gain":0,"player_choice":"Ignored","damage_taken":0,"max_hp_gain":0,"max_hp_loss":0,"event_name":"NoteForYourself","floor":22,"gold_loss":0},{"damage_healed":23,"gold_gain":0,"player_choice":"Heal","damage_taken":0,"max_hp_gain":0,"max_hp_loss":0,"event_name":"The Library","floor":25,"gold_loss":0},{"cards_removed":["Strike_G"],"damage_healed":0,"gold_gain":0,"player_choice":"Gave Gold","damage_taken":0,"max_hp_gain":0,"max_hp_loss":0,"event_name":"Beggar","floor":27,"gold_loss":75},{"damage_healed":0,"gold_gain":0,"player_choice":"Fought Bandits","damage_taken":0,"max_hp_gain":0,"max_hp_loss":0,"event_name":"Masked Bandits","floor":29,"gold_loss":0},{"cards_removed":["Strike_G"],"damage_healed":0,"gold_gain":0,"player_choice":"Removed Attack","damage_taken":0,"max_hp_gain":0,"max_hp_loss":0,"event_name":"Falling","floor":36,"gold_loss":0},{"damage_healed":0,"gold_gain":222,"player_choice":"Wore Mask","damage_taken":0,"max_hp_gain":0,"max_hp_loss":0,"event_name":"Tomb of Lord Red Mask","floor":37,"gold_loss":0},{"damage_healed":0,"gold_gain":0,"player_choice":"Ignored","damage_taken":0,"max_hp_gain":0,"max_hp_loss":0,"event_name":"Mysterious Sphere","floor":38,"gold_loss":0},{"damage_healed":0,"gold_gain":100,"player_choice":"Pray","damage_taken":0,"max_hp_gain":0,"max_hp_loss":0,"event_name":"Golden Shrine","floor":39,"gold_loss":0},{"damage_healed":0,"gold_gain":0,"cards_transformed":["Slice"],"player_choice":"Transformed","damage_taken":0,"max_hp_gain":0,"max_hp_loss":0,"event_name":"Transmorgrifier","floor":47,"gold_loss":0,"cards_obtained":["Masterful Stab"]}],"is_beta":false,"boss_relics":[{"not_picked":["Astrolabe","Pandora\u0027s Box"],"picked":"Busted Crown"},{"not_picked":["Lizard Tail","Velvet Choker"],"picked":"Coffee Dripper"}],"items_purged_floors":[5,31,45],"is_endless":false,"potions_floor_spawned":[4,6,7,14,16,24,30,44],"ascension_level":0}