{"gold_per_floor":[119,149,168,183,183,183,218,93,143,57,57,57,57,113,113,113],"floor_reached":16,"playtime":1002,"items_purged":["Decay"],"score":96,"play_id":"ef0f7e17-bfc9-47e4-8a86-086f428a68ac","local_time":"20190317121840","is_ascension_mode":false,"campfire_choices":[{"data":"Uppercut","floor":6,"key":"SMITH"},{"floor":11,"key":"REST"},{"data":"Pommel Strike","floor":13,"key":"SMITH"},{"data":"Flash of Steel","floor":15,"key":"SMITH"}],"neow_cost":"CURSE","seed_source_timestamp":32955289847721,"circlet_count":0,"master_deck":["Strike_R+1","Strike_R","Strike_R","Strike_R","Strike_R","Defend_R","Defend_R","Defend_R","Defend_R","Bash","Juggernaut","Uppercut+1","Twin Strike","Pommel Strike+1","Cleave","Pommel Strike+1","Flash of Steel+1"],"relics":["Burning Blood","Tiny Chest","Pantograph","Boot"],"potions_floor_usage":[7],"damage_taken":[{"damage":14,"enemies":"2 Louse","floor":1,"turns":3},{"damage":2,"enemies":"Small Slimes","floor":3,"turns":4},{"damage":6,"enemies":"Jaw Worm","floor":4,"turns":3},{"damage":38,"enemies":"3 Sentries","floor":7,"turns":7},{"damage":66,"enemies":"The Guardian","floor":16,"turns":9}],"seed_played":"8508075447609326078","potions_obtained":[{"floor":3,"key":"Fire Potion"},{"floor":7,"key":"GamblersBrew"}],"is_trial":false,"path_per_floor":["M","?","M","M","?","R","E","$","T","$","R","$","R","?","R","B"],"character_chosen":"IRONCLAD","items_purchased":["Pommel Strike","Flash of Steel"],"campfire_rested":1,"item_purchase_floors":[8,10],"current_hp_per_floor":[72,60,64,64,48,48,16,16,16,16,40,40,40,40,40,0],"gold":113,"neow_bonus":"THREE_RARE_CARDS","is_prod":false,"is_daily":false,"chose_seed":false,"campfire_upgraded":3,"win_rate":0.0,"timestamp":1552839520,"path_taken":["M","?","M","M","?","R","E","?","T","$","R","$","R","?","R","BOSS"],"build_version":"2019-01-23","purchased_purges":1,"victory":false,"max_hp_per_floor":[80,80,80,80,80,80,80,80,80,80,80,80,80,80,80,80],"card_choices":[{"not_picked":["Fiend Fire","Bludgeon"],"picked":"Juggernaut","floor":0},{"not_picked":["Clothesline","Corruption"],"picked":"Uppercut","floor":1},{"not_picked":["Clash","Wild Strike"],"picked":"Twin Strike","floor":3},{"not_picked":["Burning Pact","Perfected Strike"],"picked":"Pommel Strike","floor":4},{"not_picked":["Rampage","Thunderclap"],"picked":"Cleave","floor":7}],"player_experience":35527,"relics_obtained":[{"floor":7,"key":"Pantograph"},{"floor":9,"key":"Boot"}],"event_choices":[{"damage_healed":0,"gold_gain":0,"player_choice":"Success","damage_taken":12,"relics_obtained":["Tiny Chest"],"max_hp_gain":0,"max_hp_loss":0,"event_name":"Scrap Ooze","floor":2,"gold_loss":0},{"damage_healed":0,"gold_gain":0,"player_choice":"Entered Light","damage_taken":16,"max_hp_gain":0,"max_hp_loss":0,"event_name":"Shining Light","floor":5,"gold_loss":0,"cards_upgraded":["Pommel Strike","Strike_R"]},{"damage_healed":0,"gold_gain":56,"player_choice":"Gained Gold","damage_taken":0,"max_hp_gain":0,"max_hp_loss":0,"event_name":"Golden Wing","floor":14,"gold_loss":0}],"is_beta":false,"boss_relics":[],"items_purged_floors":[8],"is_endless":false,"potions_floor_spawned":[3,7],"killed_by":"The Guardian","ascension_level":0}