{"gold_per_floor":[113,113,128,78,91,91,117,117,185,185,185,205,59,59,59,183,183,207,168,183,183,201,76,101,119,119,44,75,93,93,109,109,228,228,253,39,39,69,83,126,126,144,144,158,158,179,179,195,195,195],"floor_reached":50,"playtime":4015,"items_purged":["Writhe"],"score":672,"play_id":"02345e07-6ca8-4322-a89a-d69266ebb971","local_time":"20190609065108","is_ascension_mode":true,"campfire_choices":[{"data":"Shrug It Off","floor":6,"key":"SMITH"},{"data":"Barricade","floor":8,"key":"SMITH"},{"data":"Shrug It Off","floor":10,"key":"SMITH"},{"floor":15,"key":"REST"},{"floor":30,"key":"REST"},{"floor":32,"key":"REST"},{"floor":41,"key":"REST"},{"floor":45,"key":"REST"},{"floor":49,"key":"REST"}],"neow_cost":"NONE","seed_source_timestamp":29499170988762,"circlet_count":0,"master_deck":["Strike_R","Strike_R","Strike_R","Strike_R","Defend_R","Defend_R","Defend_R","Defend_R","Bash","Shrug It Off+1","Whirlwind","Shrug It Off+1","Barricade+1","Infernal Blade","Cleave","Warcry","Uppercut","Entrench","Juggernaut+1","Body Slam","Pummel","Shrug It Off","Power Through","Shrug It Off","Power Through","Flame Barrier+1","Wild Strike+1","Dual Wield","Iron Wave","Immolate","Second Wind","Juggernaut+1","Pommel Strike","Injury","True Grit","Iron Wave","Iron Wave","Injury","Intimidate+1","Flame Barrier","Body Slam+1"],"relics":["Burning Blood","NeowsBlessing","Ancient Tea Set","Paper Frog","Dodecahedron","Golden Idol","Cursed Key","Meat on the Bone","Mango","Mark of Pain","DollysMirror","Tiny Chest","Happy Flower","Shuriken"],"potions_floor_usage":[22,24,28,40,47,48,50,50,50],"damage_taken":[{"damage":0,"enemies":"2 Louse","floor":1,"turns":1},{"damage":0,"enemies":"Jaw Worm","floor":3,"turns":1},{"damage":0,"enemies":"Small Slimes","floor":5,"turns":1},{"damage":12,"enemies":"3 Sentries","floor":7,"turns":4},{"damage":0,"enemies":"2 Fungi Beasts","floor":12,"turns":4},{"damage":65,"enemies":"Slime Boss","floor":16,"turns":13},{"damage":13,"enemies":"2 Thieves","floor":18,"turns":4},{"damage":25,"enemies":"Chosen","floor":20,"turns":6},{"damage":44,"enemies":"Sentry and Sphere","floor":22,"turns":11},{"damage":11,"enemies":"3 Cultists","floor":24,"turns":7},{"damage":0,"enemies":"Snake Plant","floor":25,"turns":6},{"damage":13,"enemies":"Slavers","floor":28,"turns":9},{"damage":0,"enemies":"Snecko","floor":29,"turns":7},{"damage":11,"enemies":"Sentry and Sphere","floor":31,"turns":4},{"damage":0,"enemies":"Champ","floor":33,"turns":7},{"damage":13,"enemies":"3 Shapes","floor":35,"turns":5},{"damage":16,"enemies":"Orb Walker","floor":39,"turns":4},{"damage":44,"enemies":"Nemesis","floor":40,"turns":11},{"damage":25,"enemies":"Maw","floor":42,"turns":8},{"damage":24,"enemies":"Spire Growth","floor":44,"turns":6},{"damage":50,"enemies":"Writhing Mass","floor":46,"turns":6},{"damage":4,"enemies":"Transient","floor":48,"turns":5},{"damage":103,"enemies":"Awakened One","floor":50,"turns":14}],"seed_played":"3600902089330465443","potions_obtained":[{"floor":1,"key":"Weak Potion"},{"floor":3,"key":"Block Potion"},{"floor":7,"key":"Poison Potion"},{"floor":20,"key":"Block Potion"},{"floor":24,"key":"FairyPotion"},{"floor":25,"key":"FearPotion"},{"floor":28,"key":"SkillPotion"},{"floor":40,"key":"BloodPotion"},{"floor":42,"key":"AttackPotion"},{"floor":46,"key":"EssenceOfSteel"},{"floor":47,"key":"Fruit Juice"},{"floor":47,"key":"AttackPotion"},{"floor":48,"key":"Explosive Potion"}],"is_trial":false,"path_per_floor":["M","?","M","?","M","R","E","R","T","R","?","M","$","?","R","B",null,"M","$","M","?","M","$","M","M","T","$","E","M","R","M","R","B",null,"M","$","?","T","M","E","R","M","T","M","R","M","?","M","R","B"],"character_chosen":"IRONCLAD","items_purchased":["Cleave","Warcry","Uppercut","Pummel","Shrug It Off","Power Through","DollysMirror","Pommel Strike"],"campfire_rested":6,"item_purchase_floors":[13,13,13,19,23,23,36,36],"current_hp_per_floor":[80,80,80,80,80,80,74,74,74,74,54,60,60,60,80,21,80,73,73,54,54,16,16,11,17,17,17,36,54,82,77,94,94,94,87,87,87,87,77,51,79,60,60,54,82,50,55,57,86,0],"gold":195,"neow_bonus":"THREE_ENEMY_KILL","is_prod":false,"is_daily":false,"chose_seed":false,"campfire_upgraded":3,"win_rate":0,"timestamp":1560081068,"path_taken":["M","?","M","?","?","R","E","R","T","R","?","M","$","?","R","BOSS","M","$","M","?","M","$","M","?","T","$","E","M","R","M","R","BOSS","M","$","?","?","M","E","R","M","T","M","R","M","?","?","R","BOSS"],"build_version":"2019-01-23","purchased_purges":1,"victory":false,"max_hp_per_floor":[80,80,80,80,80,80,80,80,80,80,80,80,80,80,80,80,80,80,80,80,80,80,80,80,80,80,80,94,94,94,94,94,94,94,94,94,94,94,94,94,94,94,94,94,94,94,99,99,99,99],"card_choices":[{"not_picked":["Uppercut","Blood for Blood"],"picked":"Shrug It Off","floor":1},{"not_picked":["Carnage","Havoc"],"picked":"Whirlwind","floor":3},{"not_picked":["Sword Boomerang","Pommel Strike"],"picked":"Shrug It Off","floor":5},{"not_picked":["Rupture","Fire Breathing"],"picked":"Barricade","floor":7},{"not_picked":["Intimidate","Warcry"],"picked":"Infernal Blade","floor":12},{"not_picked":["Brutality","Berserk"],"picked":"Juggernaut","floor":16},{"not_picked":["Sword Boomerang","Clash+1"],"picked":"Body Slam","floor":18},{"not_picked":["Battle Trance","Brutality"],"picked":"Shrug It Off","floor":20},{"not_picked":["Headbutt+1","Body Slam"],"picked":"Power Through","floor":22},{"not_picked":["Shockwave","Sword Boomerang"],"picked":"Flame Barrier+1","floor":24},{"not_picked":["Rupture+1","Cleave"],"picked":"Wild Strike+1","floor":25},{"not_picked":["Clothesline","Pummel"],"picked":"Dual Wield","floor":28},{"not_picked":["Combust+1","Battle Trance"],"picked":"Iron Wave","floor":29},{"not_picked":["Warcry","Heavy Blade"],"picked":"Pommel Strike+1","floor":31},{"not_picked":["Berserk","Brutality"],"picked":"Immolate","floor":33},{"not_picked":["Armaments+1","Reckless Charge+1"],"picked":"Second Wind","floor":35},{"not_picked":["Havoc+1","Anger"],"picked":"True Grit","floor":39},{"not_picked":["Heavy Blade+1","Flex+1"],"picked":"Iron Wave","floor":40},{"not_picked":["Flex","Clothesline+1"],"picked":"Iron Wave","floor":42},{"not_picked":["Clothesline","Clash+1"],"picked":"Intimidate+1","floor":44},{"not_picked":["Rampage+1","Shockwave"],"picked":"Flame Barrier","floor":46},{"not_picked":["Cleave","Iron Wave"],"picked":"Body Slam+1","floor":48}],"player_experience":72797,"relics_obtained":[{"floor":7,"key":"Paper Frog"},{"floor":9,"key":"Dodecahedron"},{"floor":26,"key":"Meat on the Bone"},{"floor":28,"key":"Mango"},{"floor":38,"key":"Tiny Chest"},{"floor":40,"key":"Happy Flower"},{"floor":43,"key":"Shuriken"}],"event_choices":[{"damage_healed":0,"gold_gain":0,"player_choice":"Box","damage_taken":0,"relics_obtained":["Ancient Tea Set"],"max_hp_gain":0,"max_hp_loss":0,"event_name":"Big Fish","floor":2,"gold_loss":0,"cards_obtained":["Regret"]},{"cards_removed":["Regret"],"damage_healed":0,"gold_gain":0,"player_choice":"Card Removal","damage_taken":0,"max_hp_gain":0,"max_hp_loss":0,"event_name":"The Cleric","floor":4,"gold_loss":50},{"damage_healed":0,"gold_gain":0,"player_choice":"Take Damage","damage_taken":20,"relics_obtained":["Golden Idol"],"max_hp_gain":0,"max_hp_loss":0,"event_name":"Golden Idol","floor":11,"gold_loss":0},{"damage_healed":0,"gold_gain":0,"cards_transformed":["Strike_R"],"player_choice":"Change","damage_taken":0,"max_hp_gain":0,"max_hp_loss":0,"event_name":"Living Wall","floor":14,"gold_loss":0,"cards_obtained":["Entrench"]},{"damage_healed":0,"gold_gain":0,"player_choice":"Upgraded","damage_taken":0,"max_hp_gain":0,"max_hp_loss":0,"event_name":"Upgrade Shrine","floor":21,"gold_loss":0,"cards_upgraded":["Juggernaut"]},{"cards_removed":["Pommel Strike"],"damage_healed":0,"gold_gain":0,"player_choice":"Removed Attack","damage_taken":0,"max_hp_gain":0,"max_hp_loss":0,"event_name":"Falling","floor":37,"gold_loss":0},{"damage_healed":0,"gold_gain":0,"player_choice":"Got Potions","damage_taken":0,"max_hp_gain":0,"max_hp_loss":0,"event_name":"Lab","floor":47,"gold_loss":0}],"is_beta":false,"boss_relics":[{"not_picked":["White Beast Statue","Coffee Dripper"],"picked":"Cursed Key"},{"not_picked":["Sozu","Calling Bell"],"picked":"Mark of Pain"}],"items_purged_floors":[27],"is_endless":false,"potions_floor_spawned":[1,3,7,16,20,24,25,28,40,42,46,48],"killed_by":"Awakened One","ascension_level":1}