{"gold_per_floor":[115,130,145,31,31,31,51,85,85,85,114,9,9],"floor_reached":13,"playtime":756,"items_purged":["Strike_B"],"score":126,"play_id":"3fef52f0-eca2-4338-aaf7-68e9e8c7df6b","local_time":"20190517194104","is_ascension_mode":true,"campfire_choices":[{"data":"Zap","floor":6,"key":"SMITH"}],"neow_cost":"NONE","seed_source_timestamp":130818209752964,"circlet_count":0,"master_deck":["Strike_B","Strike_B","Strike_B","Defend_B+1","Defend_B","Defend_B","Defend_B+1","Zap+1","Dualcast","FTL","Regret","Coolheaded+1","White Noise+1","Conserve Battery+1","Steam Power+1","Gash"],"relics":["Cracked Core","Toxic Egg 2","Happy Flower","War Paint","Blood Vial"],"potions_floor_usage":[7,8],"damage_taken":[{"damage":7,"enemies":"Small Slimes","floor":1,"turns":3},{"damage":3,"enemies":"2 Louse","floor":2,"turns":3},{"damage":7,"enemies":"Jaw Worm","floor":3,"turns":3},{"damage":8,"enemies":"Exordium Wildlife","floor":7,"turns":4},{"damage":22,"enemies":"Lagavulin","floor":8,"turns":8},{"damage":24,"enemies":"3 Sentries","floor":11,"turns":7},{"damage":39,"enemies":"Gremlin Nob","floor":13,"turns":3}],"seed_played":"-535176917000376903","potions_obtained":[{"floor":3,"key":"Poison Potion"},{"floor":8,"key":"Fruit Juice"}],"is_trial":false,"path_per_floor":["M","M","M","$","?","R","M","E","T","?","E","$","E"],"character_chosen":"DEFECT","items_purchased":["FTL","Steam Power+1","Gash"],"campfire_rested":0,"item_purchase_floors":[4,12,12],"current_hp_per_floor":[68,65,58,58,58,58,50,33,33,30,6,6,0],"gold":9,"neow_bonus":"TEN_PERCENT_HP_BONUS","is_prod":false,"is_daily":false,"chose_seed":false,"campfire_upgraded":1,"win_rate":0,"timestamp":1558136464,"path_taken":["M","M","M","$","?","R","M","E","T","?","E","$","E"],"build_version":"2019-01-23","purchased_purges":1,"victory":false,"max_hp_per_floor":[82,82,82,82,82,82,82,87,87,87,87,87,87],"card_choices":[{"not_picked":["Conserve Battery","Sunder","Leap"],"picked":"SKIP","floor":1},{"not_picked":["Heatsinks","Darkness","Consume"],"picked":"SKIP","floor":2},{"not_picked":["Double Energy","Rebound","Compile Driver"],"picked":"SKIP","floor":3},{"not_picked":["Compile Driver","Meteor Strike"],"picked":"Coolheaded+1","floor":7},{"not_picked":["Streamline","Recycle+1"],"picked":"White Noise+1","floor":8},{"not_picked":["Static Discharge","Cold Snap"],"picked":"Conserve Battery+1","floor":11}],"player_experience":340936,"relics_obtained":[{"floor":8,"key":"Happy Flower"},{"floor":11,"key":"Blood Vial"}],"event_choices":[{"damage_healed":0,"gold_gain":0,"player_choice":"Box","damage_taken":0,"relics_obtained":["Toxic Egg 2"],"max_hp_gain":0,"max_hp_loss":0,"event_name":"Big Fish","floor":5,"gold_loss":0,"cards_obtained":["Regret"]},{"damage_healed":0,"gold_gain":0,"player_choice":"Success","damage_taken":3,"relics_obtained":["War Paint"],"max_hp_gain":0,"max_hp_loss":0,"event_name":"Scrap Ooze","floor":10,"gold_loss":0}],"is_beta":false,"boss_relics":[],"items_purged_floors":[4],"is_endless":false,"potions_floor_spawned":[3,8],"killed_by":"Gremlin Nob","ascension_level":7}