{"gold_per_floor":[110,110,36,36,48,81,94,94,117,117,174,208,224,98,98,195,195,206,305,315,340,350,350,250,261,261,261,261,272,282,197,209,318,330,359,169,169,91,110,121,121,139,139,139,158,158,0,26,26,26],"floor_reached":51,"playtime":10799,"items_purged":["Strike_G","Injury","Strike_G"],"score":710,"play_id":"c1eb975d-5620-4977-9694-25e2a7455106","local_time":"20190417164857","is_ascension_mode":false,"campfire_choices":[{"data":"Skewer","floor":8,"key":"SMITH"},{"data":"Venomology","floor":10,"key":"SMITH"},{"data":"Dagger Spray","floor":15,"key":"SMITH"},{"data":"Dodge and Roll","floor":23,"key":"SMITH"},{"data":"Acrobatics","floor":27,"key":"SMITH"},{"data":"Ghostly","floor":32,"key":"SMITH"},{"data":"Noxious Fumes","floor":41,"key":"SMITH"},{"data":"Malaise","floor":49,"key":"SMITH"}],"neow_cost":"NONE","seed_source_timestamp":135646453069778,"circlet_count":0,"master_deck":["Defend_G","Defend_G","Defend_G","Defend_G","Defend_G","Strike_G","Strike_G","Strike_G","Survivor","Neutralize","Dodge and Roll+1","Well Laid Plans","Venomology+1","Quick Slash","Skewer+1","Backflip","Dagger Spray+1","Acrobatics+1","Corpse Explosion","Predator","Ghostly","Ghostly","Ghostly+1","Ghostly","Ghostly","Backflip+1","Malaise+1","Noxious Fumes+1","Footwork","Crippling Poison+1"],"relics":["Ring of the Snake","NeowsBlessing","Centennial Puzzle","Bottled Lightning","Bronze Scales","Ninja Scroll","Bag of Marbles","Cursed Key","Snake Skull","MawBank","Eternal Feather","Red Mask","Torii"],"potions_floor_usage":[7,11,13,16,16,20,22,25,25,29,30,33,33,33,33,39,40,42,45,48,48,50,50,50],"damage_taken":[{"damage":0,"enemies":"Jaw Worm","floor":1,"turns":1},{"damage":0,"enemies":"2 Louse","floor":5,"turns":1},{"damage":0,"enemies":"Lagavulin","floor":6,"turns":1},{"damage":0,"enemies":"Small Slimes","floor":7,"turns":3},{"damage":6,"enemies":"3 Sentries","floor":11,"turns":7},{"damage":4,"enemies":"3 Sentries","floor":12,"turns":7},{"damage":0,"enemies":"Blue Slaver","floor":13,"turns":1},{"damage":20,"enemies":"Slime Boss","floor":16,"turns":10},{"damage":1,"enemies":"Spheric Guardian","floor":18,"turns":3},{"damage":0,"enemies":"2 Thieves","floor":20,"turns":2},{"damage":18,"enemies":"Snecko","floor":22,"turns":4},{"damage":9,"enemies":"Shelled Parasite and Fungi","floor":25,"turns":4},{"damage":3,"enemies":"Snake Plant","floor":29,"turns":3},{"damage":0,"enemies":"Snecko","floor":30,"turns":3},{"damage":15,"enemies":"Automaton","floor":33,"turns":12},{"damage":0,"enemies":"3 Darklings","floor":35,"turns":2},{"damage":3,"enemies":"3 Shapes","floor":39,"turns":2},{"damage":3,"enemies":"Sphere and 2 Shapes","floor":40,"turns":5},{"damage":0,"enemies":"3 Darklings","floor":42,"turns":3},{"damage":1,"enemies":"Maw","floor":45,"turns":9},{"damage":10,"enemies":"Reptomancer","floor":48,"turns":6},{"damage":9,"enemies":"Donu and Deca","floor":50,"turns":7}],"seed_played":"4501157514191099655","potions_obtained":[{"floor":1,"key":"GhostInAJar"},{"floor":5,"key":"Ancient Potion"},{"floor":13,"key":"Fire Potion"},{"floor":30,"key":"GhostInAJar"},{"floor":33,"key":"Swift Potion"},{"floor":35,"key":"Poison Potion"}],"is_trial":false,"path_per_floor":["M","?","$","?","M","E","M","R","T","R","?","E","M","$","R","B",null,"M","?","M","T","M","R","$","M","T","R","?","M","M","?","R","B",null,"M","$","?","$","M","M","R","M","T","$","M","?","?","E","R","B",null],"character_chosen":"THE_SILENT","items_purchased":["Well Laid Plans","Acrobatics","Noxious Fumes","Footwork"],"campfire_rested":0,"item_purchase_floors":[3,14,36,38],"current_hp_per_floor":[70,70,70,67,67,67,67,67,67,67,61,57,57,57,57,37,70,69,69,69,69,51,51,51,56,56,56,35,32,32,32,32,17,35,35,35,35,35,32,29,35,35,35,35,34,34,34,24,35,26],"gold":26,"neow_bonus":"THREE_ENEMY_KILL","is_prod":false,"is_daily":false,"chose_seed":false,"campfire_upgraded":8,"win_rate":0,"timestamp":1555534137,"path_taken":["M","?","?","?","M","E","M","R","T","R","?","E","M","$","R","BOSS","M","?","M","?","M","R","$","?","T","R","?","M","M","?","R","BOSS","M","$","?","$","M","M","R","M","T","?","?","?","?","E","R","BOSS"],"build_version":"2019-01-23","purchased_purges":3,"victory":true,"max_hp_per_floor":[70,70,70,70,70,70,70,70,70,70,70,70,70,70,70,70,70,70,70,70,70,70,70,70,70,70,70,35,35,35,35,35,35,35,35,35,35,35,35,35,35,35,35,35,35,35,35,35,35,35],"card_choices":[{"not_picked":["PiercingWail","Dagger Throw"],"picked":"Dodge and Roll","floor":1},{"not_picked":["Flying Knee","Leg Sweep"],"picked":"Venomology","floor":5},{"not_picked":["Flying Knee","Poisoned Stab"],"picked":"Quick Slash","floor":6},{"not_picked":["Underhanded Strike","Calculated Gamble"],"picked":"Skewer","floor":7},{"not_picked":["PiercingWail","Bane"],"picked":"Backflip","floor":11},{"not_picked":["Sucker Punch","Bane","Setup"],"picked":"SKIP","floor":12},{"not_picked":["Outmaneuver","Underhanded Strike"],"picked":"Dagger Spray","floor":13},{"not_picked":["Glass Knife","Bullet Time"],"picked":"Corpse Explosion","floor":16},{"not_picked":["Bane+1","Acrobatics","Leg Sweep"],"picked":"SKIP","floor":18},{"not_picked":["Finisher","Outmaneuver+1"],"picked":"Predator","floor":20},{"not_picked":["Poisoned Stab","Acrobatics","Dodge and Roll"],"picked":"SKIP","floor":22},{"not_picked":["Masterful Stab","Underhanded Strike","Acrobatics"],"picked":"SKIP","floor":25},{"not_picked":["Cloak And Dagger+1","Storm of Steel"],"picked":"Backflip+1","floor":29},{"not_picked":["Blade Dance","Well Laid Plans","Flying Knee"],"picked":"SKIP","floor":30},{"not_picked":["Grand Finale","Venomology"],"picked":"Malaise","floor":33},{"not_picked":["Acrobatics+1","Dodge and Roll+1","Backflip+1"],"picked":"SKIP","floor":35},{"not_picked":["Flying Knee+1","Acrobatics","Concentrate+1"],"picked":"SKIP","floor":39},{"not_picked":["Quick Slash","Bouncing Flask","Dodge and Roll+1"],"picked":"SKIP","floor":40},{"not_picked":["Accuracy+1","Cloak And Dagger","Concentrate"],"picked":"SKIP","floor":42},{"not_picked":["Outmaneuver","Reflex+1"],"picked":"Crippling Poison+1","floor":45},{"not_picked":["Deflect+1","Accuracy+1","Acrobatics"],"picked":"SKIP","floor":48}],"player_experience":178284,"relics_obtained":[{"floor":6,"key":"Bottled Lightning"},{"floor":9,"key":"Bronze Scales"},{"floor":11,"key":"Ninja Scroll"},{"floor":12,"key":"Bag of Marbles"},{"floor":21,"key":"Snake Skull"},{"floor":48,"key":"Torii"}],"event_choices":[{"damage_healed":0,"gold_gain":0,"player_choice":"Ignored","damage_taken":0,"max_hp_gain":0,"max_hp_loss":0,"event_name":"Liars Game","floor":2,"gold_loss":0},{"damage_healed":0,"gold_gain":0,"player_choice":"Success","damage_taken":3,"relics_obtained":["Centennial Puzzle"],"max_hp_gain":0,"max_hp_loss":0,"event_name":"Scrap Ooze","floor":4,"gold_loss":0},{"damage_healed":0,"gold_gain":0,"player_choice":"Searched \u00272\u0027 times","damage_taken":0,"max_hp_gain":0,"max_hp_loss":0,"event_name":"Dead Adventurer","floor":11,"gold_loss":0},{"damage_healed":0,"gold_gain":99,"player_choice":"Stole From Cult","damage_taken":0,"max_hp_gain":0,"max_hp_loss":0,"event_name":"Nest","floor":19,"gold_loss":0},{"damage_healed":0,"gold_gain":0,"player_choice":"Became a Ghost","damage_taken":0,"max_hp_gain":0,"max_hp_loss":35,"event_name":"Ghosts","floor":28,"gold_loss":0,"cards_obtained":["Ghostly","Ghostly","Ghostly","Ghostly","Ghostly"]},{"damage_healed":0,"gold_gain":0,"player_choice":"Obtained Relic","damage_taken":0,"relics_obtained":["MawBank"],"max_hp_gain":0,"max_hp_loss":0,"event_name":"Addict","floor":31,"gold_loss":85},{"damage_healed":0,"gold_gain":0,"player_choice":"0 cards matched","damage_taken":0,"max_hp_gain":0,"max_hp_loss":0,"event_name":"Match and Keep!","floor":37,"gold_loss":0,"cards_obtained":[]},{"damage_healed":0,"gold_gain":0,"player_choice":"Memory 1","damage_taken":0,"max_hp_gain":0,"max_hp_loss":0,"event_name":"SensoryStone","floor":46,"gold_loss":0},{"damage_healed":0,"gold_gain":0,"player_choice":"Paid","damage_taken":0,"relics_obtained":["Red Mask"],"max_hp_gain":0,"max_hp_loss":0,"event_name":"Tomb of Lord Red Mask","floor":47,"gold_loss":158}],"is_beta":false,"boss_relics":[{"not_picked":["Pandora\u0027s Box","Busted Crown"],"picked":"Cursed Key"},{"not_picked":["Calling Bell","Velvet Choker"],"picked":"Eternal Feather"}],"items_purged_floors":[14,24,36],"is_endless":false,"potions_floor_spawned":[1,5,13,22,30,33,35,42],"ascension_level":0}