{"gold_per_floor":[117,117,137,151,151,151,179,168,168,28,45,57,57],"floor_reached":13,"playtime":608,"items_purged":[],"score":104,"play_id":"64251af3-64b7-4cdd-bae3-9abb8850502e","local_time":"20181014145151","is_ascension_mode":true,"campfire_choices":[{"data":"Loop","floor":6,"key":"SMITH"}],"neow_cost":"PERCENT_DAMAGE","seed_source_timestamp":167558852445807,"circlet_count":0,"master_deck":["Strike_B","Strike_B","Strike_B","Defend_B","Defend_B","Defend_B","Defend_B","Zap","Dualcast","Cold Snap","Loop+1","Darkness","Genetic Algorithm","Turbo","Genetic Algorithm","Conserve Battery","Echo Form","Defragment","Redo"],"relics":["Cracked Core","FossilizedHelix","Potion Belt","Question Card"],"potions_floor_usage":[4,11],"damage_taken":[{"damage":0,"enemies":"2 Louse","floor":1,"turns":2},{"damage":0,"enemies":"Small Slimes","floor":3,"turns":3},{"damage":0,"enemies":"Jaw Worm","floor":4,"turns":3},{"damage":21,"enemies":"Gremlin Nob","floor":7,"turns":4},{"damage":9,"enemies":"Exordium Thugs","floor":8,"turns":4},{"damage":0,"enemies":"Red Slaver","floor":11,"turns":4},{"damage":10,"enemies":"2 Fungi Beasts","floor":12,"turns":3},{"damage":14,"enemies":"Exordium Thugs","floor":13,"turns":1}],"seed_played":"-5852473998862499120","potions_obtained":[{"floor":4,"key":"Fruit Juice"},{"floor":8,"key":"SkillPotion"}],"is_trial":false,"path_per_floor":["M","?","M","M","?","R","E","M","T","$","M","M"],"character_chosen":"DEFECT","items_purchased":["Echo Form"],"campfire_rested":0,"item_purchase_floors":[10],"current_hp_per_floor":[54,47,47,52,52,52,31,22,22,22,22,12,0],"gold":57,"neow_bonus":"ONE_RARE_RELIC","is_prod":false,"is_daily":false,"chose_seed":false,"campfire_upgraded":1,"win_rate":0,"timestamp":1539543111,"path_taken":["M","?","?","M","?","R","E","M","T","?","M","M","?"],"build_version":"2018-10-11","purchased_purges":0,"victory":false,"max_hp_per_floor":[75,75,75,80,80,80,80,80,80,80,80,80,80],"card_choices":[{"not_picked":["Loop","Hello World"],"picked":"Cold Snap","floor":1},{"not_picked":["Leap","Hello World"],"picked":"Loop","floor":3},{"not_picked":["Sunder","Gash"],"picked":"Darkness","floor":4},{"not_picked":["Storm","Beam Cell"],"picked":"Genetic Algorithm","floor":7},{"not_picked":["Streamline","Static Discharge"],"picked":"Conserve Battery","floor":8},{"not_picked":["Genetic Algorithm","Machine Learning","Steam"],"picked":"Defragment","floor":11},{"not_picked":["Gash","Ball Lightning","Tempest"],"picked":"Redo","floor":12}],"player_experience":173357,"relics_obtained":[{"floor":7,"key":"Potion Belt"},{"floor":9,"key":"Question Card"}],"event_choices":[{"event_name":"Golden Wing","player_choice":"Card Removal","floor":2,"damage_taken":0},{"event_name":"Match and Keep!","player_choice":"2 cards matched","floor":5,"damage_taken":0}],"is_beta":false,"boss_relics":[],"items_purged_floors":[],"is_endless":false,"potions_floor_spawned":[4,8],"killed_by":"Exordium Thugs","ascension_level":4}