{"gold_per_floor":[116,41,55,130,130,130,153,153,176,211,229,229,229,14,14,142,142,162,112,135,155,155],"floor_reached":22,"playtime":1183,"items_purged":[],"score":202,"play_id":"687d0859-7e6d-4c4d-a813-fdbdc25daa27","local_time":"20181130193946","is_ascension_mode":true,"campfire_choices":[{"floor":6,"key":"REST"},{"floor":8,"key":"REST"},{"floor":13,"key":"REST"},{"floor":15,"key":"REST"}],"neow_cost":"CURSE","seed_source_timestamp":5803751987967,"circlet_count":0,"master_deck":["Defend_G","Defend_G+1","Defend_G","Defend_G","Defend_G","Strike_G","Strike_G","Strike_G","Strike_G+1","Strike_G","Survivor","Neutralize","Regret","PiercingWail","Dagger Throw","Cloak And Dagger","Acrobatics","Cloak And Dagger","Tactician","Deflect","Noxious Fumes","Tools of the Trade","Sucker Punch","Flying Knee+1","Cloak And Dagger"],"relics":["Ring of the Snake","Tingsha","Golden Idol","Ancient Tea Set","Blue Candle","Snake Skull","Busted Crown","Matryoshka"],"potions_floor_usage":[16,16],"damage_taken":[{"damage":8,"enemies":"Small Slimes","floor":1,"turns":4},{"damage":1,"enemies":"2 Louse","floor":3,"turns":3},{"damage":3,"enemies":"Jaw Worm","floor":7,"turns":4},{"damage":40,"enemies":"3 Sentries","floor":10,"turns":11},{"damage":1,"enemies":"Blue Slaver","floor":11,"turns":3},{"damage":14,"enemies":"Hexaghost","floor":16,"turns":8},{"damage":4,"enemies":"Chosen","floor":18,"turns":5},{"damage":13,"enemies":"2 Thieves","floor":20,"turns":4},{"damage":33,"enemies":"Snake Plant","floor":21,"turns":6},{"damage":24,"enemies":"3 Cultists","floor":22,"turns":4}],"seed_played":"-6628551856064930123","potions_obtained":[{"floor":3,"key":"PowerPotion"},{"floor":7,"key":"LiquidBronze"},{"floor":16,"key":"Ancient Potion"}],"is_trial":false,"path_per_floor":["M","$","M","?","?","R","M","R","T","E","M","?","R","$","R","B",null,"M","?","M","M","M"],"character_chosen":"THE_SILENT","items_purchased":["Dagger Throw","Cloak And Dagger","Snake Skull","Noxious Fumes"],"campfire_rested":4,"item_purchase_floors":[2,2,14,14],"current_hp_per_floor":[62,62,61,50,33,54,51,70,70,30,29,15,36,36,57,43,70,66,66,53,20,0],"gold":155,"neow_bonus":"ONE_RARE_RELIC","is_prod":false,"is_daily":false,"chose_seed":false,"campfire_upgraded":0,"win_rate":0,"timestamp":1543595986,"path_taken":["M","$","M","?","?","R","M","R","T","E","M","?","R","?","R","BOSS","M","?","?","M","M"],"build_version":"2018-11-15","purchased_purges":0,"victory":false,"max_hp_per_floor":[70,70,70,70,70,70,70,70,70,70,70,70,70,70,70,70,70,70,70,70,70,70],"card_choices":[{"not_picked":["Infinite Blades","Quick Slash"],"picked":"PiercingWail","floor":1},{"not_picked":["Cloak And Dagger","Riddle With Holes"],"picked":"Acrobatics","floor":3},{"not_picked":["Choke","Tactician"],"picked":"Cloak And Dagger","floor":7},{"not_picked":["Skewer","Acrobatics"],"picked":"Tactician","floor":10},{"not_picked":["Acrobatics","Flechettes"],"picked":"Deflect","floor":11},{"not_picked":["Glass Knife","A Thousand Cuts"],"picked":"Tools of the Trade","floor":16},{"not_picked":[],"picked":"Sucker Punch","floor":18},{"not_picked":[],"picked":"Flying Knee+1","floor":20},{"not_picked":["Cloak And Dagger"],"picked":"SKIP","floor":21},{"not_picked":[],"picked":"Cloak And Dagger","floor":21}],"player_experience":412600,"relics_obtained":[{"floor":9,"key":"Ancient Tea Set"},{"floor":10,"key":"Blue Candle"}],"event_choices":[{"damage_healed":0,"gold_gain":75,"player_choice":"Gather Gold","damage_taken":11,"max_hp_gain":0,"max_hp_loss":0,"event_name":"World of Goop","floor":4,"gold_loss":0},{"damage_healed":0,"gold_gain":0,"player_choice":"Take Damage","damage_taken":17,"relics_obtained":["Golden Idol"],"max_hp_gain":0,"max_hp_loss":0,"event_name":"Golden Idol","floor":5,"gold_loss":0},{"damage_healed":0,"gold_gain":0,"player_choice":"Entered Light","damage_taken":14,"max_hp_gain":0,"max_hp_loss":0,"event_name":"Shining Light","floor":12,"gold_loss":0,"cards_upgraded":["Defend_G","Strike_G"]},{"damage_healed":0,"gold_gain":0,"player_choice":"Paid Gold","damage_taken":0,"relics_obtained":["Matryoshka"],"max_hp_gain":0,"max_hp_loss":0,"event_name":"WeMeetAgain","floor":19,"gold_loss":50}],"is_beta":false,"boss_relics":[{"not_picked":["WristBlade","HoveringKite"],"picked":"Busted Crown"}],"items_purged_floors":[],"is_endless":false,"potions_floor_spawned":[3,7,16],"killed_by":"3 Cultists","ascension_level":2}