{"gold_per_floor":[119,134,164,6,6,6,6,22,45,45,64,83,83,118,118,190,190,204,204,104,104,114,114,114,148,148,181,201,201,116,116,116,116],"floor_reached":33,"playtime":1375,"items_purged":["Strike_G","Strike_G"],"score":572,"play_id":"e2a35622-4414-4622-971c-606bf04f2f54","local_time":"20190608090718","is_ascension_mode":true,"campfire_choices":[{"data":"Skewer","floor":6.0,"key":"SMITH"},{"floor":10.0,"key":"REST"},{"data":"Dagger Spray","floor":13.0,"key":"SMITH"},{"data":"Leg Sweep","floor":15.0,"key":"SMITH"},{"floor":23.0,"key":"REST"},{"floor":29,"key":"DIG"},{"floor":32,"key":"DIG"}],"neow_cost":"PERCENT_DAMAGE","seed_source_timestamp":835829422979644,"circlet_count":0,"master_deck":["AscendersBane","Strike_G","Strike_G","Strike_G","Defend_G","Defend_G","Defend_G","Defend_G","Defend_G","Survivor","Neutralize","Choke","Skewer+1","Dagger Spray+1","Leg Sweep+1","Deadly Poison","Corpse Explosion","PiercingWail","Ghostly","Ghostly","Ghostly","Wraith Form v2","Dash"],"special_seed":0,"relics":["Ring of the Snake","Calipers","Tiny Chest","Boot","Sozu","Nloth\u0027s Gift","Shovel","Ice Cream","Red Mask","Dream Catcher","Singing Bowl","Lantern"],"potions_floor_usage":[],"damage_taken":[{"damage":6.0,"enemies":"Cultist","floor":1.0,"turns":5.0},{"damage":4.0,"enemies":"Jaw Worm","floor":2.0,"turns":4.0},{"damage":5.0,"enemies":"2 Louse","floor":8.0,"turns":3.0},{"damage":6.0,"enemies":"Exordium Thugs","floor":11.0,"turns":4.0},{"damage":7.0,"enemies":"3 Louse","floor":12.0,"turns":3.0},{"damage":19.0,"enemies":"3 Sentries","floor":14.0,"turns":9.0},{"damage":24.0,"enemies":"The Guardian","floor":16.0,"turns":14.0},{"damage":8.0,"enemies":"Chosen","floor":18.0,"turns":5.0},{"damage":15.0,"enemies":"Shell Parasite","floor":22.0,"turns":5.0},{"damage":0.0,"enemies":"Gremlin Leader","floor":25.0,"turns":6.0},{"damage":3.0,"enemies":"Masked Bandits","floor":27.0,"turns":4.0},{"damage":10,"enemies":"Snecko","floor":28,"turns":5},{"damage":39,"enemies":"Automaton","floor":33,"turns":6}],"seed_played":"-4963786220993586951","potions_obtained":[{"floor":1.0,"key":"Weak Potion"},{"floor":11.0,"key":"Dexterity Potion"},{"floor":14.0,"key":"Strength Potion"},{"floor":16.0,"key":"SteroidPotion"}],"is_trial":false,"path_per_floor":["M","M","?","$","T","R","$","M","T","R","M","M","R","E","R","B",null,"M","?","$","?","M","R","?","E","T","?","M","R","?","$","R","B"],"character_chosen":"THE_SILENT","items_purchased":["GhostInAJar"],"campfire_rested":2,"item_purchase_floors":[4],"current_hp_per_floor":[38,34,34,34,34,34,34,29,36,57,51,44,44,25,25,1,55,47,40,40,40,25,46,36,36,36,33,23,23,23,23,23,0],"gold":116,"neow_bonus":"ONE_RARE_RELIC","is_prod":false,"is_daily":false,"chose_seed":false,"campfire_upgraded":3,"win_rate":0,"timestamp":1560010038,"path_taken":["M","?","?","$","?","R","?","M","T","R","M","M","R","E","R","BOSS","M","?","?","?","?","R","?","E","T","?","M","R","?","$","R","BOSS"],"build_version":"2019-06-05","purchased_purges":2,"victory":false,"max_hp_per_floor":[66,66,66,66,66,66,66,66,73,73,73,73,73,73,73,73,73,73,73,73,73,73,73,36,36,36,36,36,36,36,36,36,36],"card_choices":[{"not_picked":["Setup","Dodge and Roll"],"picked":"Choke","floor":1.0},{"not_picked":["Blade Dance","Dodge and Roll"],"picked":"Skewer","floor":2.0},{"not_picked":["Skewer","Cloak And Dagger"],"picked":"Dagger Spray","floor":8.0},{"not_picked":["Dagger Throw","Catalyst"],"picked":"Leg Sweep","floor":11.0},{"not_picked":["Eviscerate","Acrobatics","Outmaneuver"],"picked":"SKIP","floor":12.0},{"not_picked":["Tactician","All Out Attack"],"picked":"Deadly Poison","floor":14.0},{"not_picked":["Storm of Steel","Wraith Form v2"],"picked":"Corpse Explosion","floor":16.0},{"not_picked":["Riddle With Holes","Acrobatics"],"picked":"PiercingWail","floor":18.0},{"not_picked":["Flying Knee","Blade Dance","Unload"],"picked":"SKIP","floor":22.0},{"not_picked":["Expertise","Doppelganger"],"picked":"Wraith Form v2","floor":25.0},{"not_picked":["All Out Attack","Dagger Throw"],"picked":"Dash","floor":28}],"player_experience":1621762,"relics_obtained":[{"floor":3.0,"key":"Tiny Chest"},{"floor":9.0,"key":"Strawberry"},{"floor":14.0,"key":"Boot"},{"floor":25.0,"key":"Shovel"},{"floor":26.0,"key":"Ice Cream"},{"floor":27.0,"key":"Red Mask"},{"floor":29,"key":"Dream Catcher"},{"floor":32,"key":"Lantern"}],"event_choices":[{"damage_healed":0.0,"max_hp_gain":0.0,"max_hp_loss":0.0,"gold_gain":0.0,"event_name":"Wheel of Change","player_choice":"Relic","floor":3.0,"gold_loss":0.0,"damage_taken":0.0},{"damage_healed":0.0,"max_hp_gain":0.0,"max_hp_loss":0.0,"gold_gain":0.0,"event_name":"Knowing Skull","player_choice":"","floor":19.0,"potions_obtained":[],"gold_loss":0.0,"damage_taken":7.0,"cards_obtained":[]},{"damage_healed":0.0,"max_hp_gain":0.0,"max_hp_loss":0.0,"gold_gain":0.0,"event_name":"N\u0027loth","player_choice":"Traded Relic","floor":21.0,"relics_lost":["Strawberry"],"gold_loss":0.0,"damage_taken":0.0,"relics_obtained":["Nloth\u0027s Gift"]},{"damage_healed":0.0,"max_hp_gain":0.0,"max_hp_loss":37.0,"gold_gain":0.0,"event_name":"Ghosts","player_choice":"Became a Ghost","floor":24.0,"gold_loss":0.0,"damage_taken":0.0,"cards_obtained":["Ghostly","Ghostly","Ghostly"]},{"damage_healed":0.0,"max_hp_gain":0.0,"max_hp_loss":0.0,"gold_gain":0.0,"event_name":"Masked Bandits","player_choice":"Fought Bandits","floor":27.0,"gold_loss":0.0,"damage_taken":0.0},{"damage_healed":0,"gold_gain":0,"player_choice":"Obtained Relic","damage_taken":0,"relics_obtained":["Singing Bowl"],"max_hp_gain":0,"max_hp_loss":0,"event_name":"Addict","floor":30,"gold_loss":85}],"is_beta":true,"boss_relics":[{"not_picked":["Ectoplasm","Black Star"],"picked":"Sozu"}],"items_purged_floors":[4,20],"is_endless":false,"potions_floor_spawned":[1,11,14,16,27,28],"killed_by":"Automaton","ascension_level":20}