{"gold_per_floor":[117,192,192,36,186,221,221,233,233,133,163,180,180],"floor_reached":13,"playtime":387,"items_purged":["Strike_G","Doubt"],"score":232,"play_id":"01e8f699-6528-4f4a-ba83-9a8cd33281f1","local_time":"20190610005948","is_ascension_mode":true,"campfire_choices":[{"data":"Neutralize","floor":7,"key":"SMITH"}],"neow_cost":"NONE","seed_source_timestamp":271390966710100,"circlet_count":0,"master_deck":["AscendersBane","Defend_G","Defend_G","Defend_G","Defend_G","Defend_G","Strike_G","Strike_G","Strike_G","Strike_G","Survivor","Neutralize+1","Noxious Fumes+1","Dagger Spray","Finisher","Infinite Blades","A Thousand Cuts"],"relics":["Ring of the Snake","NeowsBlessing","Nunchaku","Anchor","Bottled Lightning"],"potions_floor_usage":[13],"damage_taken":[{"damage":0,"enemies":"Jaw Worm","floor":1,"turns":1},{"damage":0,"enemies":"Lagavulin","floor":6,"turns":1},{"damage":0,"enemies":"2 Louse","floor":8,"turns":1},{"damage":24,"enemies":"Gremlin Nob","floor":11,"turns":4},{"damage":1,"enemies":"Small Slimes","floor":12,"turns":4},{"damage":29,"enemies":"3 Sentries","floor":13,"turns":5}],"seed_played":"-3087941298040623285","potions_obtained":[{"floor":1,"key":"SpeedPotion"}],"is_trial":false,"path_per_floor":["M","?","?","$","?","E","R","M","T","$","E","M","E"],"character_chosen":"THE_SILENT","items_purchased":["Dagger Spray","Dexterity Potion"],"campfire_rested":0,"item_purchase_floors":[4,4],"current_hp_per_floor":[59,48,48,48,48,48,48,48,48,48,24,23,0],"gold":180,"neow_bonus":"THREE_ENEMY_KILL","is_prod":false,"is_daily":false,"chose_seed":false,"campfire_upgraded":1,"win_rate":0,"timestamp":1560142788,"path_taken":["M","?","?","$","?","E","R","M","T","$","E","M","E"],"build_version":"2019-01-23","purchased_purges":2,"victory":false,"max_hp_per_floor":[66,66,66,66,66,66,66,66,66,66,66,66,66],"card_choices":[{"not_picked":["Eviscerate","Dagger Throw"],"picked":"Noxious Fumes","floor":1},{"not_picked":["Tactician","Accuracy"],"picked":"Finisher","floor":6},{"not_picked":["Dagger Spray","Poisoned Stab"],"picked":"Infinite Blades","floor":8},{"not_picked":["Blade Dance","Poisoned Stab"],"picked":"A Thousand Cuts","floor":11},{"not_picked":["Outmaneuver","Concentrate","Underhanded Strike"],"picked":"SKIP","floor":12}],"player_experience":498758,"relics_obtained":[{"floor":6,"key":"Nunchaku"},{"floor":9,"key":"Anchor"},{"floor":11,"key":"Bottled Lightning"}],"event_choices":[{"damage_healed":0,"gold_gain":75,"player_choice":"Gather Gold","damage_taken":11,"max_hp_gain":0,"max_hp_loss":0,"event_name":"World of Goop","floor":2,"gold_loss":0},{"damage_healed":0,"gold_gain":0,"player_choice":"Grow","damage_taken":0,"max_hp_gain":0,"max_hp_loss":0,"event_name":"Living Wall","floor":3,"gold_loss":0,"cards_upgraded":["Noxious Fumes"]},{"damage_healed":0,"gold_gain":150,"player_choice":"AGREE","damage_taken":0,"max_hp_gain":0,"max_hp_loss":0,"event_name":"Liars Game","floor":5,"gold_loss":0,"cards_obtained":["Doubt"]}],"is_beta":false,"boss_relics":[],"items_purged_floors":[4,10],"is_endless":false,"potions_floor_spawned":[1,11,12],"killed_by":"3 Sentries","ascension_level":20}