{"gold_per_floor":[114,289,302,377,27,27,54,54,54,87,122,122,122,140,140,238,288,308,327,327,427,278,278,288,288],"floor_reached":25,"playtime":1323,"items_purged":["Pain"],"score":228,"play_id":"1cc08dd0-b8d1-40dd-b8ba-3b29bbe2a4de","local_time":"20190405185049","is_ascension_mode":true,"campfire_choices":[{"data":"Defragment","floor":6,"key":"SMITH"},{"floor":8,"key":"RECALL"},{"data":"Storm","floor":12,"key":"SMITH"},{"floor":15,"key":"REST"},{"floor":23,"key":"REST"}],"neow_cost":"CURSE","seed_source_timestamp":486490809442631,"circlet_count":0,"master_deck":["Strike_B","Strike_B","Strike_B+1","Strike_B","Defend_B","Defend_B","Defend_B","Defend_B","Zap","Dualcast","Beam Cell","Doubt","Defragment+1","Glacier","Storm+1","Machine Learning","Gash","Compile Driver","Rainbow","Go for the Eyes","Capacitor","Heatsinks","FTL+1","Biased Cognition"],"relics":["Cracked Core","Du-Vu Doll","Mummified Hand","WingedGreaves","Anchor","Sundial","Tiny House","Emotion Chip","Kunai","Blood Vial"],"potions_floor_usage":[21],"damage_taken":[{"damage":7,"enemies":"Jaw Worm","floor":1,"turns":4},{"damage":7,"enemies":"2 Louse","floor":3,"turns":2},{"damage":9,"enemies":"Lagavulin","floor":7,"turns":8},{"damage":2,"enemies":"Gremlin Nob","floor":10,"turns":4},{"damage":8,"enemies":"3 Sentries","floor":11,"turns":8},{"damage":0,"enemies":"Small Slimes","floor":14,"turns":2},{"damage":16,"enemies":"Hexaghost","floor":16,"turns":10},{"damage":5,"enemies":"Shell Parasite","floor":18,"turns":4},{"damage":20,"enemies":"2 Thieves","floor":19,"turns":4},{"damage":2,"enemies":"Colosseum Slavers","floor":21,"turns":4},{"damage":30,"enemies":"Colosseum Nobs","floor":21,"turns":4},{"damage":0,"enemies":"Snecko","floor":24,"turns":3},{"damage":37,"enemies":"Slavers","floor":25,"turns":3}],"seed_played":"-1477348970457793251","potions_obtained":[{"floor":7,"key":"Block Potion"},{"floor":10,"key":"SpeedPotion"},{"floor":11,"key":"Dexterity Potion"},{"floor":24,"key":"FocusPotion"}],"is_trial":false,"path_per_floor":["M","?","M","?","$","R","E","R","T","E","E","R","?","M","R","B",null,"M","M","?","?","$","R","M","E"],"character_chosen":"DEFECT","items_purchased":["Mummified Hand","Glacier","Blood Vial"],"campfire_rested":2,"item_purchase_floors":[5,5,22],"current_hp_per_floor":[68,68,61,50,50,50,41,41,41,39,31,31,31,31,53,37,80,75,55,40,8,8,33,35,0],"gold":288,"neow_bonus":"ONE_RARE_RELIC","is_prod":false,"is_daily":false,"chose_seed":false,"campfire_upgraded":2,"win_rate":0,"timestamp":1554504649,"path_taken":["M","?","M","?","$","R","E","R","T","E","E","R","?","M","R","BOSS","M","M","?","?","$","R","M","E"],"build_version":"2019-01-23","purchased_purges":1,"victory":false,"max_hp_per_floor":[75,75,75,75,75,75,75,75,75,75,75,75,75,75,75,75,80,80,80,85,85,85,85,85,85],"card_choices":[{"not_picked":["Auto Shields","Leap"],"picked":"Beam Cell","floor":1},{"not_picked":["Tempest","Ball Lightning"],"picked":"Defragment","floor":3},{"not_picked":["Hologram","Fission"],"picked":"Storm","floor":7},{"not_picked":["Chaos","Redo"],"picked":"Machine Learning","floor":10},{"not_picked":["Hologram","Turbo"],"picked":"Gash","floor":11},{"not_picked":["Turbo","Reinforced Body"],"picked":"Compile Driver","floor":14},{"not_picked":["Core Surge","All For One"],"picked":"Rainbow","floor":16},{"not_picked":["Steam","Cold Snap"],"picked":"Go for the Eyes","floor":17},{"not_picked":["Streamline+1","Reprogram"],"picked":"Capacitor","floor":18},{"not_picked":["Coolheaded+1","Barrage"],"picked":"Heatsinks","floor":19},{"not_picked":["Turbo","Redo+1"],"picked":"FTL+1","floor":21},{"not_picked":["Undo","Recycle"],"picked":"Biased Cognition","floor":24}],"player_experience":94178,"relics_obtained":[{"floor":7,"key":"WingedGreaves"},{"floor":10,"key":"Anchor"},{"floor":11,"key":"Sundial"},{"floor":21,"key":"Emotion Chip"},{"floor":21,"key":"Kunai"}],"event_choices":[{"damage_healed":0,"gold_gain":175,"player_choice":"AGREE","damage_taken":0,"max_hp_gain":0,"max_hp_loss":0,"event_name":"Liars Game","floor":2,"gold_loss":0,"cards_obtained":["Doubt"]},{"damage_healed":0,"gold_gain":75,"player_choice":"Gather Gold","damage_taken":11,"max_hp_gain":0,"max_hp_loss":0,"event_name":"World of Goop","floor":4,"gold_loss":0},{"damage_healed":0,"gold_gain":0,"player_choice":"Ignored","damage_taken":0,"max_hp_gain":0,"max_hp_loss":0,"event_name":"Shining Light","floor":13,"gold_loss":0},{"damage_healed":0,"gold_gain":0,"player_choice":"Shed Blood","damage_taken":20,"max_hp_gain":5,"max_hp_loss":0,"event_name":"Forgotten Altar","floor":20,"gold_loss":0},{"damage_healed":0,"gold_gain":0,"player_choice":"Fight","damage_taken":0,"max_hp_gain":0,"max_hp_loss":0,"event_name":"Colosseum","floor":21,"gold_loss":0},{"damage_healed":0,"gold_gain":0,"player_choice":"Fought Nobs","damage_taken":0,"max_hp_gain":0,"max_hp_loss":0,"event_name":"Colosseum","floor":21,"gold_loss":0}],"is_beta":false,"boss_relics":[{"not_picked":["Sozu","Eternal Feather"],"picked":"Tiny House"}],"items_purged_floors":[5],"is_endless":false,"potions_floor_spawned":[7,10,11,16,19,21,24],"killed_by":"Slavers","ascension_level":1}