{"gold_per_floor":[18,18,193,207,282,282,282,296,345,356,1,17,30,61,61,165,165,181,181,201,219,25,25,35,35,60,86,86,86,106,118,118,213,213,227,227,244,264,310,310,324,349,349,349,367,387,387,405,405,405],"floor_reached":51,"playtime":4947,"items_purged":[],"score":658,"play_id":"a3f0c11b-ec50-4f4e-af98-0d80b37cd66c","local_time":"20180922235026","is_ascension_mode":false,"campfire_choices":[{"data":"Armaments","floor":6,"key":"SMITH"},{"data":"Shockwave","floor":15,"key":"SMITH"},{"data":"Armaments","floor":23,"key":"SMITH"},{"floor":28,"key":"REST"},{"floor":32,"key":"REST"},{"data":"1","floor":40,"key":"LIFT"},{"data":"2","floor":44,"key":"LIFT"},{"floor":47,"key":"REST"},{"data":"3","floor":49,"key":"LIFT"}],"neow_cost":"NO_GOLD","seed_source_timestamp":235567104903362,"circlet_count":0,"master_deck":["Strike_R","Strike_R","Strike_R","Strike_R","Strike_R","Defend_R","Defend_R","Defend_R","Defend_R","Bash","Shrug It Off","Armaments+1","Battle Trance","Thunderclap","Discovery","Heavy Blade","Spot Weakness","Shockwave+1","Dark Embrace+1","Armaments+1","RitualDagger","Metallicize+1","Sword Boomerang","Mayhem+1","Warcry+1","Anger","Dropkick+1","Metallicize+1","Rampage","Barricade+1","Cleave+1","Headbutt+1","Flex+1","Inflame+1","Perfected Strike","Shrug It Off+1","Shrug It Off+1","Warcry+1","Blood for Blood+1","Pummel+1"],"relics":["Black Blood","Gambling Chip","Frozen Egg 2","Vajra","Question Card","Red Skull","MutagenicStrength","Bronze Scales","Dream Catcher","Nilry\u0027s Codex","Philosopher\u0027s Stone","Girya","Regal Pillow","Paper Frog"],"potions_floor_usage":[13,14,14,14,16,24,31,37,45,46,50],"damage_taken":[{"damage":0,"enemies":"2 Louse","floor":1,"turns":3},{"damage":13,"enemies":"Jaw Worm","floor":4,"turns":5},{"damage":1,"enemies":"Cultist","floor":8,"turns":4},{"damage":0,"enemies":"Looter","floor":10,"turns":4},{"damage":0,"enemies":"Blue Slaver","floor":12,"turns":6},{"damage":0,"enemies":"Lots of Slimes","floor":13,"turns":1},{"damage":11,"enemies":"3 Sentries","floor":14,"turns":5},{"damage":56,"enemies":"Hexaghost","floor":16,"turns":10},{"damage":23,"enemies":"Spheric Guardian","floor":18,"turns":5},{"damage":18,"enemies":"Chosen","floor":20,"turns":5},{"damage":9,"enemies":"Snecko","floor":21,"turns":8},{"damage":34,"enemies":"Sentry and Sphere","floor":24,"turns":6},{"damage":7,"enemies":"Centurion and Healer","floor":30,"turns":5},{"damage":16,"enemies":"3 Cultists","floor":31,"turns":4},{"damage":18,"enemies":"Champ","floor":33,"turns":13},{"damage":20,"enemies":"3 Darklings","floor":35,"turns":5},{"damage":7,"enemies":"Orb Walker","floor":37,"turns":3},{"damage":5,"enemies":"Spire Growth","floor":38,"turns":4},{"damage":44,"enemies":"Mysterious Sphere","floor":39,"turns":4},{"damage":14,"enemies":"Maw","floor":41,"turns":7},{"damage":24,"enemies":"2 Orb Walkers","floor":42,"turns":3},{"damage":20,"enemies":"Sphere and 2 Shapes","floor":45,"turns":4},{"damage":1,"enemies":"3 Darklings","floor":46,"turns":2},{"damage":8,"enemies":"4 Shapes","floor":48,"turns":3},{"damage":95,"enemies":"Awakened One","floor":50,"turns":8}],"seed_played":"7359177685545376360","potions_obtained":[{"floor":4,"key":"Weak Potion"},{"floor":8,"key":"Explosive Potion"},{"floor":12,"key":"Weak Potion"},{"floor":13,"key":"Weak Potion"},{"floor":14,"key":"EssenceOfSteel"},{"floor":21,"key":"LiquidBronze"},{"floor":24,"key":"Weak Potion"},{"floor":30,"key":"Regen Potion"},{"floor":39,"key":"SneckoOil"},{"floor":42,"key":"EssenceOfSteel"},{"floor":45,"key":"EssenceOfSteel"}],"is_trial":false,"path_per_floor":["M","?","?","M","?","R","?","M","T","M","$","M","M","E","R","B",null,"M","?","M","M","$","R","M","?","T","T","R","?","M","M","R","B",null,"M","?","M","M","?","R","M","E","T","R","M","M","R","M","R","B"],"character_chosen":"IRONCLAD","items_purchased":["Question Card","Discovery","Mayhem+1"],"campfire_rested":3,"item_purchase_floors":[11,11,22],"current_hp_per_floor":[80,77,77,70,62,62,55,60,60,66,66,72,78,73,73,35,80,67,61,53,54,54,54,30,30,30,30,54,38,41,44,68,60,80,70,80,80,84,53,53,49,35,35,35,28,37,79,81,81,15],"gold":405,"neow_bonus":"ONE_RARE_RELIC","is_prod":false,"is_daily":false,"chose_seed":false,"campfire_upgraded":3,"win_rate":0.0,"timestamp":1537681826,"path_taken":["M","?","?","?","?","R","?","M","T","M","?","?","M","E","R","BOSS","M","?","M","M","$","R","M","?","T","?","R","?","M","M","R","BOSS","M","?","M","M","?","R","M","E","T","R","M","?","R","M","R","BOSS"],"build_version":"2018-09-20","purchased_purges":0,"victory":true,"max_hp_per_floor":[80,80,80,80,80,80,80,80,80,80,80,80,80,80,80,80,80,80,80,80,80,80,80,80,80,80,80,80,80,80,80,80,80,80,80,80,80,84,87,87,87,87,87,87,90,90,90,90,90,90],"card_choices":[{"not_picked":["Flame Barrier","Fire Breathing"],"picked":"Shrug It Off","floor":1},{"not_picked":["Iron Wave","Body Slam"],"picked":"Armaments","floor":4},{"not_picked":["Bloodletting","Twin Strike"],"picked":"Battle Trance","floor":8},{"not_picked":["Intimidate","Headbutt"],"picked":"Thunderclap","floor":10},{"not_picked":["Headbutt","Carnage","Clothesline"],"picked":"Heavy Blade","floor":12},{"not_picked":["Twin Strike","Pommel Strike","Shrug It Off"],"picked":"Spot Weakness","floor":13},{"not_picked":["Limit Break","Pummel","Flex"],"picked":"Shockwave","floor":14},{"not_picked":["Impervious","Double Tap","Offering"],"picked":"Dark Embrace+1","floor":16},{"not_picked":["Intimidate","Body Slam","Clothesline"],"picked":"Armaments","floor":18},{"not_picked":["Corruption+1","Disarm+1","Intimidate+1"],"picked":"Metallicize+1","floor":20},{"not_picked":["Power Through","Thunderclap","Hemokinesis"],"picked":"Sword Boomerang","floor":21},{"not_picked":["Shrug It Off","Iron Wave+1","Headbutt+1"],"picked":"Warcry+1","floor":24},{"not_picked":["Berserk+1","Twin Strike","Cleave"],"picked":"Anger","floor":28},{"not_picked":["Reckless Charge","Shockwave+1","Sword Boomerang+1"],"picked":"Dropkick+1","floor":30},{"not_picked":["Armaments","Iron Wave","Body Slam"],"picked":"Metallicize+1","floor":31},{"not_picked":["Rupture+1","Fire Breathing+1","Anger"],"picked":"Rampage","floor":32},{"not_picked":["Offering","Feed","Juggernaut+1"],"picked":"Barricade+1","floor":33},{"not_picked":["Body Slam+1","Headbutt","Pommel Strike"],"picked":"Cleave+1","floor":35},{"not_picked":["Heavy Blade","Bloodletting+1","Warcry+1"],"picked":"Headbutt+1","floor":37},{"not_picked":["Feel No Pain+1","Berserk+1","Clothesline+1"],"picked":"Flex+1","floor":38},{"not_picked":["Pummel","Dropkick+1","Anger+1"],"picked":"Inflame+1","floor":39},{"not_picked":["Thunderclap+1","Iron Wave+1","Anger+1"],"picked":"Perfected Strike","floor":41},{"not_picked":["Headbutt","Sword Boomerang","Flex"],"picked":"Shrug It Off+1","floor":42},{"not_picked":["Thunderclap+1","Anger","Combust+1"],"picked":"Shrug It Off+1","floor":45},{"not_picked":["Rupture+1","Iron Wave+1","Cleave+1"],"picked":"Warcry+1","floor":46},{"not_picked":["Cleave+1","Clash","Feel No Pain+1"],"picked":"Blood for Blood+1","floor":47},{"not_picked":["Blood for Blood","Burning Pact","Dual Wield"],"picked":"Pummel+1","floor":48}],"player_experience":16818,"relics_obtained":[{"floor":9,"key":"Vajra"},{"floor":14,"key":"Red Skull"},{"floor":26,"key":"Bronze Scales"},{"floor":27,"key":"Dream Catcher"},{"floor":29,"key":"Nilry\u0027s Codex"},{"floor":39,"key":"Girya"},{"floor":42,"key":"Regal Pillow"},{"floor":43,"key":"Paper Frog"}],"event_choices":[{"event_name":"Scrap Ooze","player_choice":"success","floor":2,"damage_taken":3},{"event_name":"Liars Game","player_choice":"agreed","floor":3,"damage_taken":0},{"event_name":"FaceTrader","player_choice":"Touch","floor":5,"damage_taken":0},{"event_name":"Golden Wing","player_choice":"Card Removal","floor":7,"damage_taken":0},{"event_name":"Nest","player_choice":"Joined the Cult","floor":19,"damage_taken":0},{"event_name":"Drug Dealer","player_choice":"Inject Mutagens","floor":25,"damage_taken":0},{"event_name":"Cursed Tome","player_choice":"Obtained Book","floor":29,"damage_taken":0},{"event_name":"Wheel of Change","player_choice":"Full Heal","floor":36,"damage_taken":0},{"event_name":"Mysterious Sphere","player_choice":"Fight","floor":39,"damage_taken":0}],"is_beta":false,"boss_relics":[{"not_picked":["Runic Pyramid","Snecko Eye"],"picked":"Black Blood"},{"not_picked":["Black Star","Mark of Pain"],"picked":"Philosopher\u0027s Stone"}],"items_purged_floors":[],"is_endless":false,"potions_floor_spawned":[4,8,12,13,14,21,24,30,39,42,45],"ascension_level":0}