{"gold_per_floor":[210,225,225,237,125,125,158,158,210,223,223,241,241,258,258,357,357,369,383,398,154,165,165,63,63,88,100,113,212,240,259,259,354,354,365,42,58,158,175,192,209,209,290,290,290,322,322,339,339,339],"floor_reached":51,"playtime":3186,"items_purged":["Strike_G","Strike_G"],"score":1033,"play_id":"6a1f14ed-2ec0-46c6-a0ef-7ef8a33a8770","local_time":"20190425221027","is_ascension_mode":true,"campfire_choices":[{"data":"Neutralize","floor":6,"key":"SMITH"},{"data":"Deadly Poison","floor":8,"key":"SMITH"},{"data":"Crippling Poison","floor":11,"key":"SMITH"},{"floor":15,"key":"REST"},{"data":"Catalyst","floor":23,"key":"SMITH"},{"data":"Malaise","floor":25,"key":"SMITH"},{"data":"Dodge and Roll","floor":32,"key":"SMITH"},{"data":"Backflip","floor":42,"key":"SMITH"},{"data":"Backflip","floor":44,"key":"SMITH"},{"data":"Night Terror","floor":47,"key":"SMITH"},{"data":"Catalyst","floor":49,"key":"SMITH"}],"neow_cost":"NONE","seed_source_timestamp":530962331298555,"circlet_count":0,"master_deck":["Defend_G","Defend_G","Defend_G","Survivor","Neutralize+1","Deadly Poison+1","Doppelganger","Catalyst+1","Crippling Poison+1","Deadly Poison","Leg Sweep","Bane","Malaise+1","Backflip+1","Corpse Explosion","Well Laid Plans","Dodge and Roll","Footwork+1","Dodge and Roll+1","Finisher+1","Outmaneuver+1","Heel Hook+1","Noxious Fumes","Backflip+1","Noxious Fumes+1","Catalyst+1","Night Terror+1","PiercingWail+1"],"relics":["Ring of the Snake","Smiling Mask","Vajra","GremlinMask","Sozu","Centennial Puzzle","Gambling Chip","Astrolabe","Pantograph","Tough Bandages","Ornamental Fan","Peace Pipe"],"potions_floor_usage":[7,12,16,30],"damage_taken":[{"damage":0,"enemies":"2 Louse","floor":1,"turns":3},{"damage":0,"enemies":"Cultist","floor":2,"turns":4},{"damage":0,"enemies":"Jaw Worm","floor":4,"turns":5},{"damage":33,"enemies":"Gremlin Nob","floor":7,"turns":5},{"damage":6,"enemies":"Gremlin Gang","floor":10,"turns":5},{"damage":0,"enemies":"Red Slaver","floor":12,"turns":3},{"damage":0,"enemies":"Large Slime","floor":14,"turns":9},{"damage":8,"enemies":"Hexaghost","floor":16,"turns":7},{"damage":0,"enemies":"Chosen","floor":18,"turns":4},{"damage":14,"enemies":"3 Byrds","floor":19,"turns":5},{"damage":8,"enemies":"Centurion and Healer","floor":20,"turns":7},{"damage":0,"enemies":"Snake Plant","floor":22,"turns":5},{"damage":1,"enemies":"Snecko","floor":27,"turns":5},{"damage":1,"enemies":"Centurion and Healer","floor":28,"turns":5},{"damage":1,"enemies":"Book of Stabbing","floor":30,"turns":7},{"damage":3,"enemies":"Snake Plant","floor":31,"turns":4},{"damage":28,"enemies":"Champ","floor":33,"turns":13},{"damage":0,"enemies":"Orb Walker","floor":35,"turns":5},{"damage":4,"enemies":"3 Shapes","floor":37,"turns":3},{"damage":0,"enemies":"Mind Bloom Boss Battle","floor":38,"turns":7},{"damage":2,"enemies":"Jaw Worm Horde","floor":39,"turns":3},{"damage":1,"enemies":"Writhing Mass","floor":40,"turns":4},{"damage":0,"enemies":"3 Darklings","floor":41,"turns":3},{"damage":18,"enemies":"Nemesis","floor":46,"turns":7},{"damage":0,"enemies":"Transient","floor":48,"turns":5},{"damage":18,"enemies":"Donu and Deca","floor":50,"turns":4}],"seed_played":"-5452102798399601262","potions_obtained":[{"floor":2,"key":"FearPotion"},{"floor":4,"key":"GamblersBrew"},{"floor":7,"key":"Explosive Potion"},{"floor":12,"key":"LiquidBronze"},{"floor":16,"key":"SpeedPotion"}],"is_trial":false,"path_per_floor":["M","M","?","M","$","R","E","R","T","M","R","M","?","M","R","B",null,"M","M","M","$","M","R","$","R","T","M","M","?","E","M","R","B",null,"M","$","M","?","M","M","M","R","T","R","?","E","R","M","R","B",null],"character_chosen":"THE_SILENT","items_purchased":["Catalyst","Backflip","Corpse Explosion","Well Laid Plans","Dodge and Roll","Noxious Fumes","Pantograph"],"campfire_rested":1,"item_purchase_floors":[5,21,21,21,24,36,36],"current_hp_per_floor":[63,63,63,63,63,63,30,30,30,24,24,24,24,24,45,37,62,62,48,40,40,40,40,40,40,40,39,38,38,37,34,34,6,54,54,54,50,70,68,67,67,67,67,67,67,49,49,49,49,52],"gold":339,"neow_bonus":"HUNDRED_GOLD","is_prod":false,"is_daily":false,"chose_seed":false,"campfire_upgraded":10,"win_rate":0,"timestamp":1556244627,"path_taken":["M","M","?","M","$","R","E","R","T","M","R","?","?","M","R","BOSS","M","?","M","?","?","R","$","R","T","M","M","?","E","M","R","BOSS","M","$","M","?","M","M","M","R","T","R","?","E","R","M","R","BOSS"],"build_version":"2019-01-23","purchased_purges":2,"victory":true,"max_hp_per_floor":[70,70,70,70,70,70,70,70,70,70,70,70,70,70,70,70,70,70,70,70,70,70,70,70,70,70,70,70,70,70,70,70,70,70,70,70,70,70,70,70,70,70,70,70,70,70,70,70,70,70],"card_choices":[{"not_picked":["Acrobatics","Bane"],"picked":"Deadly Poison","floor":1},{"not_picked":["Outmaneuver","Prepared","Distraction"],"picked":"SKIP","floor":2},{"not_picked":["Bane","Heel Hook","Prepared"],"picked":"SKIP","floor":4},{"not_picked":["Skewer","Leg Sweep"],"picked":"Crippling Poison","floor":7},{"not_picked":["Blade Dance","Dodge and Roll"],"picked":"Deadly Poison","floor":10},{"not_picked":["Bullet Time","Flying Knee"],"picked":"Leg Sweep","floor":12},{"not_picked":["Flying Knee","Choke"],"picked":"Bane","floor":14},{"not_picked":["Wraith Form v2","Phantasmal Killer"],"picked":"Malaise","floor":16},{"not_picked":["Dagger Throw+1","Flechettes","Deadly Poison+1"],"picked":"SKIP","floor":18},{"not_picked":["Quick Slash","Prepared","Dagger Throw"],"picked":"SKIP","floor":19},{"not_picked":["Bullet Time","Dagger Spray","Expertise"],"picked":"SKIP","floor":20},{"not_picked":["Outmaneuver","Skewer+1","Cloak And Dagger"],"picked":"SKIP","floor":22},{"not_picked":["Masterful Stab+1","Predator+1"],"picked":"Footwork+1","floor":27},{"not_picked":["Tactician","Flying Knee","Dagger Spray"],"picked":"SKIP","floor":28},{"not_picked":["Underhanded Strike","Unload","Quick Slash+1"],"picked":"SKIP","floor":30},{"not_picked":["Underhanded Strike","Acrobatics+1"],"picked":"Dodge and Roll","floor":31},{"not_picked":["Dodge and Roll","Deflect","All Out Attack+1"],"picked":"SKIP","floor":35},{"not_picked":["Poisoned Stab+1","Caltrops"],"picked":"Backflip","floor":37},{"not_picked":["Predator+1","Poisoned Stab"],"picked":"Noxious Fumes+1","floor":38},{"not_picked":["Poisoned Stab","Crippling Poison+1"],"picked":"Catalyst","floor":39},{"not_picked":["Masterful Stab","Backflip+1","Cloak And Dagger"],"picked":"SKIP","floor":40},{"not_picked":["Deadly Poison","Flying Knee+1","Endless Agony"],"picked":"SKIP","floor":41},{"not_picked":["Dagger Spray","Doppelganger","Riddle With Holes+1"],"picked":"SKIP","floor":46},{"not_picked":["Bane+1","Terror+1"],"picked":"PiercingWail+1","floor":48}],"player_experience":306085,"relics_obtained":[{"floor":7,"key":"Smiling Mask"},{"floor":9,"key":"Vajra"},{"floor":26,"key":"Centennial Puzzle"},{"floor":30,"key":"Gambling Chip"},{"floor":38,"key":"Tough Bandages"},{"floor":43,"key":"Ornamental Fan"},{"floor":46,"key":"Peace Pipe"}],"event_choices":[{"damage_healed":0,"gold_gain":0,"cards_transformed":["Strike_G"],"player_choice":"Transformed","damage_taken":0,"max_hp_gain":0,"max_hp_loss":0,"event_name":"Transmorgrifier","floor":3,"gold_loss":0,"cards_obtained":["Doppelganger"]},{"damage_healed":0,"gold_gain":0,"player_choice":"Trade","damage_taken":0,"relics_obtained":["GremlinMask"],"max_hp_gain":0,"max_hp_loss":0,"event_name":"FaceTrader","floor":13,"gold_loss":0},{"damage_healed":0,"gold_gain":99,"player_choice":"Stole From Cult","damage_taken":0,"max_hp_gain":0,"max_hp_loss":0,"event_name":"Nest","floor":29,"gold_loss":0},{"damage_healed":0,"gold_gain":0,"player_choice":"Fight","damage_taken":0,"max_hp_gain":0,"max_hp_loss":0,"event_name":"MindBloom","floor":38,"gold_loss":0},{"damage_healed":0,"gold_gain":0,"cards_transformed":["Defend_G"],"player_choice":"Transformed","damage_taken":0,"max_hp_gain":0,"max_hp_loss":0,"event_name":"Transmorgrifier","floor":45,"gold_loss":0,"cards_obtained":["Night Terror"]}],"is_beta":false,"boss_relics":[{"not_picked":["Ring of the Serpent","Tiny House"],"picked":"Sozu"},{"not_picked":["Empty Cage","Calling Bell"],"picked":"Astrolabe"}],"items_purged_floors":[5,24],"is_endless":false,"potions_floor_spawned":[2,4,7,12,16,18,22,28,30,39,40,41],"ascension_level":9}