{"gold_per_floor":[110,185,205,220,247,247,274,274,274,332,347,347,198,232,232,331,331,343,343,7,7,7,7,18,35,35,55,82,82,92,92,92,193,193,211,225,225,237,80,80,112,112,136,136,236,269,269,301,301,301,301,301,3,3],"floor_reached":54,"playtime":6954,"items_purged":["Strike_B","Regret"],"score":961,"play_id":"33212e1c-11ec-464b-a325-9b8e9de581b6","local_time":"20190430160809","is_ascension_mode":true,"campfire_choices":[{"data":"Sunder","floor":6.0,"key":"SMITH"},{"data":"Go for the Eyes","floor":8.0,"key":"SMITH"},{"floor":12.0,"key":"REST"},{"data":"Capacitor","floor":15.0,"key":"SMITH"},{"data":"Coolheaded","floor":23.0,"key":"SMITH"},{"data":"All For One","floor":29.0,"key":"SMITH"},{"data":"Defragment","floor":32.0,"key":"SMITH"},{"data":"Barrage","floor":40,"key":"SMITH"},{"floor":42,"key":"RECALL"},{"data":"Creative AI","floor":49,"key":"SMITH"},{"data":"Auto Shields","floor":52,"key":"SMITH"}],"neow_cost":"NONE","seed_source_timestamp":0,"circlet_count":0,"master_deck":["Strike_B","Defend_B","Defend_B","Defend_B","Defend_B","Zap","Dualcast","Capacitor+1","Go for the Eyes+1","Sunder+1","Hologram","Sweeping Beam","Glacier","All For One+1","Coolheaded+1","Auto Shields+1","Necronomicurse","Go for the Eyes","Beam Cell+1","Defragment+1","Creative AI+1","Glacier","Barrage+1","Conserve Battery+1"],"special_seed":0,"relics":["FrozenCore","NeowsBlessing","Bronze Scales","Happy Flower","Art of War","Tiny Chest","Blood Vial","Pantograph","StoneCalendar","Necronomicon","Juzu Bracelet","Lantern","Cursed Key","Oddly Smooth Stone","Bottled Tornado","Strawberry","Turnip","Mummified Hand","Question Card","Bag of Preparation"],"potions_floor_usage":[41,46,50],"damage_taken":[{"damage":0.0,"enemies":"Jaw Worm","floor":1.0,"turns":1.0},{"damage":0.0,"enemies":"Cultist","floor":3.0,"turns":1.0},{"damage":0.0,"enemies":"Small Slimes","floor":4.0,"turns":1.0},{"damage":20.0,"enemies":"3 Sentries","floor":7.0,"turns":6.0},{"damage":17.0,"enemies":"Gremlin Nob","floor":10.0,"turns":4.0},{"damage":3.0,"enemies":"2 Fungi Beasts","floor":11.0,"turns":3.0},{"damage":8.0,"enemies":"3 Sentries","floor":14.0,"turns":7.0},{"damage":22.0,"enemies":"Slime Boss","floor":16.0,"turns":7.0},{"damage":4.0,"enemies":"Spheric Guardian","floor":18.0,"turns":7.0},{"damage":4.0,"enemies":"2 Thieves","floor":24.0,"turns":4.0},{"damage":3.0,"enemies":"Shelled Parasite and Fungi","floor":25.0,"turns":5.0},{"damage":0.0,"enemies":"Sentry and Sphere","floor":27.0,"turns":5.0},{"damage":0.0,"enemies":"Centurion and Healer","floor":30.0,"turns":5.0},{"damage":14.0,"enemies":"Champ","floor":33.0,"turns":10.0},{"damage":17,"enemies":"3 Shapes","floor":35,"turns":3},{"damage":2,"enemies":"Orb Walker","floor":36,"turns":2},{"damage":11,"enemies":"Sphere and 2 Shapes","floor":38,"turns":7},{"damage":1,"enemies":"Giant Head","floor":41,"turns":7},{"damage":2,"enemies":"Mind Bloom Boss Battle","floor":45,"turns":4},{"damage":1,"enemies":"Reptomancer","floor":46,"turns":7},{"damage":12,"enemies":"Giant Head","floor":48,"turns":11},{"damage":11,"enemies":"Donu and Deca","floor":50,"turns":9},{"damage":89,"enemies":"Shield and Spear","floor":54,"turns":6}],"seed_played":"-7639435798205183888","potions_obtained":[{"floor":1.0,"key":"PowerPotion"},{"floor":4.0,"key":"Poison Potion"},{"floor":14.0,"key":"Weak Potion"},{"floor":24.0,"key":"Weak Potion"},{"floor":27.0,"key":"Swift Potion"},{"floor":35,"key":"PowerPotion"}],"is_trial":false,"path_per_floor":["M","?","M","M","T","R","E","R","T","E","M","R","$","E","R","B",null,"M","?","$","T","?","R","M","M","T","M","T","R","M","T","R","B",null,"M","M","?","M","$","R","E","R","T","T","?","E","?","E","R","B",null,"R","$","E"],"character_chosen":"DEFECT","items_purchased":["Glacier","Auto Shields","Pantograph","Oddly Smooth Stone","Bag of Preparation","Explosive Potion"],"campfire_rested":1,"item_purchase_floors":[13,20,20,39,53,53],"current_hp_per_floor":[68,61,61,61,61,61,41,41,41,24,21,43,43,35,35,15,60,58,44,44,44,28,28,26,25,25,27,27,27,29,29,29,42,71,56,56,56,47,47,47,48,48,55,55,80,81,81,71,71,76,84,84,84,0],"gold":3,"neow_bonus":"THREE_ENEMY_KILL","is_prod":false,"is_daily":false,"chose_seed":false,"campfire_upgraded":9,"win_rate":0,"timestamp":1556654889,"path_taken":["M","?","M","?","?","R","E","R","T","E","M","R","$","E","R","BOSS","M","?","$","?","?","R","M","M","T","M","?","R","M","?","R","BOSS","M","M","?","M","$","R","E","R","T","?","?","E","?","E","R","BOSS","R","$","E"],"build_version":"2019-01-23","purchased_purges":2,"victory":false,"max_hp_per_floor":[75,75,75,75,75,75,75,75,75,75,75,75,75,75,75,75,75,75,80,80,80,80,80,80,80,80,80,80,80,80,80,80,80,80,80,80,80,80,80,80,80,80,87,87,87,87,87,87,87,87,87,87,87,87],"card_choices":[{"not_picked":["Heatsinks","Cold Snap"],"picked":"Capacitor","floor":1.0},{"not_picked":["Ball Lightning","Cold Snap"],"picked":"Go for the Eyes","floor":3.0},{"not_picked":["Barrage","Conserve Battery"],"picked":"Sunder","floor":4.0},{"not_picked":["Go for the Eyes","Redo"],"picked":"Hologram","floor":7.0},{"not_picked":["Leap","Doom and Gloom","Lockon"],"picked":"SKIP","floor":10.0},{"not_picked":["Melter","Go for the Eyes"],"picked":"Sweeping Beam","floor":11.0},{"not_picked":["Hologram","Beam Cell","Static Discharge"],"picked":"SKIP","floor":14.0},{"not_picked":["Fission","Hyperbeam"],"picked":"All For One","floor":16.0},{"not_picked":["Sunder+1","Heatsinks"],"picked":"Coolheaded","floor":18.0},{"not_picked":["Gash","Reprogram"],"picked":"Go for the Eyes","floor":24.0},{"not_picked":["Undo","Stack","Storm"],"picked":"SKIP","floor":25.0},{"not_picked":["Gash","Meteor Strike"],"picked":"Beam Cell+1","floor":27.0},{"not_picked":["Rip and Tear","Genetic Algorithm+1"],"picked":"Defragment","floor":30.0},{"not_picked":["All For One","Electrodynamics"],"picked":"Creative AI","floor":33.0},{"not_picked":["Sweeping Beam","Gash+1"],"picked":"Glacier","floor":35},{"not_picked":["Undo","Leap"],"picked":"Barrage","floor":36},{"not_picked":["Sweeping Beam+1","Turbo+1","Steam+1"],"picked":"SKIP","floor":38},{"not_picked":["Doom and Gloom+1","Sweeping Beam","Tempest"],"picked":"SKIP","floor":41},{"not_picked":["Redo+1","Aggregate+1"],"picked":"Conserve Battery+1","floor":45},{"not_picked":["Rip and Tear","Cold Snap","Steam Power+1"],"picked":"SKIP","floor":46},{"not_picked":["Genetic Algorithm","Rip and Tear+1","Streamline+1"],"picked":"SKIP","floor":48}],"player_experience":346861,"relics_obtained":[{"floor":5.0,"key":"Bronze Scales"},{"floor":7.0,"key":"Happy Flower"},{"floor":9.0,"key":"Art of War"},{"floor":10.0,"key":"Tiny Chest"},{"floor":14.0,"key":"Blood Vial"},{"floor":21.0,"key":"StoneCalendar"},{"floor":22.0,"key":"Necronomicon"},{"floor":28.0,"key":"Juzu Bracelet"},{"floor":31.0,"key":"Lantern"},{"floor":41,"key":"Bottled Tornado"},{"floor":43,"key":"Strawberry"},{"floor":45,"key":"Turnip"},{"floor":46,"key":"Mummified Hand"},{"floor":48,"key":"Question Card"}],"event_choices":[{"damage_healed":0.0,"max_hp_gain":0.0,"max_hp_loss":0.0,"gold_gain":75.0,"event_name":"FaceTrader","player_choice":"Touch","floor":2.0,"gold_loss":0.0,"damage_taken":7.0},{"damage_healed":0.0,"max_hp_gain":5.0,"max_hp_loss":0.0,"gold_gain":0.0,"event_name":"Forgotten Altar","player_choice":"Shed Blood","floor":19.0,"gold_loss":0.0,"damage_taken":19.0},{"damage_healed":0.0,"max_hp_gain":0.0,"max_hp_loss":0.0,"gold_gain":0.0,"event_name":"Cursed Tome","player_choice":"Obtained Book","floor":22.0,"gold_loss":0.0,"damage_taken":16.0},{"cards_removed":["Strike_B"],"damage_healed":0,"gold_gain":0,"player_choice":"Removed Attack","damage_taken":0,"max_hp_gain":0,"max_hp_loss":0,"event_name":"Falling","floor":37,"gold_loss":0},{"damage_healed":0,"gold_gain":0,"player_choice":"Fight","damage_taken":0,"max_hp_gain":0,"max_hp_loss":0,"event_name":"MindBloom","floor":45,"gold_loss":0},{"cards_removed":["Strike_B"],"damage_healed":0,"gold_gain":0,"player_choice":"Purged","damage_taken":0,"max_hp_gain":0,"max_hp_loss":0,"event_name":"Purifier","floor":47,"gold_loss":0}],"is_beta":false,"boss_relics":[{"not_picked":["Empty Cage","White Beast Statue"],"picked":"FrozenCore"},{"not_picked":["Snecko Eye","Velvet Choker"],"picked":"Cursed Key"}],"items_purged_floors":[13,53],"is_endless":false,"potions_floor_spawned":[1,4,14,24,27,35,38],"killed_by":"Shield and Spear","ascension_level":6}