{"gold_per_floor":[118,193,42,54,73,73,100,100,146,177,189,218,237,264,264,367,367,379,62,72,82,94,94,125,125,152,152,167,167,182,182,182,284,284,302,312,83,0,0,0,29,29,79,110,110,126,142,160,160,160],"floor_reached":51,"playtime":2626,"items_purged":["Strike_R","Strike_R"],"score":953,"play_id":"2af27a0a-abbe-4072-abab-f3e666026c0a","local_time":"20190420110647","is_ascension_mode":true,"campfire_choices":[{"data":"Demon Form","floor":6.0,"key":"SMITH"},{"data":"Clothesline","floor":8.0,"key":"SMITH"},{"data":"Battle Trance","floor":15.0,"key":"SMITH"},{"data":"Shrug It Off","floor":23.0,"key":"SMITH"},{"data":"Shrug It Off","floor":27.0,"key":"SMITH"},{"data":"Shrug It Off","floor":29.0,"key":"SMITH"},{"data":"Spot Weakness","floor":32.0,"key":"SMITH"},{"data":"Metallicize","floor":40,"key":"SMITH"},{"data":"Heavy Blade","floor":45,"key":"SMITH"},{"data":"Strike_R","floor":49,"key":"PURGE"}],"neow_cost":"TEN_PERCENT_HP_LOSS","seed_source_timestamp":0,"circlet_count":0,"master_deck":["Strike_R+1","Defend_R","Defend_R","Defend_R","Defend_R","Bash","Demon Form+1","Clothesline+1","Shrug It Off+1","Battle Trance+1","Inflame","Reaper+1","Shrug It Off+1","Heavy Blade+1","Shrug It Off+1","Spot Weakness+1","Shockwave","Shrug It Off+1","Feed","Metallicize+1"],"special_seed":0,"relics":["Burning Blood","Art of War","Red Skull","Whetstone","Bottled Tornado","Omamori","Philosopher\u0027s Stone","Gremlin Horn","The Courier","Dream Catcher","Cursed Key","Bag of Marbles","Red Mask","Peace Pipe","Happy Flower","Lantern"],"potions_floor_usage":[41,44,44,50,50],"damage_taken":[{"damage":4.0,"enemies":"Jaw Worm","floor":1.0,"turns":4.0},{"damage":2.0,"enemies":"Cultist","floor":4.0,"turns":4.0},{"damage":2.0,"enemies":"2 Louse","floor":5.0,"turns":6.0},{"damage":37.0,"enemies":"3 Sentries","floor":7.0,"turns":7.0},{"damage":28.0,"enemies":"Gremlin Nob","floor":10.0,"turns":5.0},{"damage":10.0,"enemies":"Large Slime","floor":11.0,"turns":4.0},{"damage":22.0,"enemies":"3 Sentries","floor":12.0,"turns":7.0},{"damage":15.0,"enemies":"2 Fungi Beasts","floor":13.0,"turns":7.0},{"damage":12.0,"enemies":"Lagavulin","floor":14.0,"turns":5.0},{"damage":20.0,"enemies":"Slime Boss","floor":16.0,"turns":6.0},{"damage":6.0,"enemies":"Chosen","floor":18.0,"turns":3.0},{"damage":16.0,"enemies":"Shell Parasite","floor":20.0,"turns":4.0},{"damage":3.0,"enemies":"Snake Plant","floor":21.0,"turns":4.0},{"damage":5.0,"enemies":"Centurion and Healer","floor":22.0,"turns":5.0},{"damage":23.0,"enemies":"Book of Stabbing","floor":24.0,"turns":6.0},{"damage":3.0,"enemies":"Chosen and Byrds","floor":28.0,"turns":5.0},{"damage":34.0,"enemies":"Snake Plant","floor":30.0,"turns":6.0},{"damage":41.0,"enemies":"Champ","floor":33.0,"turns":10.0},{"damage":9,"enemies":"Orb Walker","floor":35,"turns":5},{"damage":48,"enemies":"3 Shapes","floor":36,"turns":4},{"damage":48,"enemies":"Nemesis","floor":41,"turns":7},{"damage":50,"enemies":"Reptomancer","floor":44,"turns":5},{"damage":15,"enemies":"Spire Growth","floor":46,"turns":5},{"damage":10,"enemies":"Jaw Worm Horde","floor":47,"turns":4},{"damage":4,"enemies":"Writhing Mass","floor":48,"turns":4},{"damage":44,"enemies":"Awakened One","floor":50,"turns":9}],"seed_played":"-2150666006382634081","potions_obtained":[{"floor":5.0,"key":"LiquidBronze"},{"floor":10.0,"key":"Weak Potion"},{"floor":11.0,"key":"Swift Potion"},{"floor":22.0,"key":"Explosive Potion"},{"floor":24.0,"key":"PowerPotion"},{"floor":30.0,"key":"Poison Potion"},{"floor":33.0,"key":"SkillPotion"},{"floor":44,"key":"Energy Potion"},{"floor":46,"key":"FearPotion"}],"is_trial":false,"path_per_floor":["M","?","$","M","M","R","E","R","T","E","M","E","M","E","R","B",null,"M","$","M","M","M","R","E","?","T","R","M","R","M","?","R","B",null,"M","M","$","?","$","R","E","?","T","E","R","M","M","M","R","B",null],"character_chosen":"IRONCLAD","items_purchased":["Shrug It Off","Battle Trance","Inflame","Gremlin Horn","Bag of Marbles","Metallicize"],"campfire_rested":0,"item_purchase_floors":[3,3,3,19,37,37],"current_hp_per_floor":[72,65,65,69,72,72,68,68,68,52,64,72,67,61,61,47,72,72,72,62,65,72,72,70,70,70,70,72,72,69,69,69,54,72,69,49,49,49,49,49,8,66,66,66,66,66,65,70,70,61],"gold":160,"neow_bonus":"THREE_RARE_CARDS","is_prod":false,"is_daily":false,"chose_seed":false,"campfire_upgraded":9,"win_rate":0,"timestamp":1555772807,"path_taken":["M","?","?","M","M","R","E","R","T","E","?","E","M","E","R","BOSS","M","$","M","?","M","R","E","?","T","R","M","R","M","?","R","BOSS","M","M","?","?","?","R","E","?","T","E","R","M","M","M","R","BOSS"],"build_version":"2019-01-23","purchased_purges":2,"victory":true,"max_hp_per_floor":[72,72,72,72,72,72,72,72,72,72,72,72,72,72,72,72,72,72,72,72,72,72,72,72,72,72,72,72,72,72,72,72,72,72,72,75,75,75,75,75,75,66,66,66,66,66,69,72,72,75],"card_choices":[{"not_picked":["Juggernaut","Reaper"],"picked":"Demon Form","floor":0.0},{"not_picked":["Headbutt","Thunderclap"],"picked":"Clothesline","floor":1.0},{"not_picked":["Thunderclap","Anger"],"picked":"Reaper","floor":4.0},{"not_picked":["Burning Pact","Headbutt"],"picked":"Shrug It Off","floor":5.0},{"not_picked":["Berserk","Wild Strike"],"picked":"Heavy Blade","floor":7.0},{"not_picked":["Fiend Fire","Dropkick","Clothesline"],"picked":"SKIP","floor":10.0},{"not_picked":["Heavy Blade","Combust","Rage"],"picked":"SKIP","floor":11.0},{"not_picked":["Shrug It Off","Rage","Combust"],"picked":"SKIP","floor":12.0},{"not_picked":["Rage","Combust"],"picked":"Shrug It Off","floor":12.0},{"not_picked":["Armaments","Anger","Fire Breathing"],"picked":"SKIP","floor":13.0},{"not_picked":["Blood for Blood","Burning Pact","Shrug It Off"],"picked":"SKIP","floor":14.0},{"not_picked":["Twin Strike+1","Sever Soul+1"],"picked":"Spot Weakness","floor":18.0},{"not_picked":["Uppercut","Infernal Blade","Havoc"],"picked":"SKIP","floor":20.0},{"not_picked":["Body Slam+1","Armaments+1"],"picked":"Shockwave","floor":21.0},{"not_picked":["Thunderclap","Iron Wave+1"],"picked":"Shrug It Off+1","floor":22.0},{"not_picked":["Ghostly Armor","Power Through","Perfected Strike"],"picked":"SKIP","floor":24.0},{"not_picked":["Rupture","Searing Blow+1","Twin Strike"],"picked":"SKIP","floor":28.0},{"not_picked":["Berserk","Anger","Flex+1"],"picked":"SKIP","floor":30.0},{"not_picked":["Berserk","Immolate"],"picked":"Feed","floor":33.0},{"not_picked":["Pommel Strike+1","Spot Weakness+1","Entrench+1"],"picked":"SKIP","floor":35},{"not_picked":["Headbutt","Body Slam","Carnage"],"picked":"SKIP","floor":36},{"not_picked":["Pommel Strike","Hemokinesis","Armaments+1"],"picked":"SKIP","floor":41},{"not_picked":["Sentinel+1","Ghostly Armor+1","Intimidate"],"picked":"SKIP","floor":44},{"not_picked":["Clash+1","Evolve+1","Battle Trance"],"picked":"SKIP","floor":46},{"not_picked":["Shockwave+1","Bloodletting+1","Iron Wave"],"picked":"SKIP","floor":47},{"not_picked":["Shrug It Off","Twin Strike+1","Clash+1"],"picked":"SKIP","floor":48}],"player_experience":235483,"relics_obtained":[{"floor":7.0,"key":"Art of War"},{"floor":9.0,"key":"Red Skull"},{"floor":10.0,"key":"Whetstone"},{"floor":12.0,"key":"Bottled Tornado"},{"floor":14.0,"key":"Omamori"},{"floor":24.0,"key":"The Courier"},{"floor":26.0,"key":"Dream Catcher"},{"floor":41,"key":"Peace Pipe"},{"floor":43,"key":"Happy Flower"},{"floor":44,"key":"Lantern"}],"event_choices":[{"damage_healed":0.0,"max_hp_gain":0.0,"max_hp_loss":0.0,"gold_gain":75.0,"event_name":"FaceTrader","player_choice":"Touch","floor":2.0,"gold_loss":0.0,"damage_taken":7.0},{"damage_healed":0.0,"max_hp_gain":0.0,"max_hp_loss":0.0,"gold_gain":0.0,"event_name":"The Mausoleum","player_choice":"Ignored","floor":25.0,"gold_loss":0.0,"damage_taken":0.0},{"cards_removed":["Strike_R"],"damage_healed":0.0,"max_hp_gain":0.0,"max_hp_loss":0.0,"gold_gain":0.0,"event_name":"Purifier","player_choice":"Purged","floor":31.0,"gold_loss":0.0,"damage_taken":0.0},{"damage_healed":0,"gold_gain":0,"player_choice":"Paid","damage_taken":0,"relics_obtained":["Red Mask"],"max_hp_gain":0,"max_hp_loss":0,"event_name":"Tomb of Lord Red Mask","floor":38,"gold_loss":83},{"damage_healed":66,"gold_gain":0,"player_choice":"Heal","damage_taken":0,"max_hp_gain":0,"max_hp_loss":9,"event_name":"The Moai Head","floor":42,"gold_loss":0}],"is_beta":false,"boss_relics":[{"not_picked":["Runic Pyramid","Tiny House"],"picked":"Philosopher\u0027s Stone"},{"not_picked":["Snecko Eye","Black Blood"],"picked":"Cursed Key"}],"items_purged_floors":[19,37],"is_endless":false,"potions_floor_spawned":[5,10,11,22,24,30,33,35,44,46],"ascension_level":4}