{"gold_per_floor":[112,129,145,156,174,199,218,188,188,203,214,214,239,270,282,399,411,443,467,498,530,542,554],"floor_reached":23,"playtime":1206,"items_purged":[],"score":222,"play_id":"217a9885-53a4-47f5-8b43-4787c2ac9772","local_time":"20190407233024","is_ascension_mode":true,"campfire_choices":[{"floor":15,"key":"REST"}],"neow_cost":"NONE","seed_source_timestamp":534604651469606,"circlet_count":0,"master_deck":["Defend_G","Defend_G","Defend_G","Defend_G","Strike_G","Strike_G","Strike_G","Strike_G","Survivor","Neutralize","Deadly Poison","Deadly Poison","Tactician","Noxious Fumes","PiercingWail","Deadly Poison","Noxious Fumes","Heel Hook","Poisoned Stab","Leg Sweep","Prepared","Tools of the Trade","Poisoned Stab","Endless Agony+1","Infinite Blades+1","Flying Knee+1"],"relics":["Ring of the Snake","Incense Burner","Tingsha","MawBank","Empty Cage","MutagenicStrength"],"potions_floor_usage":[6,13,13,19,23,23],"damage_taken":[{"damage":0,"enemies":"2 Louse","floor":1,"turns":3},{"damage":1,"enemies":"Cultist","floor":2,"turns":3},{"damage":0,"enemies":"Small Slimes","floor":3,"turns":2},{"damage":5,"enemies":"2 Fungi Beasts","floor":4,"turns":4},{"damage":2,"enemies":"Red Slaver","floor":5,"turns":4},{"damage":18,"enemies":"Gremlin Nob","floor":6,"turns":5},{"damage":11,"enemies":"Gremlin Gang","floor":7,"turns":5},{"damage":0,"enemies":"Lots of Slimes","floor":10,"turns":3},{"damage":3,"enemies":"3 Louse","floor":11,"turns":4},{"damage":14,"enemies":"Lagavulin","floor":13,"turns":6},{"damage":9,"enemies":"Gremlin Gang","floor":14,"turns":4},{"damage":23,"enemies":"The Guardian","floor":16,"turns":8},{"damage":23,"enemies":"Shell Parasite","floor":18,"turns":5},{"damage":35,"enemies":"3 Byrds","floor":19,"turns":5},{"damage":12,"enemies":"Centurion and Healer","floor":20,"turns":7},{"damage":9,"enemies":"Shelled Parasite and Fungi","floor":21,"turns":5},{"damage":12,"enemies":"Slavers","floor":23,"turns":1}],"seed_played":"3471495122255759178","potions_obtained":[{"floor":1,"key":"LiquidBronze"},{"floor":2,"key":"GhostInAJar"},{"floor":8,"key":"GhostInAJar"},{"floor":8,"key":"Fruit Juice"},{"floor":14,"key":"AttackPotion"},{"floor":20,"key":"FearPotion"},{"floor":21,"key":"FearPotion"}],"is_trial":false,"path_per_floor":["M","M","M","M","M","E","M","?","T","M","M","T","E","M","R","B",null,"M","M","M","M","?","E"],"character_chosen":"THE_SILENT","items_purchased":[],"campfire_rested":1,"item_purchase_floors":[],"current_hp_per_floor":[77,76,76,71,69,51,40,40,40,40,37,37,28,19,43,20,82,59,24,12,3,3,0],"gold":554,"neow_bonus":"TEN_PERCENT_HP_BONUS","is_prod":false,"is_daily":false,"chose_seed":false,"campfire_upgraded":0,"win_rate":0,"timestamp":1554694224,"path_taken":["M","M","M","M","M","E","M","?","T","?","M","?","E","M","R","BOSS","M","M","M","M","?","E"],"build_version":"2019-01-23","purchased_purges":0,"victory":false,"max_hp_per_floor":[77,77,77,77,77,77,77,77,77,77,77,77,82,82,82,82,82,82,82,82,82,82,82],"card_choices":[{"not_picked":["Blur","Crippling Poison"],"picked":"Deadly Poison","floor":1},{"not_picked":["Deflect","Blade Dance"],"picked":"Deadly Poison","floor":2},{"not_picked":["Backflip","Blur"],"picked":"Tactician","floor":3},{"not_picked":["Dagger Throw","Tools of the Trade"],"picked":"Noxious Fumes","floor":4},{"not_picked":["Concentrate","Deflect"],"picked":"PiercingWail","floor":5},{"not_picked":["Skewer","Deflect"],"picked":"Deadly Poison","floor":6},{"not_picked":["Wraith Form v2","Calculated Gamble"],"picked":"Noxious Fumes","floor":7},{"not_picked":["Leg Sweep","Expertise"],"picked":"Heel Hook","floor":10},{"not_picked":["Dagger Spray","Flying Knee"],"picked":"Poisoned Stab","floor":11},{"not_picked":["Distraction","Deadly Poison"],"picked":"Leg Sweep","floor":13},{"not_picked":["Dash","Outmaneuver"],"picked":"Prepared","floor":14},{"not_picked":["Night Terror","Burst"],"picked":"Tools of the Trade","floor":16},{"not_picked":["Blade Dance","Acrobatics"],"picked":"Poisoned Stab","floor":18},{"not_picked":["Tools of the Trade","Acrobatics"],"picked":"Endless Agony+1","floor":19},{"not_picked":["Endless Agony+1","Dash"],"picked":"Infinite Blades+1","floor":20},{"not_picked":["Prepared","Backflip"],"picked":"Flying Knee+1","floor":21}],"player_experience":112371,"relics_obtained":[{"floor":6,"key":"Incense Burner"},{"floor":12,"key":"Tingsha"},{"floor":13,"key":"MawBank"}],"event_choices":[{"damage_healed":0,"gold_gain":0,"player_choice":"Bought 2 Potions","damage_taken":0,"max_hp_gain":0,"max_hp_loss":0,"event_name":"The Woman in Blue","floor":8,"gold_loss":0},{"damage_healed":0,"gold_gain":0,"player_choice":"Inject Mutagens","damage_taken":0,"relics_obtained":["MutagenicStrength"],"max_hp_gain":0,"max_hp_loss":0,"event_name":"Drug Dealer","floor":22,"gold_loss":0}],"is_beta":false,"boss_relics":[{"not_picked":["Sozu","WristBlade"],"picked":"Empty Cage"}],"items_purged_floors":[],"is_endless":false,"potions_floor_spawned":[1,2,11,14,20,21],"killed_by":"Slavers","ascension_level":1}