{"gold_per_floor":[365,365,385,104,121,152,152,171,196,196,196,213,226,40,40,141,141,160,160,177,190,140,140,140,140,165,196,296,221,221,235,235,331,331,345,362,56,131,142,142,142,142,142,189,208,218,251,267,267,267],"floor_reached":51,"playtime":9965,"items_purged":["Strike_G","Strike_G","Strike_G"],"score":865,"play_id":"5d9257d1-b086-4b15-9904-7add6dc75361","local_time":"20190419174111","is_ascension_mode":true,"campfire_choices":[{"floor":11.0,"key":"REST"},{"data":"Skewer","floor":15.0,"key":"SMITH"},{"data":"Acrobatics","floor":23,"key":"SMITH"},{"floor":25,"key":"REST"},{"floor":30,"key":"REST"},{"floor":32,"key":"REST"},{"data":"Cloak And Dagger","floor":40,"key":"SMITH"},{"data":"Dodge and Roll","floor":42,"key":"SMITH"},{"data":"1","floor":49,"key":"LIFT"}],"neow_cost":"PERCENT_DAMAGE","seed_source_timestamp":0,"circlet_count":0,"master_deck":["Defend_G","Defend_G","Defend_G","Defend_G","Defend_G","Strike_G","Survivor","Neutralize","Dodge and Roll","Footwork+1","Flash of Steel","Skewer+1","Infinite Blades","Blur","Backflip","Dodge and Roll+1","Blade Dance","After Image","Acrobatics+1","Cloak And Dagger+1","Choke","Accuracy+1","A Thousand Cuts+1","Cloak And Dagger+1","Well Laid Plans+1","Madness+1","Madness+1","Escape Plan+1","Parasite","Accuracy+1"],"special_seed":0,"relics":["Ring of the Snake","Bronze Scales","Membership Card","Juzu Bracelet","Dream Catcher","Ornamental Fan","Lantern","Philosopher\u0027s Stone","Enchiridion","Orichalcum","Frozen Egg 2","Unceasing Top","Toxic Egg 2","WristBlade","Lee\u0027s Waffle","Bottled Tornado","Bottled Flame","Girya","Blue Candle"],"potions_floor_usage":[21,27,28,33,47,48,50],"damage_taken":[{"damage":0.0,"enemies":"2 Louse","floor":1.0,"turns":4.0},{"damage":0.0,"enemies":"Cultist","floor":3.0,"turns":5.0},{"damage":0.0,"enemies":"Small Slimes","floor":5.0,"turns":4.0},{"damage":12.0,"enemies":"Lagavulin","floor":6.0,"turns":9.0},{"damage":0.0,"enemies":"Looter","floor":8.0,"turns":4.0},{"damage":2.0,"enemies":"Lots of Slimes","floor":12.0,"turns":5.0},{"damage":0.0,"enemies":"Blue Slaver","floor":13.0,"turns":5.0},{"damage":2.0,"enemies":"Slime Boss","floor":16.0,"turns":15.0},{"damage":0.0,"enemies":"Shell Parasite","floor":18.0,"turns":6.0},{"damage":4.0,"enemies":"Spheric Guardian","floor":20.0,"turns":5.0},{"damage":10,"enemies":"Cultist and Chosen","floor":21,"turns":10},{"damage":1,"enemies":"Gremlin Leader","floor":27,"turns":7},{"damage":8,"enemies":"Colosseum Slavers","floor":28,"turns":5},{"damage":28,"enemies":"Colosseum Nobs","floor":28,"turns":6},{"damage":0,"enemies":"Snecko","floor":31,"turns":4},{"damage":41,"enemies":"Collector","floor":33,"turns":14},{"damage":0,"enemies":"3 Shapes","floor":35,"turns":5},{"damage":0,"enemies":"3 Darklings","floor":36,"turns":5},{"damage":0,"enemies":"Sphere and 2 Shapes","floor":39,"turns":5},{"damage":0,"enemies":"2 Orb Walkers","floor":44,"turns":3},{"damage":0,"enemies":"Maw","floor":45,"turns":7},{"damage":0,"enemies":"Writhing Mass","floor":46,"turns":5},{"damage":0,"enemies":"Giant Head","floor":47,"turns":7},{"damage":13,"enemies":"Jaw Worm Horde","floor":48,"turns":4},{"damage":62,"enemies":"Time Eater","floor":50,"turns":11}],"seed_played":"5704458434675124990","potions_obtained":[{"floor":5.0,"key":"FearPotion"},{"floor":8.0,"key":"Fire Potion"},{"floor":20.0,"key":"Poison Potion"},{"floor":21,"key":"Swift Potion"},{"floor":31,"key":"Fire Potion"},{"floor":33,"key":"FearPotion"},{"floor":36,"key":"LiquidBronze"},{"floor":44,"key":"Energy Potion"},{"floor":45,"key":"Regen Potion"}],"is_trial":false,"path_per_floor":["M","?","M","$","M","E","?","M","T","?","R","M","M","$","R","B",null,"M","?","M","M","?","R","?","R","T","E","?","?","R","M","R","B",null,"M","M","$","?","M","R","?","R","T","?","M","M","E","M","R","B",null],"character_chosen":"THE_SILENT","items_purchased":["Membership Card","Flash of Steel","GhostInAJar","Lantern","Blade Dance","Well Laid Plans+1","Lee\u0027s Waffle","Bottled Tornado"],"campfire_rested":4,"item_purchase_floors":[4,4,14,14,14,37,37,37],"current_hp_per_floor":[49,31,31,31,31,19,19,19,19,19,40,38,38,38,38,36,62,62,49,45,35,35,35,19,41,41,40,4,4,26,26,48,7,58,58,58,82,74,74,74,64,64,64,64,64,64,64,65,65,3],"gold":267,"neow_bonus":"TWO_FIFTY_GOLD","is_prod":false,"is_daily":false,"chose_seed":false,"campfire_upgraded":4,"win_rate":0,"timestamp":1555710071,"path_taken":["M","?","M","$","M","E","?","M","T","?","R","M","M","?","R","BOSS","M","?","M","M","?","R","?","R","T","E","?","?","R","M","R","BOSS","M","M","$","?","M","R","?","R","T","?","M","M","E","M","R","BOSS"],"build_version":"2019-01-23","purchased_purges":3,"victory":true,"max_hp_per_floor":[70,70,70,70,70,70,70,70,70,70,70,70,70,70,70,70,70,70,75,75,75,75,75,75,75,75,75,75,75,75,75,75,75,75,75,75,82,82,82,82,82,82,82,82,82,82,82,82,82,82],"card_choices":[{"not_picked":["Outmaneuver","Bane"],"picked":"Dodge and Roll","floor":1.0},{"not_picked":["Tactician","Dodge and Roll"],"picked":"Footwork","floor":3.0},{"not_picked":["Bane","Dodge and Roll"],"picked":"Skewer","floor":5.0},{"not_picked":["Cloak And Dagger","Poisoned Stab"],"picked":"Infinite Blades","floor":6.0},{"not_picked":["Dagger Throw","All Out Attack"],"picked":"Blur","floor":8.0},{"not_picked":["Skewer","Leg Sweep"],"picked":"Backflip","floor":11.0},{"not_picked":["Sucker Punch","Deflect"],"picked":"Dodge and Roll","floor":12.0},{"not_picked":["Poisoned Stab","Outmaneuver","Deadly Poison"],"picked":"SKIP","floor":13.0},{"not_picked":["Storm of Steel","Burst"],"picked":"After Image","floor":16.0},{"not_picked":["Underhanded Strike","Dash"],"picked":"Acrobatics","floor":18.0},{"not_picked":["Flying Knee","Cloak And Dagger","Expertise"],"picked":"SKIP","floor":20.0},{"not_picked":["PiercingWail","Glass Knife","Quick Slash"],"picked":"SKIP","floor":21},{"not_picked":["Backflip","Poisoned Stab"],"picked":"Cloak And Dagger","floor":25},{"not_picked":["Bane","Quick Slash"],"picked":"Choke","floor":27},{"not_picked":["Flying Knee","Cloak And Dagger"],"picked":"Accuracy+1","floor":28},{"not_picked":["Backflip+1","Outmaneuver+1","Crippling Poison+1"],"picked":"SKIP","floor":31},{"not_picked":["Unload","Glass Knife"],"picked":"A Thousand Cuts+1","floor":33},{"not_picked":["Choke","Prepared+1"],"picked":"Cloak And Dagger+1","floor":35},{"not_picked":["Dagger Spray+1","All Out Attack+1","Flying Knee"],"picked":"SKIP","floor":36},{"not_picked":["Blade Dance+1","Quick Slash+1","Flying Knee+1"],"picked":"SKIP","floor":39},{"not_picked":["Flying Knee","Choke"],"picked":"Escape Plan+1","floor":44},{"not_picked":["Caltrops+1","PiercingWail+1","Setup+1"],"picked":"SKIP","floor":45},{"not_picked":["Dodge and Roll+1","Bane","Reflex+1"],"picked":"SKIP","floor":46},{"not_picked":["Dash","Terror+1"],"picked":"Accuracy+1","floor":47},{"not_picked":["Finisher","PiercingWail+1","Underhanded Strike"],"picked":"SKIP","floor":48}],"player_experience":211594,"relics_obtained":[{"floor":6.0,"key":"Juzu Bracelet"},{"floor":9.0,"key":"Dream Catcher"},{"floor":24,"key":"Enchiridion"},{"floor":26,"key":"Orichalcum"},{"floor":27,"key":"Frozen Egg 2"},{"floor":28,"key":"Unceasing Top"},{"floor":28,"key":"Toxic Egg 2"},{"floor":43,"key":"Bottled Flame"},{"floor":44,"key":"Girya"},{"floor":47,"key":"Blue Candle"}],"event_choices":[{"damage_healed":0.0,"max_hp_gain":0.0,"max_hp_loss":0.0,"gold_gain":0.0,"event_name":"Scrap Ooze","player_choice":"Success","floor":2.0,"gold_loss":0.0,"damage_taken":18.0,"relics_obtained":["Bronze Scales"]},{"damage_healed":0.0,"max_hp_gain":0.0,"max_hp_loss":0.0,"gold_gain":0.0,"event_name":"Upgrade Shrine","player_choice":"Upgraded","floor":7.0,"gold_loss":0.0,"damage_taken":0.0,"cards_upgraded":["Footwork"]},{"damage_healed":0.0,"max_hp_gain":0.0,"max_hp_loss":0.0,"gold_gain":0.0,"event_name":"WeMeetAgain","player_choice":"Gave Potion","floor":10.0,"gold_loss":0.0,"damage_taken":0.0,"relics_obtained":["Ornamental Fan"]},{"damage_healed":0.0,"max_hp_gain":5.0,"max_hp_loss":0.0,"gold_gain":0.0,"event_name":"Forgotten Altar","player_choice":"Shed Blood","floor":19.0,"gold_loss":0.0,"damage_taken":18.0},{"damage_healed":0,"gold_gain":0,"player_choice":"Bet on Owner","damage_taken":0,"max_hp_gain":0,"max_hp_loss":0,"event_name":"The Joust","floor":22,"gold_loss":50},{"damage_healed":0,"gold_gain":0,"player_choice":"Obtained Book","damage_taken":16,"max_hp_gain":0,"max_hp_loss":0,"event_name":"Cursed Tome","floor":24,"gold_loss":0},{"damage_healed":0,"gold_gain":0,"player_choice":"Fight","damage_taken":0,"max_hp_gain":0,"max_hp_loss":0,"event_name":"Colosseum","floor":28,"gold_loss":0},{"damage_healed":0,"gold_gain":0,"player_choice":"Fought Nobs","damage_taken":0,"max_hp_gain":0,"max_hp_loss":0,"event_name":"Colosseum","floor":28,"gold_loss":0},{"cards_removed":["Strike_G"],"damage_healed":0,"gold_gain":0,"player_choice":"Gave Gold","damage_taken":0,"max_hp_gain":0,"max_hp_loss":0,"event_name":"Beggar","floor":29,"gold_loss":75},{"damage_healed":0,"gold_gain":75,"player_choice":"Touch","damage_taken":8,"max_hp_gain":0,"max_hp_loss":0,"event_name":"FaceTrader","floor":38,"gold_loss":0},{"damage_healed":0,"gold_gain":0,"player_choice":"Embrace Madness","damage_taken":10,"max_hp_gain":0,"max_hp_loss":0,"event_name":"Winding Halls","floor":41,"gold_loss":0,"cards_obtained":["Madness","Madness"]},{"damage_healed":0,"gold_gain":0,"player_choice":"Fight","damage_taken":0,"max_hp_gain":0,"max_hp_loss":0,"event_name":"Mysterious Sphere","floor":44,"gold_loss":0}],"is_beta":false,"boss_relics":[{"not_picked":["Busted Crown","Fusion Hammer"],"picked":"Philosopher\u0027s Stone"},{"not_picked":["Black Star","Sozu"],"picked":"WristBlade"}],"items_purged_floors":[4,14,37],"is_endless":false,"potions_floor_spawned":[5,8,20,21,31,33,36,44,45],"ascension_level":5}