{"gold_per_floor":[212,232,243,1,20,47,57,92,92,92,42,42,59,77,77,179,179,199,29,39,52,71,71,71,84,84,31,31,48,61,73,73,73],"floor_reached":33,"playtime":2113,"items_purged":["Strike_B"],"score":424,"play_id":"c2ca95fa-dd7a-4795-9d69-4cf53ae91520","local_time":"20190609225506","is_ascension_mode":true,"campfire_choices":[{"floor":10,"key":"REST"},{"floor":12,"key":"REST"},{"data":"Zap","floor":15,"key":"SMITH"},{"data":"Go for the Eyes","floor":24,"key":"SMITH"},{"data":"Beam Cell","floor":28,"key":"SMITH"},{"data":"Ball Lightning","floor":32,"key":"SMITH"}],"neow_cost":"NONE","seed_source_timestamp":894668257204298,"circlet_count":0,"master_deck":["AscendersBane","Strike_B","Defend_B","Defend_B","Defend_B","Defend_B","Zap+1","Dualcast","Compile Driver","Ball Lightning","Capacitor","Beam Cell+1","Hologram+1","Leap+1","Ball Lightning+1","Steam+1","Conserve Battery+1","Rainbow+1","Go for the Eyes+1","Panacea+1","Coolheaded+1","Tempest+1","Steam+1","Ball Lightning","Steam+1","Compile Driver"],"relics":["Cracked Core","Bronze Scales","Toxic Egg 2","Lantern","Dream Catcher","Coffee Dripper","Mercury Hourglass"],"potions_floor_usage":[8,8,20,21,25],"damage_taken":[{"damage":7,"enemies":"Small Slimes","floor":1,"turns":3},{"damage":1,"enemies":"Cultist","floor":2,"turns":3},{"damage":2,"enemies":"Jaw Worm","floor":3,"turns":3},{"damage":2,"enemies":"2 Fungi Beasts","floor":5,"turns":2},{"damage":35,"enemies":"Gremlin Nob","floor":6,"turns":4},{"damage":11,"enemies":"Blue Slaver","floor":7,"turns":2},{"damage":5,"enemies":"3 Sentries","floor":8,"turns":6},{"damage":17,"enemies":"Large Slime","floor":13,"turns":4},{"damage":0,"enemies":"3 Louse","floor":14,"turns":3},{"damage":28,"enemies":"Slime Boss","floor":16,"turns":8},{"damage":0,"enemies":"Chosen","floor":18,"turns":3},{"damage":0,"enemies":"Shell Parasite","floor":20,"turns":5},{"damage":19,"enemies":"Centurion and Healer","floor":21,"turns":6},{"damage":13,"enemies":"Shelled Parasite and Fungi","floor":22,"turns":5},{"damage":15,"enemies":"Snake Plant","floor":25,"turns":4},{"damage":0,"enemies":"Centurion and Healer","floor":29,"turns":3},{"damage":0,"enemies":"Cultist and Chosen","floor":30,"turns":4},{"damage":8,"enemies":"3 Cultists","floor":31,"turns":4},{"damage":2,"enemies":"Automaton","floor":33,"turns":2}],"seed_played":"8952438787014096660","potions_obtained":[{"floor":5,"key":"Energy Potion"},{"floor":6,"key":"Block Potion"},{"floor":13,"key":"EssenceOfSteel"},{"floor":16,"key":"Explosive Potion"},{"floor":21,"key":"SkillPotion"},{"floor":29,"key":"GamblersBrew"}],"is_trial":false,"path_per_floor":["M","M","M","$","M","E","M","E","T","R","?","R","M","M","R","B",null,"M","$","M","M","M","?","R","M","T","$","R","M","M","M","R","B"],"character_chosen":"DEFECT","items_purchased":["Capacitor","Bronze Scales","Beam Cell","Panacea+1","Steam+1"],"campfire_rested":2,"item_purchase_floors":[4,4,4,19,27],"current_hp_per_floor":[61,60,58,58,56,21,10,5,5,27,27,49,32,32,32,4,57,57,57,57,38,25,25,25,10,10,10,10,10,10,2,2,0],"gold":73,"neow_bonus":"HUNDRED_GOLD","is_prod":false,"is_daily":false,"chose_seed":false,"campfire_upgraded":4,"win_rate":0,"timestamp":1560135306,"path_taken":["M","M","M","$","M","E","M","E","T","R","?","R","M","M","R","BOSS","M","$","M","M","M","?","R","M","T","$","R","M","M","M","R","BOSS"],"build_version":"2019-01-23","purchased_purges":1,"victory":false,"max_hp_per_floor":[75,75,75,75,75,75,75,75,75,75,75,75,75,75,75,75,75,75,75,75,75,75,75,75,75,75,75,75,75,75,75,75,75],"card_choices":[{"not_picked":["Barrage","Hello World"],"picked":"Compile Driver","floor":1},{"not_picked":["Melter","Barrage"],"picked":"Ball Lightning","floor":2},{"not_picked":["Redo","Rebound","Compile Driver"],"picked":"SKIP","floor":3},{"not_picked":["Biased Cognition","Redo","Hello World"],"picked":"SKIP","floor":5},{"not_picked":["Scrape","Barrage"],"picked":"Hologram","floor":6},{"not_picked":["Redo+1","Sweeping Beam","Barrage"],"picked":"SKIP","floor":7},{"not_picked":["Fusion+1","Hologram+1"],"picked":"Leap+1","floor":8},{"not_picked":["Sweeping Beam","Leap+1"],"picked":"Ball Lightning","floor":10},{"not_picked":["Creative AI","Conserve Battery+1"],"picked":"Steam+1","floor":12},{"not_picked":["Force Field+1","Hello World","Recycle+1"],"picked":"SKIP","floor":13},{"not_picked":["Ball Lightning","Stack+1"],"picked":"Conserve Battery+1","floor":14},{"not_picked":["Amplify+1","Fission+1"],"picked":"Rainbow+1","floor":16},{"not_picked":["Barrage","Sweeping Beam"],"picked":"Go for the Eyes","floor":18},{"not_picked":["Turbo+1","Conserve Battery+1"],"picked":"Coolheaded+1","floor":20},{"not_picked":["Chaos+1","Conserve Battery+1"],"picked":"Tempest+1","floor":21},{"not_picked":["Hello World","Cold Snap"],"picked":"Steam+1","floor":22},{"not_picked":["Sunder","Rebound"],"picked":"Ball Lightning","floor":25},{"not_picked":["Skim+1","Streamline+1"],"picked":"Compile Driver","floor":29},{"not_picked":["Redo+1","Beam Cell","Go for the Eyes"],"picked":"SKIP","floor":30},{"not_picked":["FTL","Beam Cell","Redo+1"],"picked":"SKIP","floor":31}],"player_experience":447237,"relics_obtained":[{"floor":6,"key":"Toxic Egg 2"},{"floor":8,"key":"Lantern"},{"floor":9,"key":"Dream Catcher"},{"floor":26,"key":"Mercury Hourglass"}],"event_choices":[{"cards_removed":["Strike_B"],"damage_healed":0,"gold_gain":0,"player_choice":"Card Removal","damage_taken":0,"max_hp_gain":0,"max_hp_loss":0,"event_name":"The Cleric","floor":11,"gold_loss":50},{"cards_removed":["Strike_B"],"damage_healed":0,"gold_gain":0,"player_choice":"Purged","damage_taken":0,"max_hp_gain":0,"max_hp_loss":0,"event_name":"Purifier","floor":23,"gold_loss":0}],"is_beta":false,"boss_relics":[{"not_picked":["Velvet Choker","Ectoplasm"],"picked":"Coffee Dripper"}],"items_purged_floors":[19],"is_endless":false,"potions_floor_spawned":[5,6,7,13,16,21,29],"killed_by":"Automaton","ascension_level":12}