{"gold_per_floor":[116,191,201,201,217,217,217,228,253,253,266,286,286],"floor_reached":13,"playtime":441,"items_purged":[],"score":119,"play_id":"8361eaef-bd78-49c7-aa7b-98298d224a5b","local_time":"20190501084221","is_ascension_mode":true,"campfire_choices":[{"data":"Bouncing Flask","floor":7,"key":"SMITH"},{"data":"Leg Sweep","floor":10,"key":"SMITH"}],"neow_cost":"NONE","seed_source_timestamp":724091337515961,"circlet_count":0,"master_deck":["AscendersBane","Defend_G","Defend_G","Defend_G","Defend_G","Defend_G","Strike_G","Strike_G","Strike_G","Strike_G","Strike_G","Survivor","Neutralize","Flying Knee","Infinite Blades","Leg Sweep+1","Bouncing Flask+1","Dagger Throw","Neutralize","Poisoned Stab"],"relics":["Ring of the Snake","Dream Catcher"],"potions_floor_usage":[13,13],"damage_taken":[{"damage":8,"enemies":"Jaw Worm","floor":1,"turns":8},{"damage":0,"enemies":"Small Slimes","floor":3,"turns":4},{"damage":2,"enemies":"Cultist","floor":5,"turns":4},{"damage":10,"enemies":"3 Louse","floor":8,"turns":4},{"damage":17,"enemies":"Blue Slaver","floor":11,"turns":5},{"damage":5,"enemies":"Looter","floor":12,"turns":4},{"damage":19,"enemies":"Gremlin Nob","floor":13,"turns":5}],"seed_played":"2843869794590695813","potions_obtained":[{"floor":1,"key":"GhostInAJar"},{"floor":3,"key":"Dexterity Potion"}],"is_trial":false,"path_per_floor":["M","?","M","?","M","?","R","M","T","R","M","M","E"],"character_chosen":"THE_SILENT","items_purchased":[],"campfire_rested":0,"item_purchase_floors":[],"current_hp_per_floor":[55,44,44,49,47,47,47,37,37,37,20,15,0],"gold":286,"neow_bonus":"THREE_CARDS","is_prod":false,"is_daily":false,"chose_seed":false,"campfire_upgraded":2,"win_rate":0,"timestamp":1556714541,"path_taken":["M","?","M","?","M","?","R","M","T","R","?","M","E"],"build_version":"2019-01-23","purchased_purges":0,"victory":false,"max_hp_per_floor":[70,70,70,75,75,75,75,75,75,75,75,75,75],"card_choices":[{"not_picked":["Quick Slash","Poisoned Stab"],"picked":"Flying Knee","floor":0},{"not_picked":["Sucker Punch","Prepared"],"picked":"Infinite Blades","floor":1},{"not_picked":["Cloak And Dagger","Quick Slash"],"picked":"Leg Sweep","floor":3},{"not_picked":["Bane","Dash"],"picked":"Bouncing Flask","floor":5},{"not_picked":["Concentrate","Riddle With Holes","Bane"],"picked":"SKIP","floor":8},{"not_picked":["Calculated Gamble","Quick Slash","Sucker Punch"],"picked":"SKIP","floor":11},{"not_picked":["Eviscerate","Acrobatics"],"picked":"Poisoned Stab","floor":12}],"player_experience":357674,"relics_obtained":[{"floor":9,"key":"Dream Catcher"}],"event_choices":[{"damage_healed":0,"gold_gain":75,"player_choice":"Gather Gold","damage_taken":11,"max_hp_gain":0,"max_hp_loss":0,"event_name":"World of Goop","floor":2,"gold_loss":0},{"damage_healed":0,"gold_gain":0,"player_choice":"Donut","damage_taken":0,"max_hp_gain":5,"max_hp_loss":0,"event_name":"Big Fish","floor":4,"gold_loss":0},{"damage_healed":0,"gold_gain":0,"player_choice":"2 cards matched","damage_taken":0,"max_hp_gain":0,"max_hp_loss":0,"event_name":"Match and Keep!","floor":6,"gold_loss":0,"cards_obtained":["Dagger Throw","Neutralize"]}],"is_beta":false,"boss_relics":[],"items_purged_floors":[],"is_endless":false,"potions_floor_spawned":[1,3,8,12],"killed_by":"Gremlin Nob","ascension_level":11}