{"gold_per_floor":[117,292,302,315,38,38,63,73,73,105,120,120,137,156,156,251,251,263,61,80,92,92,92,111,111,162,192,211,211,224,18,18,118,118,136,136,150,170,70,70,83,0,0,0],"floor_reached":44,"playtime":3601,"items_purged":["Strike_G","Doubt"],"score":444,"play_id":"f076b5ac-1cab-46b4-88ee-b71c107ec15e","local_time":"20181013201515","is_ascension_mode":false,"campfire_choices":[{"data":"Caltrops","floor":6,"key":"SMITH"},{"floor":12,"key":"REST"},{"floor":15,"key":"REST"},{"floor":23,"key":"REST"},{"floor":25,"key":"REST"},{"floor":29,"key":"REST"},{"data":"Envenom","floor":32,"key":"SMITH"},{"floor":40,"key":"REST"}],"neow_cost":"","seed_source_timestamp":12643057955307,"circlet_count":0,"master_deck":["Defend_G","Defend_G","Defend_G","Defend_G","Defend_G","Strike_G","Strike_G","Strike_G","Strike_G","Survivor","Neutralize","Blur","Caltrops+1","Infinite Blades","Infinite Blades","Blade Dance","Caltrops","Envenom+1","Sadistic Nature","Backflip","Finisher","Terror+1","Blade Dance","Calculated Gamble","Backflip","Infinite Blades","Envenom","Noxious Fumes","Endless Agony+1","Well Laid Plans+1","Deflect"],"relics":["Ring of the Snake","TwistedFunnel","Bronze Scales","Orichalcum","Ninja Scroll","Lizard Tail","Snake Skull","Lantern","Sozu","StoneCalendar","Red Mask","Pantograph"],"potions_floor_usage":[7,16,18,21,33],"damage_taken":[{"damage":0,"enemies":"2 Louse","floor":1,"turns":4},{"damage":1,"enemies":"Cultist","floor":3,"turns":5},{"damage":0,"enemies":"Small Slimes","floor":4,"turns":5},{"damage":25,"enemies":"3 Sentries","floor":7,"turns":12},{"damage":0,"enemies":"3 Louse","floor":8,"turns":2},{"damage":23,"enemies":"Gremlin Nob","floor":10,"turns":5},{"damage":1,"enemies":"Blue Slaver","floor":11,"turns":3},{"damage":11,"enemies":"Exordium Thugs","floor":13,"turns":3},{"damage":5,"enemies":"3 Louse","floor":14,"turns":2},{"damage":17,"enemies":"Hexaghost","floor":16,"turns":8},{"damage":11,"enemies":"Chosen","floor":18,"turns":5},{"damage":24,"enemies":"2 Thieves","floor":20,"turns":4},{"damage":20,"enemies":"Centurion and Healer","floor":21,"turns":7},{"damage":20,"enemies":"Snecko","floor":24,"turns":5},{"damage":25,"enemies":"Book of Stabbing","floor":27,"turns":4},{"damage":18,"enemies":"Shelled Parasite and Fungi","floor":28,"turns":4},{"damage":4,"enemies":"3 Cultists","floor":30,"turns":4},{"damage":29,"enemies":"Collector","floor":33,"turns":6},{"damage":1,"enemies":"3 Shapes","floor":35,"turns":6},{"damage":0,"enemies":"Mind Bloom Boss Battle","floor":36,"turns":3},{"damage":16,"enemies":"3 Darklings","floor":37,"turns":4},{"damage":21,"enemies":"Reptomancer","floor":38,"turns":4},{"damage":18,"enemies":"Sphere and 2 Shapes","floor":41,"turns":4},{"damage":47,"enemies":"Spire Growth","floor":44,"turns":3}],"seed_played":"-427301958379570366","potions_obtained":[{"floor":1,"key":"Swift Potion"},{"floor":3,"key":"Block Potion"},{"floor":10,"key":"Weak Potion"},{"floor":16,"key":"LiquidBronze"},{"floor":18,"key":"Strength Potion"},{"floor":20,"key":"LiquidBronze"},{"floor":30,"key":"Explosive Potion"}],"is_trial":false,"path_per_floor":["M","?","M","M","$","R","E","M","T","E","M","R","M","M","R","B",null,"M","$","M","M","?","R","M","R","T","E","M","R","M","$","R","B",null,"M","?","M","M","$","R","M","?","T"],"character_chosen":"THE_SILENT","items_purchased":["TwistedFunnel","Caltrops","Sadistic Nature","Backflip","Infinite Blades"],"campfire_rested":6,"item_purchase_floors":[5,5,19,31,31],"current_hp_per_floor":[70,70,69,69,69,69,44,44,44,21,20,41,30,25,46,29,70,59,59,35,15,15,36,16,37,37,12,35,56,52,52,52,23,70,69,69,53,32,32,53,35,35,35,0],"gold":0,"neow_bonus":"","is_prod":false,"is_daily":false,"chose_seed":false,"campfire_upgraded":2,"win_rate":0,"timestamp":1539450915,"path_taken":["M","?","M","M","$","R","E","M","T","E","M","R","?","M","R","BOSS","M","$","M","M","?","R","M","R","T","E","M","R","M","$","R","BOSS","M","?","M","M","$","R","M","?","T","?"],"build_version":"2018-10-11","purchased_purges":2,"victory":false,"max_hp_per_floor":[70,70,70,70,70,70,70,70,70,70,70,70,70,70,70,70,70,70,70,70,70,70,70,70,70,70,70,70,70,70,70,70,70,70,70,70,70,70,70,70,70,70,70,70],"card_choices":[{"not_picked":["Deadly Poison","Outmaneuver","Poisoned Stab"],"picked":"SKIP","floor":1},{"not_picked":["Dodge and Roll","Distraction"],"picked":"Blur","floor":3},{"not_picked":["Dagger Throw","Outmaneuver","Crippling Poison"],"picked":"SKIP","floor":4},{"not_picked":["Bullet Time","Acrobatics"],"picked":"Infinite Blades","floor":7},{"not_picked":["Slice","Underhanded Strike"],"picked":"Infinite Blades","floor":8},{"not_picked":["Sucker Punch","Outmaneuver"],"picked":"Blade Dance","floor":10},{"not_picked":["PiercingWail","Deflect"],"picked":"Caltrops","floor":11},{"not_picked":["Quick Slash","Tactician","Outmaneuver"],"picked":"SKIP","floor":13},{"not_picked":["Dagger Spray","Deadly Poison","Slice"],"picked":"SKIP","floor":14},{"not_picked":["Unload","Doppelganger"],"picked":"Envenom","floor":16},{"not_picked":["Masterful Stab","Poisoned Stab","Sucker Punch"],"picked":"SKIP","floor":18},{"not_picked":["Dagger Spray+1","Eviscerate","Sucker Punch"],"picked":"SKIP","floor":20},{"not_picked":["Eviscerate","Outmaneuver"],"picked":"Backflip","floor":21},{"not_picked":["Distraction+1","Sucker Punch"],"picked":"Terror+1","floor":24},{"not_picked":["Corpse Explosion","Deflect"],"picked":"Blade Dance","floor":27},{"not_picked":["Backstab+1","Distraction","Skewer+1"],"picked":"SKIP","floor":28},{"not_picked":["Sucker Punch","Heel Hook"],"picked":"Calculated Gamble","floor":30},{"not_picked":["Venomology","Malaise"],"picked":"Envenom","floor":33},{"not_picked":["Deflect","Backflip+1","Expertise+1"],"picked":"SKIP","floor":35},{"not_picked":["Dagger Throw","Dagger Spray+1"],"picked":"Noxious Fumes","floor":36},{"not_picked":["Slice","Backflip+1"],"picked":"Endless Agony+1","floor":37},{"not_picked":["Catalyst","Deadly Poison"],"picked":"Well Laid Plans+1","floor":38},{"not_picked":["Underhanded Strike","Tactician"],"picked":"Deflect","floor":41}],"player_experience":92090,"relics_obtained":[{"floor":7,"key":"Bronze Scales"},{"floor":9,"key":"Orichalcum"},{"floor":10,"key":"Ninja Scroll"},{"floor":26,"key":"Snake Skull"},{"floor":27,"key":"Lantern"},{"floor":36,"key":"StoneCalendar"},{"floor":43,"key":"Pantograph"}],"event_choices":[{"event_name":"Liars Game","player_choice":"agreed","floor":2,"damage_taken":0},{"event_name":"The Library","player_choice":"Read","floor":22,"damage_taken":0},{"event_name":"MindBloom","player_choice":"Fight","floor":36,"damage_taken":0},{"event_name":"Tomb of Lord Red Mask","player_choice":"Paid","floor":42,"damage_taken":0}],"is_beta":false,"boss_relics":[{"not_picked":["Philosopher\u0027s Stone","Runic Dome"],"picked":"Lizard Tail"},{"not_picked":["HoveringKite","Coffee Dripper"],"picked":"Sozu"}],"items_purged_floors":[31,39],"is_endless":false,"potions_floor_spawned":[1,3,10,16,18,20,30,35],"killed_by":"Spire Growth","ascension_level":0}