{"gold_per_floor":[110,110,110,128,143,143,42,42,42,70,97,144,156,179,191,274,286,314,346,376,405,417,429,457,469,504,516,528,540,570,647,659,748,760,788,820,851,863,350,350,350,368,368,468,482,482],"floor_reached":46,"playtime":2625,"items_purged":["Strike_B","Strike_B+1"],"score":1000,"play_id":"d82a9db9-231f-4829-a54a-c67aecb19c11","local_time":"20190526221535","is_ascension_mode":true,"campfire_choices":[{"floor":6.0,"key":"REST"},{"data":"Ball Lightning","floor":8.0,"key":"SMITH"},{"data":"Ball Lightning","floor":15.0,"key":"SMITH"},{"data":"Loop","floor":23.0,"key":"SMITH"},{"data":"Coolheaded","floor":29.0,"key":"SMITH"},{"data":"Leap","floor":32.0,"key":"SMITH"},{"floor":40.0,"key":"RECALL"}],"neow_cost":"NONE","seed_source_timestamp":728192066711235,"circlet_count":0,"master_deck":["AscendersBane","Defend_B+1","Defend_B+1","Defend_B+1","Defend_B+1","Zap+1","Dualcast","Rebound+1","Leap+1","Ball Lightning+1","Coolheaded+1","Ball Lightning+1","Self Repair","Genetic Algorithm","Doom and Gloom+1","Loop+1","Conserve Battery","Compile Driver","Electrodynamics","Hologram+1","Loop+1","Parasite","Undo+1","Redo+1"],"special_seed":0,"relics":["Cracked Core","Anchor","MawBank","DataDisk","Runic Dome","Whetstone","Vajra","Tiny Chest","Inserter","ClockworkSouvenir","Bag of Marbles","Toxic Egg 2","Dead Branch"],"potions_floor_usage":[46],"damage_taken":[{"damage":15.0,"enemies":"Small Slimes","floor":1.0,"turns":3.0},{"damage":12.0,"enemies":"Jaw Worm","floor":4.0,"turns":2.0},{"damage":8.0,"enemies":"2 Louse","floor":5.0,"turns":3.0},{"damage":14.0,"enemies":"Lagavulin","floor":10.0,"turns":7.0},{"damage":14.0,"enemies":"Gremlin Nob","floor":12.0,"turns":3.0},{"damage":0.0,"enemies":"Blue Slaver","floor":14.0,"turns":3.0},{"damage":35.0,"enemies":"Slime Boss","floor":16.0,"turns":10.0},{"damage":26.0,"enemies":"3 Byrds","floor":18.0,"turns":5.0},{"damage":13.0,"enemies":"Spheric Guardian","floor":19.0,"turns":4.0},{"damage":15.0,"enemies":"Shelled Parasite and Fungi","floor":20.0,"turns":4.0},{"damage":9.0,"enemies":"3 Cultists","floor":21.0,"turns":5.0},{"damage":5.0,"enemies":"Snecko","floor":24.0,"turns":3.0},{"damage":11.0,"enemies":"Sentry and Sphere","floor":30.0,"turns":3.0},{"damage":26.0,"enemies":"Slavers","floor":31.0,"turns":4.0},{"damage":20.0,"enemies":"Champ","floor":33.0,"turns":25.0},{"damage":2.0,"enemies":"Orb Walker","floor":35.0,"turns":3.0},{"damage":1.0,"enemies":"3 Shapes","floor":36.0,"turns":3.0},{"damage":7.0,"enemies":"Sphere and 2 Shapes","floor":37.0,"turns":4.0},{"damage":25.0,"enemies":"Writhing Mass","floor":42.0,"turns":5.0},{"damage":2.0,"enemies":"Mind Bloom Boss Battle","floor":44.0,"turns":6.0},{"damage":9.0,"enemies":"Jaw Worm Horde","floor":45.0,"turns":5.0},{"damage":95,"enemies":"Giant Head","floor":46,"turns":7}],"seed_played":"8483111493539993225","potions_obtained":[{"floor":4.0,"key":"Ancient Potion"},{"floor":10.0,"key":"Regen Potion"},{"floor":12.0,"key":"Regen Potion"},{"floor":18.0,"key":"Weak Potion"},{"floor":20.0,"key":"FearPotion"},{"floor":30.0,"key":"EntropicBrew"},{"floor":35.0,"key":"Fire Potion"},{"floor":37.0,"key":"Block Potion"},{"floor":45.0,"key":"Block Potion"}],"is_trial":false,"path_per_floor":["M","?","?","M","M","R","$","R","T","E","T","E","?","M","R","B",null,"M","M","M","M","?","R","M","?","T","T","?","R","M","E","R","B",null,"M","M","M","?","$","R","?","M","T","?","M","E"],"character_chosen":"DEFECT","items_purchased":["Coolheaded","ClockworkSouvenir","Bag of Marbles","Loop"],"campfire_rested":1,"item_purchase_floors":[7,39,39,39],"current_hp_per_floor":[49,42,42,30,22,43,43,43,43,29,29,24,24,40,40,12,56,37,31,16,14,81,81,81,81,81,81,81,81,77,58,58,45,72,77,76,76,76,76,76,76,58,58,63,54,0],"gold":482,"neow_bonus":"UPGRADE_CARD","is_prod":false,"is_daily":false,"chose_seed":false,"campfire_upgraded":5,"win_rate":0,"timestamp":1558934135,"path_taken":["M","?","?","M","M","R","?","R","T","E","?","E","?","?","R","BOSS","M","M","M","M","?","R","?","?","T","?","?","R","M","E","R","BOSS","M","M","M","?","?","R","?","?","T","?","M","E"],"build_version":"2019-05-24v2","purchased_purges":2,"victory":false,"max_hp_per_floor":[71,71,71,71,71,71,71,71,71,71,71,71,71,71,71,71,71,71,71,71,71,81,81,81,81,81,81,81,81,81,81,81,81,81,81,81,81,81,81,81,81,81,81,81,81,81],"card_choices":[{"not_picked":["Redo","Steam"],"picked":"Rebound","floor":1.0},{"not_picked":["Blizzard","Chill"],"picked":"Leap","floor":4.0},{"not_picked":["Gash","Compile Driver"],"picked":"Ball Lightning","floor":5.0},{"not_picked":["Genetic Algorithm","Auto Shields"],"picked":"Ball Lightning","floor":10.0},{"not_picked":["Rebound","Genetic Algorithm"],"picked":"Self Repair","floor":12.0},{"not_picked":["BootSequence","Steam"],"picked":"Genetic Algorithm","floor":14.0},{"not_picked":["Rainbow","Reboot"],"picked":"Core Surge","floor":16.0},{"not_picked":["Beam Cell","Ball Lightning"],"picked":"Doom and Gloom","floor":18.0},{"not_picked":["Conserve Battery","Turbo","Redo"],"picked":"SKIP","floor":19.0},{"not_picked":["Compile Driver","Streamline"],"picked":"Loop","floor":20.0},{"not_picked":["Go for the Eyes","Stack","Melter"],"picked":"SKIP","floor":21.0},{"not_picked":["Beam Cell","Redo","Hello World+1"],"picked":"SKIP","floor":24.0},{"not_picked":["Beam Cell","Redo","Hello World+1"],"picked":"SKIP","floor":24.0},{"not_picked":["Thunder Strike","Steam"],"picked":"Conserve Battery","floor":30.0},{"not_picked":["Steam","Barrage"],"picked":"Compile Driver","floor":31.0},{"not_picked":["Amplify","Multi-Cast"],"picked":"Electrodynamics","floor":33.0},{"not_picked":["Steam Power","Steam","Stack"],"picked":"SKIP","floor":35.0},{"not_picked":["Ball Lightning","Double Energy"],"picked":"Hologram+1","floor":36.0},{"not_picked":["Hologram","Tempest","Reboot"],"picked":"SKIP","floor":37.0},{"not_picked":["Ball Lightning","Gash","Tempest+1"],"picked":"SKIP","floor":42.0},{"not_picked":["Stack+1","Conserve Battery+1"],"picked":"Undo+1","floor":44.0},{"not_picked":["Hello World+1","Leap+1"],"picked":"Redo+1","floor":45.0}],"player_experience":1590794,"relics_obtained":[{"floor":10.0,"key":"Anchor"},{"floor":11.0,"key":"MawBank"},{"floor":12.0,"key":"DataDisk"},{"floor":26.0,"key":"Whetstone"},{"floor":27.0,"key":"Vajra"},{"floor":31.0,"key":"Tiny Chest"},{"floor":43.0,"key":"Toxic Egg 2"},{"floor":44.0,"key":"Dead Branch"}],"event_choices":[{"cards_removed":["Strike_B"],"damage_healed":0.0,"max_hp_gain":0.0,"max_hp_loss":0.0,"gold_gain":0.0,"event_name":"Golden Wing","player_choice":"Card Removal","floor":2.0,"gold_loss":0.0,"damage_taken":7.0},{"cards_removed":["Strike_B"],"damage_healed":0.0,"max_hp_gain":0.0,"max_hp_loss":0.0,"gold_gain":0.0,"event_name":"Living Wall","player_choice":"Forget","floor":3.0,"gold_loss":0.0,"damage_taken":0.0},{"damage_healed":0.0,"max_hp_gain":0.0,"max_hp_loss":0.0,"gold_gain":0.0,"event_name":"Scrap Ooze","player_choice":"Fled","floor":13.0,"gold_loss":0.0,"damage_taken":0.0},{"cards_removed":["Core Surge"],"damage_healed":57.0,"max_hp_gain":10.0,"max_hp_loss":0.0,"gold_gain":0.0,"event_name":"Bonfire Elementals","player_choice":"Offered Rare","floor":22.0,"gold_loss":0.0,"damage_taken":0.0},{"damage_healed":0.0,"max_hp_gain":0.0,"max_hp_loss":0.0,"gold_gain":0.0,"event_name":"Vampires","player_choice":"Ignored","floor":25.0,"gold_loss":0.0,"damage_taken":0.0},{"damage_healed":0.0,"max_hp_gain":0.0,"max_hp_loss":0.0,"gold_gain":0.0,"event_name":"Back to Basics","player_choice":"Simplicity","floor":28.0,"gold_loss":0.0,"damage_taken":0.0,"cards_upgraded":["Strike_B","Defend_B","Defend_B","Defend_B","Defend_B"]},{"damage_healed":0.0,"max_hp_gain":0.0,"max_hp_loss":0.0,"gold_gain":0.0,"event_name":"SecretPortal","player_choice":"Ignored","floor":38.0,"gold_loss":0.0,"damage_taken":0.0},{"damage_healed":0.0,"max_hp_gain":0.0,"max_hp_loss":0.0,"gold_gain":0.0,"event_name":"Upgrade Shrine","player_choice":"Upgraded","floor":41.0,"gold_loss":0.0,"damage_taken":0.0,"cards_upgraded":["Loop"]},{"damage_healed":0.0,"max_hp_gain":0.0,"max_hp_loss":0.0,"gold_gain":0.0,"event_name":"MindBloom","player_choice":"Fight","floor":44.0,"gold_loss":0.0,"damage_taken":0.0}],"is_beta":true,"boss_relics":[{"not_picked":["Empty Cage","Black Star"],"picked":"Runic Dome"},{"not_picked":["Eternal Feather","Lizard Tail"],"picked":"Inserter"}],"items_purged_floors":[7,39],"is_endless":false,"potions_floor_spawned":[4,10,12,18,20,24,30,35,37,42,45],"killed_by":"Giant Head","ascension_level":20}