{"gold_per_floor":[117,117,117,127,137,162,162,187,213,34,34,51,51,67,67,67],"floor_reached":16,"playtime":682,"items_purged":[],"score":110,"play_id":"93c3f47c-1b72-43af-846e-c97e0ac97f10","local_time":"20190522161110","is_ascension_mode":false,"campfire_choices":[{"data":"Rampage","floor":7,"key":"SMITH"},{"data":"Bash","floor":11,"key":"SMITH"},{"data":"Headbutt","floor":13,"key":"SMITH"},{"data":"Pommel Strike","floor":15,"key":"SMITH"}],"neow_cost":"NONE","seed_source_timestamp":574692292309900,"circlet_count":0,"master_deck":["Strike_R","Strike_R","Strike_R","Strike_R","Defend_R","Defend_R","Defend_R","Defend_R","Bash+1","Pommel Strike+1","Strike_R","Rampage+1","Headbutt+1"],"relics":["Burning Blood","NeowsBlessing","Oddly Smooth Stone","Regal Pillow","The Courier","MawBank","Bottled Flame"],"potions_floor_usage":[8,16],"damage_taken":[{"damage":0,"enemies":"Jaw Worm","floor":1,"turns":1},{"damage":0,"enemies":"2 Louse","floor":4,"turns":1},{"damage":0,"enemies":"Cultist","floor":5,"turns":1},{"damage":24,"enemies":"Gremlin Nob","floor":6,"turns":4},{"damage":24,"enemies":"Lagavulin","floor":8,"turns":6},{"damage":13,"enemies":"Exordium Wildlife","floor":12,"turns":4},{"damage":15,"enemies":"Gremlin Gang","floor":14,"turns":5},{"damage":28,"enemies":"Hexaghost","floor":16,"turns":9}],"seed_played":"-6471913309005964343","potions_obtained":[{"floor":1,"key":"GamblersBrew"},{"floor":4,"key":"Block Potion"},{"floor":14,"key":"Fire Potion"}],"is_trial":false,"path_per_floor":["M","?","?","M","M","E","R","E","T","$","R","M","R","M","R","B"],"character_chosen":"IRONCLAD","items_purchased":["Bottled Flame"],"campfire_rested":0,"item_purchase_floors":[10],"current_hp_per_floor":[80,77,77,80,80,62,62,44,44,44,44,37,37,28,28,0],"gold":67,"neow_bonus":"THREE_ENEMY_KILL","is_prod":false,"is_daily":false,"chose_seed":false,"campfire_upgraded":4,"win_rate":0,"timestamp":1558555870,"path_taken":["M","?","?","?","M","E","R","E","T","$","R","M","R","M","R","BOSS"],"build_version":"2019-01-23","purchased_purges":0,"victory":false,"max_hp_per_floor":[80,80,80,80,80,80,80,80,80,80,80,80,80,80,80,80],"card_choices":[{"not_picked":["Shockwave","Armaments"],"picked":"Pommel Strike","floor":1},{"not_picked":["Cleave","Metallicize"],"picked":"Rampage","floor":4},{"not_picked":["Blood for Blood","Twin Strike","Burning Pact"],"picked":"SKIP","floor":5},{"not_picked":["Flex","Thunderclap","Wild Strike"],"picked":"SKIP","floor":6},{"not_picked":["Heavy Blade","Dual Wield"],"picked":"Headbutt","floor":8},{"not_picked":["Blood for Blood","Iron Wave","Offering"],"picked":"SKIP","floor":12},{"not_picked":["Iron Wave","Flex","Clash"],"picked":"SKIP","floor":14}],"player_experience":857133,"relics_obtained":[{"floor":6,"key":"Regal Pillow"},{"floor":8,"key":"The Courier"},{"floor":9,"key":"MawBank"}],"event_choices":[{"damage_healed":0,"gold_gain":0,"player_choice":"Success","damage_taken":3,"relics_obtained":["Oddly Smooth Stone"],"max_hp_gain":0,"max_hp_loss":0,"event_name":"Scrap Ooze","floor":2,"gold_loss":0},{"cards_removed":["Strike_R"],"damage_healed":0,"gold_gain":0,"player_choice":"Took Card","damage_taken":0,"max_hp_gain":0,"max_hp_loss":0,"event_name":"NoteForYourself","floor":3,"gold_loss":0,"cards_obtained":["Strike_R"]}],"is_beta":false,"boss_relics":[],"items_purged_floors":[],"is_endless":false,"potions_floor_spawned":[1,4,14],"killed_by":"Hexaghost","ascension_level":0}