{"gold_per_floor":[110,110,8,8,8,42,42,77,77,2,13,30,30,44,44,120,120,135,35,45,45,45,64,64,83,83,83,99,119,151,151,151,151],"floor_reached":33,"playtime":1613,"items_purged":["Strike_G","Strike_G"],"score":589,"play_id":"df3b8031-a632-42b5-82bc-0c2f9ebd6727","local_time":"20190517061512","is_ascension_mode":true,"campfire_choices":[{"floor":7.0,"key":"REST"},{"data":"Noxious Fumes","floor":13,"key":"SMITH"},{"data":"Neutralize","floor":15,"key":"SMITH"},{"data":"Deadly Poison","floor":24,"key":"SMITH"},{"data":"Dodge and Roll","floor":27,"key":"SMITH"},{"floor":32,"key":"REST"}],"neow_cost":"NONE","seed_source_timestamp":1068729065066437,"circlet_count":0,"master_deck":["AscendersBane","Defend_G","Defend_G","Defend_G","Defend_G+1","Defend_G","Strike_G","Strike_G","Survivor","Neutralize+1","Noxious Fumes+1","Backflip+1","Well Laid Plans","Backflip","Die Die Die","Deadly Poison+1","Dodge and Roll+1","Backflip","Poisoned Stab"],"special_seed":0,"relics":["Ring of the Snake","NeowsBlessing","Regal Pillow","Juzu Bracelet","Omamori","Bottled Flame","Busted Crown","Matryoshka","StoneCalendar"],"potions_floor_usage":[20,30,31,31],"damage_taken":[{"damage":0.0,"enemies":"Cultist","floor":1.0,"turns":1.0},{"damage":0.0,"enemies":"Gremlin Nob","floor":6.0,"turns":1.0},{"damage":0.0,"enemies":"Lagavulin","floor":8.0,"turns":1.0},{"damage":4,"enemies":"Small Slimes","floor":11,"turns":5},{"damage":0,"enemies":"Jaw Worm","floor":12,"turns":6},{"damage":0,"enemies":"Red Slaver","floor":14,"turns":5},{"damage":21,"enemies":"Hexaghost","floor":16,"turns":13},{"damage":0,"enemies":"Spheric Guardian","floor":18,"turns":7},{"damage":9,"enemies":"2 Thieves","floor":20,"turns":4},{"damage":2,"enemies":"Centurion and Healer","floor":23,"turns":11},{"damage":0,"enemies":"Snake Plant","floor":25,"turns":5},{"damage":3,"enemies":"Chosen and Byrds","floor":28,"turns":9},{"damage":0,"enemies":"Centurion and Healer","floor":29,"turns":8},{"damage":33,"enemies":"Gremlin Leader","floor":30,"turns":7},{"damage":9,"enemies":"Snake Plant","floor":31,"turns":4},{"damage":54,"enemies":"Champ","floor":33,"turns":12}],"seed_played":"-5892427910851066466","potions_obtained":[{"floor":1.0,"key":"Energy Potion"},{"floor":6.0,"key":"GamblersBrew"},{"floor":12,"key":"Weak Potion"},{"floor":25,"key":"FearPotion"},{"floor":29,"key":"Swift Potion"},{"floor":30,"key":"SmokeBomb"}],"is_trial":false,"path_per_floor":["M","?","$","?","?","E","R","E","T","$","M","M","R","M","R","B",null,"M","$","M","?","$","M","R","M","T","R","M","M","E","M","R","B"],"character_chosen":"THE_SILENT","items_purchased":["Noxious Fumes","Backflip"],"campfire_rested":2,"item_purchase_floors":[3,3],"current_hp_per_floor":[59,54,54,34,27,27,61,61,61,61,57,57,57,57,57,36,59,59,59,50,50,50,48,48,48,48,48,45,45,12,3,37,0],"gold":151,"neow_bonus":"THREE_ENEMY_KILL","is_prod":false,"is_daily":false,"chose_seed":false,"campfire_upgraded":4,"win_rate":0,"timestamp":1558088112,"path_taken":["M","?","$","?","?","E","R","E","T","$","M","M","R","M","R","BOSS","M","$","M","?","$","M","R","M","T","R","M","M","E","M","R","BOSS"],"build_version":"2019-01-23","purchased_purges":2,"victory":false,"max_hp_per_floor":[66,66,66,66,66,66,66,66,66,66,66,66,66,66,66,66,66,66,66,66,66,66,66,66,66,66,66,66,66,66,66,66,66],"card_choices":[{"not_picked":["Endless Agony","Accuracy","Quick Slash"],"picked":"SKIP","floor":1.0},{"not_picked":["Heel Hook","Prepared"],"picked":"Well Laid Plans","floor":6.0},{"not_picked":["Outmaneuver","Slice","Unload"],"picked":"SKIP","floor":8.0},{"not_picked":["Concentrate","Heel Hook"],"picked":"Backflip","floor":11},{"not_picked":["Flying Knee","Quick Slash","Expertise"],"picked":"SKIP","floor":12},{"not_picked":["Dagger Throw","Tactician","Dagger Spray"],"picked":"SKIP","floor":14},{"not_picked":["Wraith Form v2","Tools of the Trade"],"picked":"Die Die Die","floor":16},{"not_picked":["Deflect"],"picked":"SKIP","floor":18},{"not_picked":["Sucker Punch"],"picked":"SKIP","floor":20},{"not_picked":[],"picked":"Deadly Poison","floor":23},{"not_picked":[],"picked":"Dodge and Roll","floor":25},{"not_picked":[],"picked":"Backflip","floor":28},{"not_picked":[],"picked":"Poisoned Stab","floor":29},{"not_picked":["Blade Dance"],"picked":"SKIP","floor":30}],"player_experience":454070,"relics_obtained":[{"floor":6.0,"key":"Juzu Bracelet"},{"floor":8.0,"key":"Omamori"},{"floor":9.0,"key":"Bottled Flame"},{"floor":26,"key":"Matryoshka"},{"floor":30,"key":"StoneCalendar"}],"event_choices":[{"damage_healed":0.0,"max_hp_gain":0.0,"max_hp_loss":0.0,"gold_gain":0.0,"event_name":"Scrap Ooze","player_choice":"Success","floor":2.0,"gold_loss":0.0,"damage_taken":5.0,"relics_obtained":["Regal Pillow"]},{"damage_healed":0.0,"max_hp_gain":0.0,"max_hp_loss":0.0,"gold_gain":0.0,"event_name":"Shining Light","player_choice":"Entered Light","floor":4.0,"gold_loss":0.0,"damage_taken":20.0,"cards_upgraded":["Backflip","Defend_G"]},{"cards_removed":["Strike_G"],"damage_healed":0.0,"max_hp_gain":0.0,"max_hp_loss":0.0,"gold_gain":0.0,"event_name":"Golden Wing","player_choice":"Card Removal","floor":5.0,"gold_loss":0.0,"damage_taken":7.0}],"is_beta":false,"boss_relics":[{"not_picked":["Pandora\u0027s Box","Empty Cage"],"picked":"Busted Crown"}],"items_purged_floors":[10,19],"is_endless":false,"potions_floor_spawned":[1,6,12,18,25,29,30],"killed_by":"Champ","ascension_level":16}