{"gold_per_floor":[215,159,159,24,36,36,63,74,148,168,168,193,225,269,281,372,384,409,437,119,139,139,174,174,174,197,197,227,245,135,145,145,216,216,234,251,201,201,219,219,319,33,57,70,85,85,102,122,122,122],"floor_reached":51,"playtime":4033,"items_purged":["Strike_G","Strike_G","Strike_G"],"score":1338,"play_id":"03f3fc36-8a1d-4a23-8f67-72c0be891eb3","local_time":"20190610093924","is_ascension_mode":true,"campfire_choices":[{"data":"Noxious Fumes","floor":6.0,"key":"SMITH"},{"floor":11.0,"key":"REST"},{"floor":15.0,"key":"REST"},{"floor":24.0,"key":"REST"},{"data":"Footwork","floor":27.0,"key":"SMITH"},{"floor":32.0,"key":"REST"},{"data":"Wraith Form v2","floor":40,"key":"SMITH"},{"data":"Leg Sweep","floor":46,"key":"SMITH"},{"data":"Well Laid Plans","floor":49,"key":"SMITH"}],"neow_cost":"NONE","seed_source_timestamp":0,"circlet_count":0,"master_deck":["AscendersBane","Defend_G","Defend_G","Defend_G","Defend_G+1","Defend_G","Survivor","Neutralize","Cloak And Dagger+1","Quick Slash","Noxious Fumes+1","Bane","Backflip","Footwork+1","Malaise","Backflip","Escape Plan","Backstab","Crippling Poison","Corpse Explosion","Crippling Poison+1","Well Laid Plans+1","Adrenaline","Prepared+1","PiercingWail+1","Leg Sweep+1","Wraith Form v2+1","Adrenaline","Catalyst+1","Blur","PiercingWail","Night Terror"],"special_seed":0,"relics":["Ring of the Snake","Dream Catcher","Letter Opener","MawBank","War Paint","Philosopher\u0027s Stone","Oddly Smooth Stone","Bronze Scales","Smiling Mask","Pear","Coffee Dripper","The Specimen","Anchor","Bag of Preparation"],"potions_floor_usage":[44,50,50],"damage_taken":[{"damage":1.0,"enemies":"2 Louse","floor":1.0,"turns":4.0},{"damage":3.0,"enemies":"Jaw Worm","floor":5.0,"turns":5.0},{"damage":26.0,"enemies":"Lagavulin","floor":7.0,"turns":8.0},{"damage":2.0,"enemies":"Cultist","floor":8.0,"turns":5.0},{"damage":0.0,"enemies":"2 Fungi Beasts","floor":10.0,"turns":4.0},{"damage":28.0,"enemies":"Gremlin Nob","floor":12.0,"turns":4.0},{"damage":0.0,"enemies":"Blue Slaver","floor":13.0,"turns":5.0},{"damage":6.0,"enemies":"3 Sentries","floor":14.0,"turns":6.0},{"damage":20.0,"enemies":"The Guardian","floor":16.0,"turns":11.0},{"damage":7.0,"enemies":"3 Byrds","floor":18.0,"turns":2.0},{"damage":14.0,"enemies":"Spheric Guardian","floor":19.0,"turns":6.0},{"damage":5.0,"enemies":"Snake Plant","floor":21.0,"turns":5.0},{"damage":15.0,"enemies":"Slavers","floor":23.0,"turns":2.0},{"damage":0.0,"enemies":"Sentry and Sphere","floor":25.0,"turns":2.0},{"damage":4.0,"enemies":"Gremlin Leader","floor":28.0,"turns":5.0},{"damage":3.0,"enemies":"Centurion and Healer","floor":29.0,"turns":5.0},{"damage":11.0,"enemies":"Chosen and Byrds","floor":31.0,"turns":6.0},{"damage":6.0,"enemies":"Automaton","floor":33.0,"turns":11.0},{"damage":0,"enemies":"3 Shapes","floor":35,"turns":4},{"damage":0,"enemies":"3 Darklings","floor":36,"turns":3},{"damage":0,"enemies":"Sphere and 2 Shapes","floor":39,"turns":3},{"damage":0,"enemies":"Mind Bloom Boss Battle","floor":41,"turns":8},{"damage":20,"enemies":"Writhing Mass","floor":44,"turns":5},{"damage":1,"enemies":"Transient","floor":45,"turns":6},{"damage":0,"enemies":"Maw","floor":47,"turns":7},{"damage":0,"enemies":"Sphere and 2 Shapes","floor":48,"turns":3},{"damage":3,"enemies":"Donu and Deca","floor":50,"turns":7}],"seed_played":"-6399923437709762168","potions_obtained":[{"floor":1.0,"key":"SmokeBomb"},{"floor":8.0,"key":"Fire Potion"},{"floor":13.0,"key":"Energy Potion"},{"floor":14.0,"key":"Strength Potion"},{"floor":16.0,"key":"Fruit Juice"},{"floor":19.0,"key":"Block Potion"},{"floor":23.0,"key":"SmokeBomb"},{"floor":31.0,"key":"PowerPotion"},{"floor":33.0,"key":"EssenceOfSteel"},{"floor":39,"key":"Strength Potion"},{"floor":41,"key":"Block Potion"},{"floor":44,"key":"Weak Potion"}],"is_trial":false,"path_per_floor":["M","$","?","$","M","R","E","M","T","M","R","E","M","E","R","B",null,"M","M","$","M","?","E","R","M","T","R","E","M","?","M","R","B",null,"M","M","$","?","M","R","?","$","T","M","M","R","M","M","R","B",null],"character_chosen":"THE_SILENT","items_purchased":["Quick Slash","Noxious Fumes","Bane","Oddly Smooth Stone","Well Laid Plans","Blur","Anchor"],"campfire_rested":4,"item_purchase_floors":[2,4,4,20,20,42,42],"current_hp_per_floor":[58,58,58,58,55,55,29,27,27,27,46,18,18,12,31,16,57,50,36,36,31,31,16,37,37,37,37,43,40,40,29,53,47,73,73,73,73,73,73,73,73,73,73,53,52,52,52,52,52,49],"gold":122,"neow_bonus":"HUNDRED_GOLD","is_prod":false,"is_daily":false,"chose_seed":false,"campfire_upgraded":5,"win_rate":0,"timestamp":1560173964,"path_taken":["M","$","?","?","M","R","E","M","T","M","R","E","M","E","R","BOSS","M","M","$","M","?","E","R","M","T","R","E","M","?","?","R","BOSS","M","M","$","?","M","R","?","?","T","M","M","R","?","M","R","BOSS"],"build_version":"2019-01-23","purchased_purges":3,"victory":true,"max_hp_per_floor":[66,66,66,66,66,66,66,66,66,66,66,66,66,66,66,71,71,71,71,71,71,71,71,71,71,71,71,81,81,81,81,81,81,81,81,81,81,81,81,81,81,81,81,81,81,81,81,81,81,81],"card_choices":[{"not_picked":["Catalyst","Underhanded Strike"],"picked":"Cloak And Dagger","floor":1.0},{"not_picked":["Quick Slash","Outmaneuver","Deadly Poison"],"picked":"SKIP","floor":5.0},{"not_picked":["Eviscerate","Underhanded Strike"],"picked":"Backflip","floor":7.0},{"not_picked":["Well Laid Plans","Deadly Poison"],"picked":"Footwork","floor":8.0},{"not_picked":["Flying Knee","Prepared"],"picked":"Malaise","floor":10.0},{"not_picked":["Bane","Prepared"],"picked":"Backflip","floor":11.0},{"not_picked":["Noxious Fumes","Dagger Throw"],"picked":"Escape Plan","floor":12.0},{"not_picked":["Quick Slash","Setup","Blade Dance"],"picked":"SKIP","floor":13.0},{"not_picked":["Dodge and Roll","Cloak And Dagger"],"picked":"Backstab","floor":14.0},{"not_picked":["Sucker Punch","Blur"],"picked":"Crippling Poison","floor":15.0},{"not_picked":["Phantasmal Killer","Bullet Time"],"picked":"Corpse Explosion","floor":16.0},{"not_picked":["Deflect","Sucker Punch","Outmaneuver+1"],"picked":"SKIP","floor":18.0},{"not_picked":["Poisoned Stab","Endless Agony"],"picked":"Crippling Poison","floor":19.0},{"not_picked":["Bane+1","Eviscerate","Flying Knee+1"],"picked":"SKIP","floor":21.0},{"not_picked":["Bouncing Flask","Poisoned Stab+1"],"picked":"Adrenaline","floor":23.0},{"not_picked":["Accuracy","Infinite Blades"],"picked":"Prepared+1","floor":24.0},{"not_picked":["Slice","Acrobatics"],"picked":"PiercingWail+1","floor":28.0},{"not_picked":["Quick Slash","Endless Agony"],"picked":"Leg Sweep","floor":29.0},{"not_picked":["Slice","Cloak And Dagger","Wraith Form v2"],"picked":"SKIP","floor":31.0},{"not_picked":["Slice","Cloak And Dagger"],"picked":"Wraith Form v2","floor":31.0},{"not_picked":["Die Die Die","Corpse Explosion"],"picked":"Adrenaline","floor":33.0},{"not_picked":["Prepared","Flechettes","Deadly Poison"],"picked":"SKIP","floor":35},{"not_picked":["Dagger Throw","Sucker Punch","Slice+1"],"picked":"SKIP","floor":36},{"not_picked":["Acrobatics","Slice","Bane"],"picked":"SKIP","floor":39},{"not_picked":["Flying Knee","Poisoned Stab"],"picked":"Catalyst+1","floor":41},{"not_picked":["Eviscerate+1","Dagger Throw","Blade Dance+1"],"picked":"SKIP","floor":44},{"not_picked":["Quick Slash","Dodge and Roll"],"picked":"PiercingWail","floor":45},{"not_picked":["Sucker Punch+1","Crippling Poison"],"picked":"Night Terror","floor":47},{"not_picked":["Blade Dance","Blur+1","Masterful Stab"],"picked":"SKIP","floor":48}],"player_experience":613466,"relics_obtained":[{"floor":7.0,"key":"Dream Catcher"},{"floor":9.0,"key":"Letter Opener"},{"floor":12.0,"key":"MawBank"},{"floor":14.0,"key":"War Paint"},{"floor":23.0,"key":"Bronze Scales"},{"floor":26.0,"key":"Smiling Mask"},{"floor":28.0,"key":"Pear"},{"floor":41,"key":"The Specimen"},{"floor":43,"key":"Bag of Preparation"}],"event_choices":[{"cards_removed":["Strike_G"],"damage_healed":0.0,"max_hp_gain":0.0,"max_hp_loss":0.0,"gold_gain":0.0,"event_name":"Living Wall","player_choice":"Forget","floor":3.0,"gold_loss":0.0,"damage_taken":0.0},{"damage_healed":0.0,"max_hp_gain":0.0,"max_hp_loss":0.0,"gold_gain":0.0,"event_name":"Cursed Tome","player_choice":"Ignored","floor":22.0,"gold_loss":0.0,"damage_taken":0.0},{"cards_removed":["Strike_G"],"damage_healed":0.0,"max_hp_gain":0.0,"max_hp_loss":0.0,"gold_gain":0.0,"event_name":"Designer","player_choice":"Upgrade and Remove","floor":30.0,"gold_loss":110.0,"damage_taken":0.0,"cards_upgraded":["Crippling Poison"]},{"damage_healed":0,"gold_gain":0,"player_choice":"Ignored","damage_taken":0,"max_hp_gain":0,"max_hp_loss":0,"event_name":"Tomb of Lord Red Mask","floor":38,"gold_loss":0},{"damage_healed":0,"gold_gain":0,"player_choice":"Fight","damage_taken":0,"max_hp_gain":0,"max_hp_loss":0,"event_name":"MindBloom","floor":41,"gold_loss":0}],"is_beta":false,"boss_relics":[{"not_picked":["Busted Crown","Fusion Hammer"],"picked":"Philosopher\u0027s Stone"},{"not_picked":["Runic Dome","Pandora\u0027s Box"],"picked":"Coffee Dripper"}],"items_purged_floors":[20,37,42],"is_endless":false,"potions_floor_spawned":[1,8,13,14,16,19,21,23,31,33,39,41,44,45,48],"ascension_level":19}