{"gold_per_floor":[112,112,123,123,123,154,168,168,168,168,185,185,196,136,136,211,211,223,273,231,243,243,243,243],"floor_reached":24,"playtime":1649,"items_purged":[],"score":435,"play_id":"4934df55-3dc7-41bc-a1bb-94e3891fcd6b","local_time":"20190602111755","is_ascension_mode":true,"campfire_choices":[{"data":"After Image","floor":8,"key":"SMITH"},{"data":"Noxious Fumes","floor":10,"key":"SMITH"},{"data":"Neutralize","floor":15,"key":"SMITH"},{"data":"Malaise","floor":23,"key":"SMITH"}],"neow_cost":"NONE","seed_source_timestamp":1794113207276741,"circlet_count":0,"master_deck":["AscendersBane","Defend_G","Defend_G","Defend_G","Defend_G","Defend_G","Strike_G","Strike_G","Strike_G","Strike_G","Strike_G","Survivor","Neutralize+1","Well Laid Plans","PiercingWail","After Image+1","Noxious Fumes+1","PiercingWail","Escape Plan","Malaise+1","Dodge and Roll","PiercingWail+1"],"relics":["Ring of the Snake","NeowsBlessing","Oddly Smooth Stone","Bottled Tornado","Eternal Feather"],"potions_floor_usage":[18,22],"damage_taken":[{"damage":0,"enemies":"2 Louse","floor":1,"turns":1},{"damage":0,"enemies":"Jaw Worm","floor":3,"turns":1},{"damage":0,"enemies":"3 Sentries","floor":6,"turns":2},{"damage":0,"enemies":"Small Slimes","floor":7,"turns":6},{"damage":4,"enemies":"Exordium Wildlife","floor":11,"turns":4},{"damage":7,"enemies":"Lots of Slimes","floor":13,"turns":4},{"damage":0,"enemies":"Looter","floor":14,"turns":5},{"damage":12,"enemies":"Hexaghost","floor":16,"turns":13},{"damage":0,"enemies":"Shell Parasite","floor":18,"turns":9},{"damage":23,"enemies":"2 Thieves","floor":20,"turns":5},{"damage":5,"enemies":"Snecko","floor":21,"turns":9},{"damage":0,"enemies":"Shelled Parasite and Fungi","floor":22,"turns":1},{"damage":50,"enemies":"Gremlin Leader","floor":24,"turns":7}],"seed_played":"2781806789551627866","potions_obtained":[{"floor":3,"key":"Strength Potion"},{"floor":7,"key":"SteroidPotion"},{"floor":16,"key":"GhostInAJar"},{"floor":18,"key":"Dexterity Potion"},{"floor":21,"key":"SmokeBomb"}],"is_trial":false,"path_per_floor":["M","?","M","?","?","E","M","R","T","R","M","?","M","M","R","B",null,"M","?","M","M","M","R","E"],"character_chosen":"THE_SILENT","items_purchased":[],"campfire_rested":0,"item_purchase_floors":[],"current_hp_per_floor":[59,64,64,64,64,64,64,64,64,64,60,60,53,53,53,41,64,64,64,41,36,36,48,0],"gold":243,"neow_bonus":"THREE_ENEMY_KILL","is_prod":false,"is_daily":false,"chose_seed":false,"campfire_upgraded":4,"win_rate":0,"timestamp":1559488675,"path_taken":["M","?","M","?","?","E","M","R","T","R","M","?","?","M","R","BOSS","M","?","M","?","M","R","E"],"build_version":"2019-01-23","purchased_purges":0,"victory":false,"max_hp_per_floor":[66,71,71,71,71,71,71,71,71,71,71,71,71,71,71,71,71,71,71,71,71,71,71,71],"card_choices":[{"not_picked":["Poisoned Stab","Prepared"],"picked":"Well Laid Plans","floor":1},{"not_picked":["Bouncing Flask","Sucker Punch"],"picked":"PiercingWail","floor":3},{"not_picked":["Accuracy","Choke"],"picked":"After Image","floor":6},{"not_picked":["Deadly Poison","Deflect"],"picked":"Noxious Fumes","floor":7},{"not_picked":["Poisoned Stab","Heel Hook","Acrobatics"],"picked":"SKIP","floor":11},{"not_picked":["Calculated Gamble","Tactician"],"picked":"PiercingWail","floor":13},{"not_picked":["Flying Knee","Sucker Punch"],"picked":"Escape Plan","floor":14},{"not_picked":["Glass Knife","Unload"],"picked":"Malaise","floor":16},{"not_picked":["Quick Slash","All Out Attack"],"picked":"Dodge and Roll","floor":18},{"not_picked":["Distraction","Finisher","Outmaneuver"],"picked":"SKIP","floor":20},{"not_picked":["Slice","Concentrate"],"picked":"PiercingWail+1","floor":21}],"player_experience":539906,"relics_obtained":[{"floor":6,"key":"Oddly Smooth Stone"},{"floor":9,"key":"Bottled Tornado"}],"event_choices":[{"damage_healed":0,"gold_gain":0,"player_choice":"Donut","damage_taken":0,"max_hp_gain":5,"max_hp_loss":0,"event_name":"Big Fish","floor":2,"gold_loss":0},{"damage_healed":0,"gold_gain":0,"player_choice":"Ignored","damage_taken":0,"max_hp_gain":0,"max_hp_loss":0,"event_name":"Golden Wing","floor":4,"gold_loss":0},{"damage_healed":0,"gold_gain":0,"player_choice":"Ignored","damage_taken":0,"max_hp_gain":0,"max_hp_loss":0,"event_name":"Liars Game","floor":5,"gold_loss":0},{"damage_healed":0,"gold_gain":0,"player_choice":"Fled","damage_taken":0,"max_hp_gain":0,"max_hp_loss":0,"event_name":"Scrap Ooze","floor":12,"gold_loss":0},{"damage_healed":0,"gold_gain":100,"player_choice":"Bet on Murderer","damage_taken":0,"max_hp_gain":0,"max_hp_loss":0,"event_name":"The Joust","floor":19,"gold_loss":50}],"is_beta":false,"boss_relics":[{"not_picked":["Tiny House","Black Star"],"picked":"Eternal Feather"}],"items_purged_floors":[],"is_endless":false,"potions_floor_spawned":[3,7,11,16,18,21],"killed_by":"Gremlin Leader","ascension_level":19}