{"gold_per_floor":[111,111,125,140,42,42,42,60,108,123,123,140,151,169,169,271,271,288,288,306,325,174,174,194,194,194,194,205,221,231,249,249,249],"floor_reached":33,"playtime":4000,"items_purged":["Strike_G","Strike_G"],"score":247,"play_id":"38d3b789-8c8c-41a9-b611-c7a63224e6af","local_time":"20190607105656","is_ascension_mode":false,"campfire_choices":[{"floor":6,"key":"RECALL"},{"floor":11,"key":"REST"},{"floor":15,"key":"REST"},{"floor":23,"key":"REST"},{"floor":25,"key":"REST"},{"floor":32,"key":"REST"}],"neow_cost":"NONE","seed_source_timestamp":1934941633019200,"circlet_count":0,"master_deck":["Defend_G","Defend_G","Defend_G","Defend_G","Defend_G","Strike_G","Strike_G","Survivor","Neutralize+1","Cloak And Dagger","Quick Slash","Crippling Poison","Dagger Spray","Dagger Throw","Crippling Poison","Backflip","Deadly Poison","Escape Plan","Unload","Crippling Poison","Deadly Poison","Dodge and Roll","Noxious Fumes","Backflip","Terror","Prepared+1","PiercingWail"],"relics":["Fusion Hammer"],"potions_floor_usage":[8,14,18,30,33,33],"damage_taken":[{"damage":0,"enemies":"Jaw Worm","floor":1,"turns":4},{"damage":0,"enemies":"Cultist","floor":3,"turns":5},{"damage":0,"enemies":"Small Slimes","floor":4,"turns":3},{"damage":0,"enemies":"Exordium Thugs","floor":8,"turns":4},{"damage":0,"enemies":"Blue Slaver","floor":10,"turns":4},{"damage":8,"enemies":"Exordium Wildlife","floor":12,"turns":3},{"damage":15,"enemies":"Exordium Thugs","floor":13,"turns":4},{"damage":0,"enemies":"Lots of Slimes","floor":14,"turns":1},{"damage":16,"enemies":"The Guardian","floor":16,"turns":11},{"damage":5,"enemies":"2 Thieves","floor":18,"turns":5},{"damage":2,"enemies":"Shell Parasite","floor":20,"turns":5},{"damage":16,"enemies":"Snecko","floor":21,"turns":7},{"damage":14,"enemies":"Snake Plant","floor":24,"turns":4},{"damage":2,"enemies":"3 Cultists","floor":28,"turns":5},{"damage":21,"enemies":"Centurion and Healer","floor":29,"turns":6},{"damage":17,"enemies":"Snecko","floor":30,"turns":5},{"damage":7,"enemies":"Snake Plant","floor":31,"turns":5},{"damage":63,"enemies":"Champ","floor":33,"turns":14}],"seed_played":"-6535658076755428831","potions_obtained":[{"floor":1,"key":"AttackPotion"},{"floor":4,"key":"Explosive Potion"},{"floor":8,"key":"Explosive Potion"},{"floor":14,"key":"SmokeBomb"},{"floor":18,"key":"SpeedPotion"},{"floor":20,"key":"Regen Potion"},{"floor":24,"key":"GamblersBrew"},{"floor":30,"key":"Dexterity Potion"}],"is_trial":false,"path_per_floor":["M","?","M","M","$","R","?","M","T","M","R","M","M","M","R","B",null,"M","?","M","M","$","R","M","R","T","T","M","M","M","M","R","B"],"character_chosen":"THE_SILENT","items_purchased":["Dagger Spray","Backflip"],"campfire_rested":5,"item_purchase_floors":[5,22],"current_hp_per_floor":[70,70,70,70,70,70,70,70,70,70,70,62,47,47,68,52,70,65,65,63,47,47,68,54,70,70,70,68,47,39,32,53,0],"gold":249,"neow_bonus":"BOSS_RELIC","is_prod":false,"is_daily":false,"chose_seed":false,"campfire_upgraded":0,"win_rate":0,"timestamp":1559919416,"path_taken":["M","?","?","M","?","R","?","M","T","M","R","M","?","M","R","BOSS","M","?","M","M","$","R","M","R","T","?","M","M","?","M","R","BOSS"],"build_version":"2019-01-23","purchased_purges":2,"victory":false,"max_hp_per_floor":[70,70,70,70,70,70,70,70,70,70,70,70,70,70,70,70,70,70,70,70,70,70,70,70,70,70,70,70,70,70,70,70,70],"card_choices":[{"not_picked":["Dodge and Roll","Underhanded Strike"],"picked":"Cloak And Dagger","floor":1},{"not_picked":["Acrobatics","Bane"],"picked":"Quick Slash","floor":3},{"not_picked":["Bane","Distraction"],"picked":"Crippling Poison","floor":4},{"not_picked":["After Image","Blade Dance"],"picked":"Crippling Poison","floor":8},{"not_picked":["Slice","Flechettes"],"picked":"Backflip","floor":10},{"not_picked":["Dagger Spray","Acrobatics","Riddle With Holes"],"picked":"SKIP","floor":12},{"not_picked":["Acrobatics","Infinite Blades"],"picked":"Deadly Poison","floor":13},{"not_picked":["Dodge and Roll","Distraction"],"picked":"Escape Plan","floor":14},{"not_picked":["Wraith Form v2","Grand Finale"],"picked":"Unload","floor":16},{"not_picked":["Deflect","Dagger Throw+1"],"picked":"Crippling Poison","floor":18},{"not_picked":["Heel Hook","Leg Sweep"],"picked":"Dodge and Roll","floor":20},{"not_picked":["Eviscerate","Dodge and Roll+1"],"picked":"Noxious Fumes","floor":21},{"not_picked":["Flying Knee","Slice"],"picked":"Terror","floor":24},{"not_picked":["Dagger Spray+1","Quick Slash","Bane"],"picked":"SKIP","floor":28},{"not_picked":["Tools of the Trade","Sucker Punch"],"picked":"Prepared+1","floor":29},{"not_picked":["Acrobatics","Cloak And Dagger"],"picked":"PiercingWail","floor":30},{"not_picked":["Dodge and Roll","Flying Knee","Endless Agony"],"picked":"SKIP","floor":31}],"player_experience":1154121,"relics_obtained":[],"event_choices":[{"damage_healed":0,"gold_gain":0,"player_choice":"Upgraded","damage_taken":0,"max_hp_gain":0,"max_hp_loss":0,"event_name":"Upgrade Shrine","floor":2,"gold_loss":0,"cards_upgraded":["Neutralize"]},{"damage_healed":0,"gold_gain":0,"cards_transformed":["Strike_G"],"player_choice":"Transformed","damage_taken":0,"max_hp_gain":0,"max_hp_loss":0,"event_name":"Transmorgrifier","floor":7,"gold_loss":0,"cards_obtained":["Dagger Throw"]},{"damage_healed":0,"gold_gain":0,"player_choice":"Read","damage_taken":0,"max_hp_gain":0,"max_hp_loss":0,"event_name":"The Library","floor":19,"gold_loss":0,"cards_obtained":["Deadly Poison"]}],"is_beta":false,"boss_relics":[{"not_picked":[]}],"items_purged_floors":[5,22],"is_endless":false,"potions_floor_spawned":[1,4,8,14,18,20,24,30],"killed_by":"Champ","ascension_level":0}