{"gold_per_floor":[115,126,145,157,157,188,188,221,300,313,313,323,20,37,37,133,133,150,165,175,192,49,76,91,91,91,111,131,144,159,176,176,277,277,295,343,354,372,372,372,372,73,73,87,87,101,132,151,151,151],"floor_reached":51,"playtime":2887,"items_purged":[],"score":771,"play_id":"91c47ad6-6482-4997-bf48-788d0663b833","local_time":"20190317210049","is_ascension_mode":false,"campfire_choices":[{"data":"Feed","floor":7,"key":"SMITH"},{"data":"Inflame","floor":11,"key":"SMITH"},{"data":"Heavy Blade","floor":15,"key":"SMITH"},{"data":"Warcry","floor":25,"key":"SMITH"},{"data":"Brutality","floor":32,"key":"SMITH"},{"data":"Pommel Strike","floor":40,"key":"SMITH"},{"data":"Warcry","floor":49,"key":"SMITH"}],"neow_cost":"NONE","seed_source_timestamp":49363765132674,"circlet_count":0,"master_deck":["Strike_R","Strike_R","Strike_R","Strike_R","Strike_R","Defend_R","Defend_R","Defend_R","Defend_R","Bash","Panacea","Pommel Strike+1","Thunderclap","Inflame+1","Cleave","Feed+1","Dropkick","Thunderclap","Heavy Blade+1","Brutality+1","Perfected Strike+1","Armaments+1","Warcry+1","Pommel Strike+1","Flex+1","Inflame","Sword Boomerang","Headbutt+1","Feed","Perfected Strike","Pommel Strike+1","Warcry+1","Secret Weapon","Enlightenment","Twin Strike+1"],"relics":["Black Blood","Meat on the Bone","Du-Vu Doll","Bottled Lightning","Torii","Coffee Dripper","Potion Belt","Omamori","Bottled Flame","Incense Burner","PreservedInsect","Bag of Marbles","Mummified Hand","Lantern"],"potions_floor_usage":[16,20,23,27,28,30,33,36,46,50,50],"damage_taken":[{"damage":3,"enemies":"Small Slimes","floor":1,"turns":3},{"damage":5,"enemies":"Cultist","floor":2,"turns":4},{"damage":1,"enemies":"2 Louse","floor":3,"turns":3},{"damage":3,"enemies":"Large Slime","floor":4,"turns":5},{"damage":30,"enemies":"3 Sentries","floor":6,"turns":6},{"damage":47,"enemies":"Lagavulin","floor":8,"turns":8},{"damage":0,"enemies":"2 Fungi Beasts","floor":10,"turns":2},{"damage":16,"enemies":"Lots of Slimes","floor":12,"turns":3},{"damage":8,"enemies":"Blue Slaver","floor":14,"turns":3},{"damage":22,"enemies":"Slime Boss","floor":16,"turns":6},{"damage":22,"enemies":"Spheric Guardian","floor":18,"turns":4},{"damage":11,"enemies":"2 Thieves","floor":19,"turns":3},{"damage":40,"enemies":"Snake Plant","floor":20,"turns":5},{"damage":12,"enemies":"Chosen and Byrds","floor":21,"turns":4},{"damage":58,"enemies":"Slavers","floor":23,"turns":6},{"damage":28,"enemies":"Shelled Parasite and Fungi","floor":24,"turns":6},{"damage":14,"enemies":"Centurion and Healer","floor":27,"turns":4},{"damage":1,"enemies":"Chosen and Byrds","floor":28,"turns":4},{"damage":2,"enemies":"Cultist and Chosen","floor":29,"turns":4},{"damage":15,"enemies":"Centurion and Healer","floor":30,"turns":4},{"damage":8,"enemies":"Snecko","floor":31,"turns":3},{"damage":45,"enemies":"Champ","floor":33,"turns":7},{"damage":23,"enemies":"3 Shapes","floor":35,"turns":2},{"damage":40,"enemies":"2 Orb Walkers","floor":36,"turns":3},{"damage":36,"enemies":"3 Darklings","floor":37,"turns":3},{"damage":35,"enemies":"Spire Growth","floor":38,"turns":4},{"damage":4,"enemies":"Transient","floor":44,"turns":5},{"damage":28,"enemies":"Maw","floor":46,"turns":5},{"damage":5,"enemies":"Nemesis","floor":47,"turns":3},{"damage":8,"enemies":"4 Shapes","floor":48,"turns":4},{"damage":96,"enemies":"Donu and Deca","floor":50,"turns":7}],"seed_played":"-3394136970174446501","potions_obtained":[{"floor":1,"key":"Strength Potion"},{"floor":8,"key":"Poison Potion"},{"floor":10,"key":"FearPotion"},{"floor":12,"key":"Fire Potion"},{"floor":16,"key":"LiquidBronze"},{"floor":20,"key":"Energy Potion"},{"floor":24,"key":"Fruit Juice"},{"floor":28,"key":"Regen Potion"},{"floor":29,"key":"SkillPotion"},{"floor":33,"key":"SpeedPotion"},{"floor":38,"key":"Energy Potion"},{"floor":44,"key":"Regen Potion"},{"floor":46,"key":"AttackPotion"}],"is_trial":false,"path_per_floor":["M","M","M","M","?","E","R","E","T","M","R","M","$","M","R","B",null,"M","M","M","M","$","E","M","R","T","M","M","M","M","M","R","B",null,"M","?","M","M","?","R","?","$","T","M","?","M","E","M","R","B",null],"character_chosen":"IRONCLAD","items_purchased":["Torii","Potion Belt","PreservedInsect","Bag of Marbles"],"campfire_rested":0,"item_purchase_floors":[13,22,42,42],"current_hp_per_floor":[80,80,80,80,80,56,56,31,31,53,53,59,59,57,57,57,96,84,83,65,71,71,31,25,25,25,33,55,75,78,76,76,58,129,120,97,86,73,68,68,125,125,125,125,125,115,123,132,132,58],"gold":151,"neow_bonus":"RANDOM_COLORLESS","is_prod":false,"is_daily":false,"chose_seed":false,"campfire_upgraded":7,"win_rate":0.0,"timestamp":1552870849,"path_taken":["M","M","M","M","?","E","R","E","T","M","R","M","$","M","R","BOSS","M","?","M","M","$","E","M","R","T","M","M","M","M","M","R","BOSS","M","?","M","M","?","R","?","$","T","M","?","M","E","?","R","BOSS"],"build_version":"2019-01-23","purchased_purges":0,"victory":true,"max_hp_per_floor":[80,80,80,80,80,80,80,84,84,88,88,92,92,92,92,96,96,100,104,108,108,108,108,112,112,112,116,121,125,125,125,125,129,129,133,140,143,143,143,143,125,125,125,125,125,125,128,135,135,135],"card_choices":[{"not_picked":["Wild Strike","Clothesline"],"picked":"Pommel Strike","floor":1},{"not_picked":["Uppercut","Ghostly Armor"],"picked":"Thunderclap","floor":2},{"not_picked":["Warcry","Anger"],"picked":"Inflame","floor":3},{"not_picked":["Searing Blow","Juggernaut"],"picked":"Cleave","floor":4},{"not_picked":["Disarm","Cleave"],"picked":"Feed","floor":6},{"not_picked":["Ghostly Armor","Body Slam","Intimidate"],"picked":"SKIP","floor":8},{"not_picked":["Anger","Cleave"],"picked":"Dropkick","floor":10},{"not_picked":["Anger","Ghostly Armor"],"picked":"Thunderclap","floor":12},{"not_picked":["Shockwave","Disarm"],"picked":"Heavy Blade","floor":14},{"not_picked":["Bludgeon","Juggernaut"],"picked":"Brutality","floor":16},{"not_picked":["Sword Boomerang","Anger"],"picked":"Perfected Strike+1","floor":18},{"not_picked":["Entrench","Wild Strike","Disarm"],"picked":"SKIP","floor":19},{"not_picked":["Perfected Strike","Clothesline+1","Sword Boomerang"],"picked":"SKIP","floor":20},{"not_picked":["Havoc","Flame Barrier"],"picked":"Armaments+1","floor":21},{"not_picked":["Exhume","Sever Soul","Body Slam+1"],"picked":"SKIP","floor":23},{"not_picked":["Ghostly Armor","Body Slam"],"picked":"Warcry","floor":24},{"not_picked":["Twin Strike","Searing Blow"],"picked":"Pommel Strike+1","floor":27},{"not_picked":["Perfected Strike","Pommel Strike"],"picked":"Flex+1","floor":28},{"not_picked":["Rupture","Heavy Blade"],"picked":"Inflame","floor":29},{"not_picked":["Thunderclap","Feel No Pain+1"],"picked":"Sword Boomerang","floor":30},{"not_picked":["Iron Wave","Sword Boomerang+1"],"picked":"Headbutt+1","floor":31},{"not_picked":["Brutality","Limit Break"],"picked":"Feed","floor":33},{"not_picked":["Headbutt+1","Sentinel+1"],"picked":"Perfected Strike","floor":35},{"not_picked":["Clash+1","Flame Barrier"],"picked":"Pommel Strike","floor":37},{"not_picked":["Clothesline","Thunderclap"],"picked":"Warcry","floor":38},{"not_picked":["Magnetism","Madness"],"picked":"Secret Weapon","floor":39},{"not_picked":["Dark Shackles","Jack Of All Trades"],"picked":"Enlightenment","floor":39},{"not_picked":["Body Slam+1","Sword Boomerang","Anger"],"picked":"SKIP","floor":44},{"not_picked":["Blood for Blood","Shrug It Off"],"picked":"Twin Strike+1","floor":46},{"not_picked":["True Grit","Anger+1","Wild Strike+1"],"picked":"SKIP","floor":47},{"not_picked":["Shockwave","Clothesline+1","Spot Weakness+1"],"picked":"SKIP","floor":48}],"player_experience":41812,"relics_obtained":[{"floor":6,"key":"Meat on the Bone"},{"floor":8,"key":"Du-Vu Doll"},{"floor":9,"key":"Bottled Lightning"},{"floor":23,"key":"Omamori"},{"floor":26,"key":"Bottled Flame"},{"floor":36,"key":"Incense Burner"},{"floor":43,"key":"Mummified Hand"},{"floor":47,"key":"Lantern"}],"event_choices":[{"damage_healed":0,"gold_gain":0,"player_choice":"Forge","damage_taken":0,"max_hp_gain":0,"max_hp_loss":0,"event_name":"Accursed Blacksmith","floor":5,"gold_loss":0,"cards_upgraded":["Pommel Strike"]},{"damage_healed":0,"gold_gain":0,"player_choice":"Fight","damage_taken":0,"max_hp_gain":0,"max_hp_loss":0,"event_name":"Mysterious Sphere","floor":36,"gold_loss":0},{"damage_healed":0,"gold_gain":0,"player_choice":"Memory 2","damage_taken":5,"max_hp_gain":0,"max_hp_loss":0,"event_name":"SensoryStone","floor":39,"gold_loss":0},{"damage_healed":125,"gold_gain":0,"player_choice":"Heal","damage_taken":0,"max_hp_gain":0,"max_hp_loss":18,"event_name":"The Moai Head","floor":41,"gold_loss":0},{"damage_healed":0,"gold_gain":0,"player_choice":"Leave","damage_taken":0,"max_hp_gain":0,"max_hp_loss":0,"event_name":"FaceTrader","floor":45,"gold_loss":0}],"is_beta":false,"boss_relics":[{"not_picked":["Calling Bell","Orrery"],"picked":"Coffee Dripper"},{"not_picked":["Runic Dome","Velvet Choker"],"picked":"Black Blood"}],"items_purged_floors":[],"is_endless":false,"potions_floor_spawned":[1,8,10,12,16,18,20,24,28,29,33,38,44,46],"ascension_level":0}