{"gold_per_floor":[118,128,146,4,4,36,36,62,62,62,62,97,129,159,171,257,269,296,223,17,17,29,58,58,68,68,86,86,6,6,33,33,107,107,119,119,119,13,26,26],"floor_reached":40,"playtime":2608,"items_purged":[],"score":844,"play_id":"dc06073f-82f6-43fc-8b21-f2b9a437672a","local_time":"20190608083505","is_ascension_mode":true,"campfire_choices":[{"data":"Crippling Poison","floor":7.0,"key":"SMITH"},{"floor":11.0,"key":"REST"},{"data":"Caltrops","floor":15.0,"key":"SMITH"},{"floor":24.0,"key":"REST"},{"floor":28.0,"key":"REST"},{"data":"Noxious Fumes","floor":32.0,"key":"SMITH"}],"neow_cost":"NONE","seed_source_timestamp":831606733841879,"circlet_count":0,"master_deck":["AscendersBane","Strike_G","Strike_G","Defend_G","Defend_G","Defend_G","Defend_G","Defend_G","Survivor","Neutralize","Leg Sweep","PiercingWail","Heel Hook","Crippling Poison+1","Flying Knee+1","Unload","Caltrops+1","Poisoned Stab","Glass Knife+1","Well Laid Plans","Deadly Poison+1","Setup+1","Backflip+1","Catalyst","Noxious Fumes+1","Venomology","Thinking Ahead","Dark Shackles","Panacea","Acrobatics+1"],"special_seed":0,"relics":["White Beast Statue","Potion Belt","Bottled Lightning","MawBank","Empty Cage","Pantograph","Lee\u0027s Waffle","Whetstone","Sundial","Red Mask","Fusion Hammer","Question Card"],"potions_floor_usage":[39],"damage_taken":[{"damage":1.0,"enemies":"Small Slimes","floor":1.0,"turns":4.0},{"damage":2.0,"enemies":"Cultist","floor":2.0,"turns":6.0},{"damage":2.0,"enemies":"2 Louse","floor":3.0,"turns":4.0},{"damage":28.0,"enemies":"Gremlin Nob","floor":6.0,"turns":5.0},{"damage":20.0,"enemies":"Lagavulin","floor":8.0,"turns":10.0},{"damage":7.0,"enemies":"3 Sentries","floor":12.0,"turns":4.0},{"damage":3.0,"enemies":"Looter","floor":13.0,"turns":3.0},{"damage":1.0,"enemies":"Large Slime","floor":14.0,"turns":7.0},{"damage":12.0,"enemies":"The Guardian","floor":16.0,"turns":10.0},{"damage":15.0,"enemies":"Shell Parasite","floor":18.0,"turns":5.0},{"damage":20.0,"enemies":"Colosseum Slavers","floor":21.0,"turns":4.0},{"damage":22.0,"enemies":"Spheric Guardian","floor":22.0,"turns":6.0},{"damage":16.0,"enemies":"Gremlin Leader","floor":23.0,"turns":7.0},{"damage":10.0,"enemies":"Snake Plant","floor":25.0,"turns":4.0},{"damage":0.0,"enemies":"Cultist and Chosen","floor":27.0,"turns":5.0},{"damage":8.0,"enemies":"Masked Bandits","floor":31.0,"turns":3.0},{"damage":48.0,"enemies":"Collector","floor":33.0,"turns":7.0},{"damage":32.0,"enemies":"3 Darklings","floor":35.0,"turns":4.0},{"damage":10,"enemies":"Orb Walker","floor":39,"turns":5},{"damage":22,"enemies":"Nemesis","floor":40,"turns":3}],"seed_played":"-8445901140175676832","potions_obtained":[{"floor":1.0,"key":"PowerPotion"},{"floor":2.0,"key":"Regen Potion"},{"floor":3.0,"key":"GhostInAJar"},{"floor":6.0,"key":"GhostInAJar"},{"floor":8.0,"key":"Fire Potion"},{"floor":12.0,"key":"Fire Potion"},{"floor":13.0,"key":"Fire Potion"},{"floor":14.0,"key":"Strength Potion"},{"floor":16.0,"key":"AttackPotion"},{"floor":18.0,"key":"SkillPotion"},{"floor":22.0,"key":"Block Potion"},{"floor":23.0,"key":"SteroidPotion"},{"floor":25.0,"key":"PowerPotion"},{"floor":27.0,"key":"Weak Potion"},{"floor":31.0,"key":"SteroidPotion"},{"floor":33.0,"key":"Strength Potion"},{"floor":35.0,"key":"Swift Potion"},{"floor":39,"key":"Explosive Potion"}],"is_trial":false,"path_per_floor":["M","M","M","$","?","E","R","E","T","?","R","E","M","M","R","B",null,"M","?","$","?","M","E","R","M","T","M","R","$","?","?","R","B",null,"M","?","?","$","M","E"],"character_chosen":"THE_SILENT","items_purchased":["Crippling Poison","Flying Knee","Lee\u0027s Waffle","Ancient Potion","SpeedPotion","Explosive Potion"],"campfire_rested":3,"item_purchase_floors":[4,4,20,29,38,38],"current_hp_per_floor":[58,56,66,66,59,31,31,11,11,11,30,23,20,19,19,7,51,36,36,73,53,31,15,36,26,26,26,47,47,47,39,39,16,59,27,17,17,17,7,0],"gold":26,"neow_bonus":"BOSS_RELIC","is_prod":false,"is_daily":false,"chose_seed":false,"campfire_upgraded":3,"win_rate":0,"timestamp":1560008105,"path_taken":["M","M","M","$","?","E","R","E","T","?","R","E","M","M","R","BOSS","M","?","$","?","M","E","R","M","T","M","R","$","?","?","R","BOSS","M","?","?","$","?","E"],"build_version":"2019-06-05","purchased_purges":0,"victory":false,"max_hp_per_floor":[66,66,66,66,66,66,66,66,66,66,66,66,66,66,66,66,66,66,66,73,73,73,73,73,73,73,73,73,73,73,73,73,73,73,73,73,73,73,73,73],"card_choices":[{"not_picked":["Slice","Footwork"],"picked":"Leg Sweep","floor":1.0},{"not_picked":["Terror","Dodge and Roll"],"picked":"PiercingWail","floor":2.0},{"not_picked":["PiercingWail","Calculated Gamble"],"picked":"Heel Hook","floor":3.0},{"not_picked":["Bane","Slice"],"picked":"Unload","floor":6.0},{"not_picked":["Underhanded Strike","Riddle With Holes","Blade Dance"],"picked":"SKIP","floor":8.0},{"not_picked":["Deflect","Blade Dance"],"picked":"Caltrops","floor":12.0},{"not_picked":["Heel Hook","Underhanded Strike"],"picked":"Poisoned Stab","floor":13.0},{"not_picked":["Dagger Throw","Acrobatics","Terror"],"picked":"SKIP","floor":14.0},{"not_picked":["Venomology","Night Terror"],"picked":"Glass Knife","floor":16.0},{"not_picked":["Tactician","Dagger Throw"],"picked":"Well Laid Plans","floor":18.0},{"not_picked":["Caltrops","Well Laid Plans"],"picked":"Deadly Poison+1","floor":22.0},{"not_picked":["Night Terror","Sucker Punch"],"picked":"Setup+1","floor":23.0},{"not_picked":["Skewer","Quick Slash"],"picked":"Backflip+1","floor":25.0},{"not_picked":["Flying Knee+1","Calculated Gamble"],"picked":"Catalyst","floor":27.0},{"not_picked":["Envenom","Doppelganger"],"picked":"Venomology","floor":33.0},{"not_picked":["Underhanded Strike","Outmaneuver","Deadly Poison"],"picked":"SKIP","floor":35.0},{"not_picked":["Panacea","Good Instincts"],"picked":"Thinking Ahead","floor":36},{"not_picked":["Thinking Ahead","Blind"],"picked":"Dark Shackles","floor":36},{"not_picked":["Good Instincts","Madness"],"picked":"Panacea","floor":36},{"not_picked":["Flying Knee","Blade Dance","Backflip"],"picked":"Acrobatics+1","floor":39}],"player_experience":1619154,"relics_obtained":[{"floor":6.0,"key":"Potion Belt"},{"floor":8.0,"key":"Bottled Lightning"},{"floor":12.0,"key":"MawBank"},{"floor":23.0,"key":"Whetstone"},{"floor":26.0,"key":"Sundial"},{"floor":31.0,"key":"Red Mask"}],"event_choices":[{"cards_removed":["Strike_G"],"damage_healed":0.0,"max_hp_gain":0.0,"max_hp_loss":0.0,"gold_gain":0.0,"event_name":"Golden Wing","player_choice":"Card Removal","floor":5.0,"gold_loss":0.0,"damage_taken":7.0},{"damage_healed":0.0,"max_hp_gain":0.0,"max_hp_loss":0.0,"gold_gain":0.0,"event_name":"FaceTrader","player_choice":"Leave","floor":10.0,"gold_loss":0.0,"damage_taken":0.0},{"damage_healed":0.0,"max_hp_gain":0.0,"max_hp_loss":0.0,"gold_gain":0.0,"event_name":"Addict","player_choice":"Obtained Relic","floor":19.0,"gold_loss":85.0,"damage_taken":0.0,"relics_obtained":["Pantograph"]},{"damage_healed":0.0,"max_hp_gain":0.0,"max_hp_loss":0.0,"gold_gain":0.0,"event_name":"Colosseum","player_choice":"Fight","floor":21.0,"gold_loss":0.0,"damage_taken":0.0},{"damage_healed":0.0,"max_hp_gain":0.0,"max_hp_loss":0.0,"gold_gain":0.0,"event_name":"Colosseum","player_choice":"Fled From Nobs","floor":21.0,"gold_loss":0.0,"damage_taken":0.0},{"damage_healed":0.0,"max_hp_gain":0.0,"max_hp_loss":0.0,"gold_gain":0.0,"event_name":"The Library","player_choice":"Read","floor":30.0,"gold_loss":0.0,"damage_taken":0.0,"cards_obtained":["Noxious Fumes"]},{"damage_healed":0.0,"max_hp_gain":0.0,"max_hp_loss":0.0,"gold_gain":0.0,"event_name":"Masked Bandits","player_choice":"Fought Bandits","floor":31.0,"gold_loss":0.0,"damage_taken":0.0},{"damage_healed":0,"gold_gain":0,"player_choice":"Memory 3","damage_taken":10,"max_hp_gain":0,"max_hp_loss":0,"event_name":"SensoryStone","floor":36,"gold_loss":0},{"damage_healed":0,"gold_gain":0,"player_choice":"Gave Potion","damage_taken":0,"relics_obtained":["Question Card"],"max_hp_gain":0,"max_hp_loss":0,"event_name":"WeMeetAgain","floor":37,"gold_loss":0}],"is_beta":true,"boss_relics":[{"not_picked":["WristBlade","Tiny House"],"picked":"Empty Cage"},{"not_picked":["Philosopher\u0027s Stone","Runic Pyramid"],"picked":"Fusion Hammer"}],"items_purged_floors":[],"is_endless":false,"potions_floor_spawned":[1,2,3,6,8,12,13,14,16,18,21,22,23,25,27,31,33,35,39],"killed_by":"Nemesis","ascension_level":20}