{"gold_per_floor":[115,115,134,187,187,187,215,233,233,233,251,263,283,311,311,411,411,428,447,459,558,658,658,677,677,757,757,770,770,781,781,781,781],"floor_reached":33,"playtime":1371,"items_purged":[],"score":285,"play_id":"7e139eb6-a691-4057-b7cc-740d93b55a43","local_time":"20190413231452","is_ascension_mode":true,"campfire_choices":[{"data":"Searing Blow+1","floor":6,"key":"SMITH"},{"data":"Searing Blow+2","floor":10,"key":"SMITH"},{"data":"Searing Blow+3","floor":15,"key":"SMITH"},{"floor":23,"key":"REST"},{"data":"Searing Blow+4","floor":25,"key":"SMITH"},{"data":"Searing Blow+5","floor":27,"key":"SMITH"},{"data":"Searing Blow+6","floor":29,"key":"SMITH"},{"data":"Searing Blow+7","floor":32,"key":"SMITH"}],"neow_cost":"NONE","seed_source_timestamp":102719495600554,"circlet_count":0,"master_deck":["Strike_R","Strike_R","Strike_R","Strike_R","Strike_R","Defend_R","Defend_R","Defend_R","Defend_R","Bash","Armaments","Searing Blow+8","Pommel Strike","Armaments","Offering","Headbutt","Offering","Headbutt","Armaments+1","Pommel Strike+1","Warcry+1"],"relics":["Burning Blood","Red Skull","Du-Vu Doll","The Courier","Orrery","Pocketwatch","Toxic Egg 2","Matryoshka"],"potions_floor_usage":[7,13,20,30,30,33],"damage_taken":[{"damage":1,"enemies":"2 Louse","floor":1,"turns":2},{"damage":0,"enemies":"Small Slimes","floor":3,"turns":5},{"damage":35,"enemies":"Lagavulin","floor":7,"turns":8},{"damage":12,"enemies":"Jaw Worm","floor":8,"turns":2},{"damage":7,"enemies":"Looter","floor":11,"turns":3},{"damage":0,"enemies":"2 Fungi Beasts","floor":12,"turns":5},{"damage":6,"enemies":"Exordium Wildlife","floor":13,"turns":4},{"damage":23,"enemies":"3 Sentries","floor":14,"turns":9},{"damage":45,"enemies":"The Guardian","floor":16,"turns":7},{"damage":6,"enemies":"Spheric Guardian","floor":18,"turns":2},{"damage":31,"enemies":"3 Byrds","floor":19,"turns":5},{"damage":26,"enemies":"Centurion and Healer","floor":20,"turns":5},{"damage":17,"enemies":"Colosseum Slavers","floor":22,"turns":3},{"damage":30,"enemies":"Colosseum Nobs","floor":22,"turns":4},{"damage":19,"enemies":"Sentry and Sphere","floor":24,"turns":4},{"damage":16,"enemies":"Snecko","floor":28,"turns":3},{"damage":0,"enemies":"Centurion and Healer","floor":30,"turns":3},{"damage":32,"enemies":"Collector","floor":33,"turns":6}],"seed_played":"1625554035847448064","potions_obtained":[{"floor":3,"key":"Fruit Juice"},{"floor":7,"key":"Weak Potion"},{"floor":11,"key":"BloodPotion"},{"floor":22,"key":"LiquidBronze"},{"floor":24,"key":"FearPotion"},{"floor":28,"key":"Regen Potion"},{"floor":30,"key":"Dexterity Potion"}],"is_trial":false,"path_per_floor":["M","?","M","?","?","R","E","M","T","R","M","M","M","E","R","B",null,"M","M","M","?","?","R","M","R","T","R","M","R","M","?","R","B"],"character_chosen":"IRONCLAD","items_purchased":[],"campfire_rested":1,"item_purchase_floors":[],"current_hp_per_floor":[80,85,85,85,85,85,61,55,55,55,54,60,69,52,52,13,90,90,65,45,45,10,37,24,24,24,24,14,14,29,29,29,0],"gold":781,"neow_bonus":"RANDOM_COMMON_RELIC","is_prod":false,"is_daily":false,"chose_seed":false,"campfire_upgraded":7,"win_rate":0,"timestamp":1555211692,"path_taken":["M","?","M","?","?","R","E","M","T","R","M","M","?","E","R","BOSS","M","M","M","?","?","R","M","R","T","R","M","R","M","?","R","BOSS"],"build_version":"2019-01-23","purchased_purges":0,"victory":false,"max_hp_per_floor":[80,85,85,85,85,85,90,90,90,90,90,90,90,90,90,90,90,90,90,90,90,90,90,90,90,90,90,90,90,90,90,90,90],"card_choices":[{"not_picked":["True Grit","Iron Wave"],"picked":"Armaments","floor":1},{"not_picked":["Iron Wave","Perfected Strike"],"picked":"Searing Blow","floor":3},{"not_picked":["True Grit","Combust"],"picked":"Pommel Strike","floor":7},{"not_picked":["Clothesline","Perfected Strike"],"picked":"Armaments","floor":8},{"not_picked":["Heavy Blade","Twin Strike","Havoc"],"picked":"SKIP","floor":11},{"not_picked":["Pommel Strike","Sword Boomerang"],"picked":"Offering","floor":12},{"not_picked":["Wild Strike","Second Wind"],"picked":"Headbutt","floor":13},{"not_picked":["Iron Wave","Flame Barrier","Clash"],"picked":"SKIP","floor":14},{"not_picked":["Barricade","Limit Break"],"picked":"Offering","floor":16},{"not_picked":["Wild Strike","Sword Boomerang"],"picked":"Headbutt","floor":17},{"not_picked":["Flex","Shockwave"],"picked":"Armaments+1","floor":18},{"not_picked":["Dropkick","Flame Barrier+1","Bloodletting"],"picked":"SKIP","floor":19},{"not_picked":["Twin Strike","Rage"],"picked":"Pommel Strike+1","floor":20},{"not_picked":["Feed","Searing Blow+1"],"picked":"Warcry+1","floor":22},{"not_picked":["Body Slam","Armaments+1","Wild Strike+1"],"picked":"SKIP","floor":24},{"not_picked":["Dual Wield+1","Clash+1","Uppercut+1"],"picked":"SKIP","floor":28},{"not_picked":["Combust+1","Anger","Ghostly Armor+1"],"picked":"SKIP","floor":30}],"player_experience":140792,"relics_obtained":[{"floor":7,"key":"Du-Vu Doll"},{"floor":14,"key":"The Courier"},{"floor":22,"key":"Pocketwatch"},{"floor":22,"key":"Toxic Egg 2"},{"floor":26,"key":"Matryoshka"}],"event_choices":[{"damage_healed":0,"gold_gain":0,"player_choice":"Donut","damage_taken":0,"max_hp_gain":5,"max_hp_loss":0,"event_name":"Big Fish","floor":2,"gold_loss":0},{"damage_healed":0,"gold_gain":53,"player_choice":"Gained Gold","damage_taken":0,"max_hp_gain":0,"max_hp_loss":0,"event_name":"Golden Wing","floor":4,"gold_loss":0},{"damage_healed":0,"gold_gain":0,"player_choice":"Grow","damage_taken":0,"max_hp_gain":0,"max_hp_loss":0,"event_name":"Living Wall","floor":5,"gold_loss":0,"cards_upgraded":["Searing Blow"]},{"damage_healed":0,"gold_gain":99,"player_choice":"Stole From Cult","damage_taken":0,"max_hp_gain":0,"max_hp_loss":0,"event_name":"Nest","floor":21,"gold_loss":0},{"damage_healed":0,"gold_gain":0,"player_choice":"Fight","damage_taken":0,"max_hp_gain":0,"max_hp_loss":0,"event_name":"Colosseum","floor":22,"gold_loss":0},{"damage_healed":0,"gold_gain":0,"player_choice":"Fought Nobs","damage_taken":0,"max_hp_gain":0,"max_hp_loss":0,"event_name":"Colosseum","floor":22,"gold_loss":0},{"damage_healed":0,"gold_gain":0,"player_choice":"Ignored","damage_taken":0,"max_hp_gain":0,"max_hp_loss":0,"event_name":"Vampires","floor":31,"gold_loss":0}],"is_beta":false,"boss_relics":[{"not_picked":["Runic Dome","Eternal Feather"],"picked":"Orrery"}],"items_purged_floors":[],"is_endless":false,"potions_floor_spawned":[3,7,11,22,24,28,30],"killed_by":"Collector","ascension_level":2}