{"gold_per_floor":[162,112,37,51,69,69,80,99,125,125,139,139,139,139],"floor_reached":14,"playtime":705,"items_purged":["Strike_B"],"score":94,"play_id":"907a87a6-9ace-4e4c-85dd-e40b83aef78e","local_time":"20180926144517","is_ascension_mode":true,"campfire_choices":[{"data":"Defragment","floor":6,"key":"SMITH"},{"floor":13,"key":"REST"}],"neow_cost":"NONE","seed_source_timestamp":397799529412373,"circlet_count":0,"master_deck":["Strike_B","Strike_B","Defend_B","Defend_B","Defend_B","Defend_B","Zap","Dualcast+1","Defragment+1","Redo","Beam Cell","Loop","Leap","Redo","Regret","BootSequence"],"relics":["Tiny House","Happy Flower","Smiling Mask"],"potions_floor_usage":[14],"damage_taken":[{"damage":2,"enemies":"Jaw Worm","floor":1,"turns":3},{"damage":10,"enemies":"Small Slimes","floor":4,"turns":4},{"damage":1,"enemies":"Cultist","floor":5,"turns":3},{"damage":32,"enemies":"3 Louse","floor":7,"turns":4},{"damage":6,"enemies":"Blue Slaver","floor":8,"turns":4},{"damage":20,"enemies":"Gremlin Gang","floor":11,"turns":5},{"damage":29,"enemies":"Exordium Wildlife","floor":14,"turns":5}],"seed_played":"-4240014008282778205","potions_obtained":[{"floor":0,"key":"Ancient Potion"},{"floor":1,"key":"Ancient Potion"},{"floor":7,"key":"Ancient Potion"},{"floor":11,"key":"SteroidPotion"}],"is_trial":false,"path_per_floor":["M","?","$","M","M","R","M","M","T","?","M","?","R"],"character_chosen":"DEFECT","items_purchased":[],"campfire_rested":1,"item_purchase_floors":[],"current_hp_per_floor":[78,78,78,68,67,67,35,29,29,29,9,2,26,0],"gold":139,"neow_bonus":"BOSS_RELIC","is_prod":false,"is_daily":false,"chose_seed":false,"campfire_upgraded":1,"win_rate":0,"timestamp":1537994717,"path_taken":["M","?","$","M","M","R","M","M","T","?","?","?","R","?"],"build_version":"2018-09-20","purchased_purges":1,"victory":false,"max_hp_per_floor":[80,80,80,80,80,80,80,80,80,80,80,80,80,80],"card_choices":[{"not_picked":["Undo","Beam Cell"],"picked":"Defragment","floor":0},{"not_picked":["Leap","Hologram"],"picked":"Redo","floor":1},{"not_picked":["Rebound","Darkness"],"picked":"Beam Cell","floor":4},{"not_picked":["Leap","BootSequence"],"picked":"Loop","floor":5},{"not_picked":["Compile Driver","Barrage"],"picked":"Leap","floor":7},{"not_picked":["Steam","Self Repair"],"picked":"Redo","floor":8},{"not_picked":["Reinforced Body","Leap"],"picked":"BootSequence","floor":11}],"player_experience":89394,"relics_obtained":[{"floor":9,"key":"Happy Flower"}],"event_choices":[{"event_name":"The Cleric","player_choice":"Card Removal","floor":2,"damage_taken":0},{"event_name":"Big Fish","player_choice":"Box","floor":10,"damage_taken":0},{"event_name":"Scrap Ooze","player_choice":"unsuccessful","floor":12,"damage_taken":7}],"is_beta":false,"boss_relics":[],"items_purged_floors":[3],"is_endless":false,"potions_floor_spawned":[1,7,11],"killed_by":"Exordium Wildlife","ascension_level":3}