{"gold_per_floor":[115,128,128,144,20,20,20,38,38,38,55,55,55,75,75,177,177,192,192,203,203],"floor_reached":21,"playtime":960,"items_purged":[],"score":221,"play_id":"91df1dad-77c2-4b72-becc-538743054671","local_time":"20181031004059","is_ascension_mode":false,"campfire_choices":[{"data":"Body Slam","floor":6,"key":"SMITH"},{"data":"Rampage","floor":13,"key":"SMITH"},{"floor":15,"key":"REST"}],"neow_cost":"NONE","seed_source_timestamp":25850427427927,"circlet_count":0,"master_deck":["Strike_R","Strike_R","Strike_R","Strike_R","Strike_R","Defend_R+1","Defend_R","Defend_R","Defend_R","Bash","Pommel Strike+1","Body Slam+1","Rampage+1","Anger","Iron Wave","Feed","Body Slam","Metallicize"],"relics":["Burning Blood","Singing Bowl","Meat on the Bone","Orrery"],"potions_floor_usage":[16,20,21],"damage_taken":[{"damage":1,"enemies":"Cultist","floor":1,"turns":3},{"damage":4,"enemies":"2 Louse","floor":2,"turns":3},{"damage":6,"enemies":"Jaw Worm","floor":4,"turns":3},{"damage":22,"enemies":"3 Louse","floor":8,"turns":4},{"damage":0,"enemies":"Blue Slaver","floor":11,"turns":3},{"damage":2,"enemies":"Looter","floor":14,"turns":3},{"damage":71,"enemies":"The Guardian","floor":16,"turns":12},{"damage":37,"enemies":"Shell Parasite","floor":18,"turns":6},{"damage":30,"enemies":"Spheric Guardian","floor":20,"turns":6},{"damage":75,"enemies":"3 Cultists","floor":21,"turns":7}],"seed_played":"2141532416305204652","potions_obtained":[{"floor":1,"key":"Weak Potion"},{"floor":11,"key":"SkillPotion"},{"floor":18,"key":"BloodPotion"}],"is_trial":false,"path_per_floor":["M","M","?","M","$","R","?","M","T","?","M","$","R","M","R","B",null,"M","?","M"],"character_chosen":"IRONCLAD","items_purchased":["Rampage","Anger"],"campfire_rested":1,"item_purchase_floors":[5,5],"current_hp_per_floor":[88,88,81,83,83,83,88,72,72,53,61,61,61,67,96,43,105,79,79,71,0],"gold":203,"neow_bonus":"TEN_PERCENT_HP_BONUS","is_prod":false,"is_daily":false,"chose_seed":false,"campfire_upgraded":2,"win_rate":0,"timestamp":1540935659,"path_taken":["M","M","?","M","$","R","?","?","T","?","?","?","R","M","R","BOSS","M","?","M","M"],"build_version":"2018-10-25v2","purchased_purges":0,"victory":false,"max_hp_per_floor":[88,88,88,90,90,90,95,95,95,95,97,97,97,99,99,99,105,110,110,115,118],"card_choices":[{"not_picked":["Dual Wield","Headbutt"],"picked":"Pommel Strike","floor":1},{"not_picked":["Inflame","Cleave"],"picked":"Body Slam","floor":2},{"not_picked":["Clash","Perfected Strike","Clothesline"],"picked":"Singing Bowl","floor":4},{"not_picked":["Thunderclap","Clothesline"],"picked":"Iron Wave","floor":8},{"not_picked":["Second Wind","Havoc","Heavy Blade"],"picked":"Singing Bowl","floor":11},{"not_picked":["Clash","Battle Trance","Cleave"],"picked":"Singing Bowl","floor":14},{"not_picked":["Demon Form","Fiend Fire"],"picked":"Feed","floor":16},{"not_picked":["Cleave","Battle Trance"],"picked":"Body Slam","floor":17},{"not_picked":["Flex","Power Through"],"picked":"Metallicize","floor":17},{"not_picked":["Cleave","Wild Strike","Armaments"],"picked":"Singing Bowl","floor":17},{"not_picked":["Headbutt","Reckless Charge","Twin Strike"],"picked":"Singing Bowl","floor":17},{"not_picked":["Cleave","Ghostly Armor","Sword Boomerang"],"picked":"Singing Bowl","floor":17},{"not_picked":["Offering","Heavy Blade","Cleave"],"picked":"Singing Bowl","floor":18},{"not_picked":["Power Through","Warcry","Wild Strike"],"picked":"Singing Bowl","floor":20}],"player_experience":236180,"relics_obtained":[{"floor":9,"key":"Meat on the Bone"}],"event_choices":[{"damage_healed":0,"gold_gain":0,"player_choice":"Success","damage_taken":7,"relics_obtained":["Singing Bowl"],"max_hp_gain":0,"max_hp_loss":0,"event_name":"Scrap Ooze","floor":3,"gold_loss":0},{"damage_healed":0,"gold_gain":0,"player_choice":"Donut","damage_taken":0,"max_hp_gain":5,"max_hp_loss":0,"event_name":"Big Fish","floor":7,"gold_loss":0},{"damage_healed":0,"gold_gain":0,"player_choice":"Entered Light","damage_taken":19,"max_hp_gain":0,"max_hp_loss":0,"event_name":"Shining Light","floor":10,"gold_loss":0,"cards_upgraded":["Pommel Strike","Defend_R"]},{"damage_healed":0,"gold_gain":0,"player_choice":"Ignored","damage_taken":0,"max_hp_gain":0,"max_hp_loss":0,"event_name":"Ghosts","floor":19,"gold_loss":0}],"is_beta":false,"boss_relics":[{"not_picked":["White Beast Statue","Coffee Dripper"],"picked":"Orrery"}],"items_purged_floors":[],"is_endless":false,"potions_floor_spawned":[1,11,18],"killed_by":"3 Cultists","ascension_level":0}