{"gold_per_floor":[214,214,232,252,135,135,115,125,125,152,152,170,195,136,136,136],"floor_reached":16,"playtime":448,"items_purged":["Strike_R"],"score":200,"play_id":"88d8546f-f9c3-4202-b529-6c09098c415e","local_time":"20190527182008","is_ascension_mode":true,"campfire_choices":[{"data":"Searing Blow","floor":6,"key":"SMITH"},{"data":"Searing Blow+1","floor":11,"key":"SMITH"},{"data":"Searing Blow+2","floor":15,"key":"SMITH"}],"neow_cost":"NONE","seed_source_timestamp":1605446777135691,"circlet_count":0,"master_deck":["AscendersBane","Strike_R","Strike_R","Strike_R","Defend_R","Defend_R","Defend_R","Defend_R","Bash","Uppercut","Searing Blow+3","Metallicize","Battle Trance","Double Tap"],"relics":["Burning Blood","Gremlin Horn","Odd Mushroom","Juzu Bracelet"],"potions_floor_usage":[8,10,16,16],"damage_taken":[{"damage":7,"enemies":"2 Louse","floor":1,"turns":3},{"damage":6,"enemies":"Cultist","floor":3,"turns":3},{"damage":9,"enemies":"Jaw Worm","floor":4,"turns":4},{"damage":12,"enemies":"Gremlin Gang","floor":8,"turns":4},{"damage":25,"enemies":"The Mushroom Lair","floor":10,"turns":4},{"damage":4,"enemies":"Blue Slaver","floor":12,"turns":5},{"damage":24,"enemies":"Lagavulin","floor":13,"turns":5},{"damage":34,"enemies":"Slime Boss","floor":16,"turns":7}],"seed_played":"-5995561526637080225","potions_obtained":[{"floor":4,"key":"EssenceOfSteel"},{"floor":7,"key":"Fire Potion"},{"floor":8,"key":"BloodPotion"},{"floor":10,"key":"Dexterity Potion"}],"is_trial":false,"path_per_floor":["M","?","M","M","$","R","?","M","T","?","R","M","E","?","R","B"],"character_chosen":"IRONCLAD","items_purchased":["Searing Blow"],"campfire_rested":0,"item_purchase_floors":[5],"current_hp_per_floor":[67,67,67,64,64,64,64,58,58,46,46,48,30,30,30,0],"gold":136,"neow_bonus":"HUNDRED_GOLD","is_prod":false,"is_daily":false,"chose_seed":false,"campfire_upgraded":3,"win_rate":0,"timestamp":1558995608,"path_taken":["M","?","?","M","$","R","?","?","T","?","R","M","E","?","R","BOSS"],"build_version":"2019-01-23","purchased_purges":1,"victory":false,"max_hp_per_floor":[75,75,75,75,75,75,75,75,75,75,75,75,75,75,75,75],"card_choices":[{"not_picked":["Sword Boomerang","Shrug It Off"],"picked":"Uppercut","floor":1},{"not_picked":["Body Slam","Pommel Strike","Wild Strike"],"picked":"SKIP","floor":3},{"not_picked":["Seeing Red","Twin Strike","Iron Wave"],"picked":"SKIP","floor":4},{"not_picked":["Sword Boomerang","Second Wind"],"picked":"Metallicize","floor":8},{"not_picked":["Entrench","Sword Boomerang"],"picked":"Battle Trance","floor":10},{"not_picked":["Flex","Wild Strike"],"picked":"Double Tap","floor":12},{"not_picked":["Inflame","Bloodletting","Immolate"],"picked":"SKIP","floor":13}],"player_experience":516691,"relics_obtained":[{"floor":9,"key":"Gremlin Horn"},{"floor":10,"key":"Odd Mushroom"},{"floor":13,"key":"Juzu Bracelet"}],"event_choices":[{"cards_removed":["Strike_R"],"damage_healed":0,"gold_gain":0,"player_choice":"Offered Basic","damage_taken":0,"max_hp_gain":0,"max_hp_loss":0,"event_name":"Bonfire Elementals","floor":2,"gold_loss":0},{"damage_healed":0,"gold_gain":0,"player_choice":"Bought 1 Potion","damage_taken":0,"max_hp_gain":0,"max_hp_loss":0,"event_name":"The Woman in Blue","floor":7,"gold_loss":0},{"damage_healed":0,"gold_gain":0,"player_choice":"Fought Mushrooms","damage_taken":0,"max_hp_gain":0,"max_hp_loss":0,"event_name":"Mushrooms","floor":10,"gold_loss":0},{"damage_healed":0,"gold_gain":0,"player_choice":"Left Gold","damage_taken":0,"max_hp_gain":0,"max_hp_loss":0,"event_name":"World of Goop","floor":14,"gold_loss":59}],"is_beta":false,"boss_relics":[],"items_purged_floors":[5],"is_endless":false,"potions_floor_spawned":[4,8,10,12,13],"killed_by":"Slime Boss","ascension_level":20}