{"gold_per_floor":[119,130,144,144,162,162,193,193,193,193,211,211,239,314,314,409,409,419,419,436,452,136,170,170,170,197,97,124,124,124,138,138,234,234,249,249,249,267,280,280,295,330,355,112,112,112,128,26,26,26],"floor_reached":51,"playtime":7059,"items_purged":["Strike_G","Defend_G","Bite+1"],"score":673,"play_id":"46008038-32f6-457a-a202-b6105fed1919","local_time":"20180924104925","is_ascension_mode":false,"campfire_choices":[{"data":"Noxious Fumes","floor":6.0,"key":"SMITH"},{"data":"Cloak And Dagger","floor":8.0,"key":"SMITH"},{"floor":10.0,"key":"REST"},{"data":"Prepared","floor":12.0,"key":"SMITH"},{"floor":15.0,"key":"REST"},{"floor":24,"key":"REST"},{"data":"Blur","floor":30,"key":"SMITH"},{"data":"Chrysalis","floor":32,"key":"SMITH"},{"floor":40,"key":"REST"},{"data":"Footwork","floor":49,"key":"SMITH"}],"neow_cost":"NONE","seed_source_timestamp":0,"circlet_count":0,"master_deck":["Defend_G+1","Defend_G+1","Defend_G+1","Survivor+1","Neutralize+1","Noxious Fumes+1","Cloak And Dagger+1","Die Die Die+1","Prepared+1","Quick Slash+1","Blur+1","After Image+1","Cloak And Dagger+1","Blur+1","Blade Dance+1","Calculated Gamble+1","Caltrops+1","Chrysalis+1","Calculated Gamble+1","Bite+1","Bite+1","Poisoned Stab+1","After Image+1","Slice+1","Deflect+1","Adrenaline","Slice","Finisher","Footwork+1","Jack Of All Trades","Trip","Footwork+1","Backflip"],"special_seed":0,"relics":["Runic Pyramid","Vajra","Regal Pillow","Matryoshka","Eternal Feather","Bird Faced Urn","PreservedInsect","Boot","Happy Flower","Empty Cage","Mark of the Bloom","Bag of Preparation","Sundial","Blood Vial"],"potions_floor_usage":[23,28,33,50,50,50],"damage_taken":[{"damage":0.0,"enemies":"Jaw Worm","floor":1.0,"turns":4.0},{"damage":0.0,"enemies":"Small Slimes","floor":2.0,"turns":4.0},{"damage":0.0,"enemies":"Cultist","floor":3.0,"turns":4.0},{"damage":0.0,"enemies":"Exordium Wildlife","floor":5.0,"turns":3.0},{"damage":30.0,"enemies":"Gremlin Nob","floor":7.0,"turns":6.0},{"damage":2.0,"enemies":"Looter","floor":11.0,"turns":3.0},{"damage":5.0,"enemies":"Lagavulin","floor":13.0,"turns":7.0},{"damage":15.0,"enemies":"Hexaghost","floor":16.0,"turns":11.0},{"damage":0.0,"enemies":"Spheric Guardian","floor":18.0,"turns":5.0},{"damage":3.0,"enemies":"Chosen","floor":20.0,"turns":7.0},{"damage":26,"enemies":"Snake Plant","floor":21,"turns":5},{"damage":35,"enemies":"Book of Stabbing","floor":23,"turns":7},{"damage":17,"enemies":"Slavers","floor":28,"turns":5},{"damage":0,"enemies":"Cultist and Chosen","floor":31,"turns":7},{"damage":7,"enemies":"Collector","floor":33,"turns":10},{"damage":8,"enemies":"3 Shapes","floor":35,"turns":4},{"damage":7,"enemies":"Orb Walker","floor":38,"turns":5},{"damage":1,"enemies":"4 Shapes","floor":39,"turns":4},{"damage":0,"enemies":"Reptomancer","floor":41,"turns":12},{"damage":5,"enemies":"2 Orb Walkers","floor":42,"turns":5},{"damage":0,"enemies":"Maw","floor":47,"turns":8},{"damage":4,"enemies":"Time Eater","floor":50,"turns":13}],"seed_played":"2122185366840401377","potions_obtained":[{"floor":1.0,"key":"Energy Potion"},{"floor":13.0,"key":"SpeedPotion"},{"floor":16.0,"key":"Fire Potion"},{"floor":21,"key":"Fire Potion"},{"floor":23,"key":"Fire Potion"},{"floor":31,"key":"Poison Potion"},{"floor":33,"key":"SteroidPotion"},{"floor":39,"key":"FairyPotion"},{"floor":41,"key":"LiquidBronze"}],"is_trial":false,"path_per_floor":["M","M","M","?","M","R","E","R","T","R","M","R","E","?","R","B",null,"M","?","M","M","$","E","R","?","T","$","E","$","R","M","R","B",null,"M","?","?","M","M","R","M","E","T","$","?","?","M","$","R","B"],"character_chosen":"THE_SILENT","items_purchased":["Caltrops","Chrysalis","Finisher","Footwork","Strength Potion","Backflip"],"campfire_rested":4,"item_purchase_floors":[22,22,44,44,48,48],"current_hp_per_floor":[70,70,70,56,56,56,26,26,26,62,60,60,55,44,70,55,70,70,70,67,41,41,6,57,49,49,49,42,42,49,49,49,46,49,49,49,49,42,41,41,41,36,36,36,36,36,36,36,36,32],"gold":26,"neow_bonus":"BOSS_RELIC","is_prod":false,"is_daily":false,"chose_seed":false,"campfire_upgraded":6,"win_rate":0.0,"timestamp":1537807765,"path_taken":["M","M","M","?","?","R","E","R","T","R","M","R","E","?","R","BOSS","M","?","M","M","$","E","R","?","T","$","E","$","R","M","R","BOSS","M","?","?","?","M","R","M","E","T","?","?","?","M","$","R","BOSS"],"build_version":"2018-09-20","purchased_purges":3,"victory":true,"max_hp_per_floor":[70,70,70,70,70,70,70,70,70,70,70,70,70,70,70,70,70,70,70,70,70,70,70,70,49,49,49,49,49,49,49,49,49,49,49,49,49,49,49,49,49,49,49,49,49,49,49,49,49,49],"card_choices":[{"not_picked":["Prepared","Flying Knee"],"picked":"Noxious Fumes","floor":1.0},{"not_picked":["Well Laid Plans","Heel Hook"],"picked":"Cloak And Dagger","floor":2.0},{"not_picked":["Quick Slash","Dodge and Roll","Sucker Punch"],"picked":"SKIP","floor":3.0},{"not_picked":["Masterful Stab","Quick Slash"],"picked":"Die Die Die","floor":5.0},{"not_picked":["Terror","Dodge and Roll"],"picked":"Prepared","floor":7.0},{"not_picked":["Well Laid Plans","Footwork"],"picked":"Quick Slash","floor":11.0},{"not_picked":["Cloak And Dagger","Deadly Poison"],"picked":"Blur","floor":13.0},{"not_picked":["Unload","Doppelganger"],"picked":"After Image","floor":16.0},{"not_picked":["Flechettes","Deadly Poison"],"picked":"Cloak And Dagger","floor":18.0},{"not_picked":["Outmaneuver","Acrobatics"],"picked":"Blade Dance+1","floor":20.0},{"not_picked":["Dash+1","Cloak And Dagger"],"picked":"Calculated Gamble+1","floor":21},{"not_picked":["Prepared","Bouncing Flask"],"picked":"Calculated Gamble","floor":23},{"not_picked":["Night Terror","Quick Slash+1","Choke"],"picked":"SKIP","floor":28},{"not_picked":["Riddle With Holes","Flechettes+1"],"picked":"Poisoned Stab","floor":31},{"not_picked":["A Thousand Cuts","Unload"],"picked":"After Image","floor":33},{"not_picked":["Dagger Throw","Deadly Poison"],"picked":"Slice","floor":35},{"not_picked":["Underhanded Strike+1","Dodge and Roll"],"picked":"Deflect+1","floor":38},{"not_picked":["Bouncing Flask+1","Choke+1","Caltrops"],"picked":"SKIP","floor":39},{"not_picked":["Quick Slash+1","Prepared+1"],"picked":"Adrenaline","floor":41},{"not_picked":["Dodge and Roll","Dagger Spray+1"],"picked":"Slice","floor":42},{"not_picked":["Enlightenment","Sadistic Nature"],"picked":"Trip","floor":46},{"not_picked":["Acrobatics","Cloak And Dagger+1"],"picked":"Footwork+1","floor":47}],"player_experience":51516,"relics_obtained":[{"floor":7.0,"key":"Vajra"},{"floor":9.0,"key":"Regal Pillow"},{"floor":13.0,"key":"Matryoshka"},{"floor":23,"key":"Bird Faced Urn"},{"floor":26,"key":"PreservedInsect"},{"floor":26,"key":"Boot"},{"floor":28,"key":"Happy Flower"},{"floor":42,"key":"Bag of Preparation"},{"floor":43,"key":"Sundial"},{"floor":43,"key":"Blood Vial"}],"event_choices":[{"event_name":"Shining Light","player_choice":"Entered Light","floor":4.0,"damage_taken":0.0},{"event_name":"World of Goop","player_choice":"Gather Gold","floor":14.0,"damage_taken":0.0},{"event_name":"The Library","player_choice":"Read","floor":19.0,"damage_taken":0.0},{"event_name":"Vampires","player_choice":"Became a vampire","floor":25,"damage_taken":0},{"event_name":"MindBloom","player_choice":"Upgrade","floor":36,"damage_taken":0},{"event_name":"SecretPortal","player_choice":"Rejected Portal.","floor":37,"damage_taken":0},{"event_name":"Transmorgrifier","player_choice":"Transform","floor":45,"damage_taken":0},{"event_name":"SensoryStone","player_choice":"Memory 1","floor":46,"damage_taken":0}],"is_beta":false,"boss_relics":[{"not_picked":["Lizard Tail","Calling Bell"],"picked":"Eternal Feather"},{"not_picked":["Black Star","Snecko Eye"],"picked":"Empty Cage"}],"items_purged_floors":[22,27,44],"is_endless":false,"potions_floor_spawned":[1,13,16,21,23,31,33,39,41],"ascension_level":0}