{"gold_per_floor":[117,42,42,54,54,85,97,124,159,171,183,195,219,244,256,268],"floor_reached":16,"playtime":410,"items_purged":[],"score":244,"play_id":"e3792af8-0194-4b6b-8b79-52680d519389","local_time":"20190528195445","is_ascension_mode":true,"campfire_choices":[{"data":"Neutralize","floor":7,"key":"SMITH"},{"data":"Deadly Poison","floor":11,"key":"SMITH"},{"floor":15,"key":"REST"}],"neow_cost":"NONE","seed_source_timestamp":1639350096644879,"circlet_count":0,"master_deck":["AscendersBane","Defend_G","Defend_G","Defend_G","Defend_G","Defend_G","Strike_G","Strike_G","Survivor","Neutralize+1","Night Terror","Deadly Poison+1","Noxious Fumes"],"relics":["Ring of the Snake","NeowsBlessing","MawBank","Bag of Marbles"],"potions_floor_usage":[13,16],"damage_taken":[{"damage":0,"enemies":"2 Louse","floor":1,"turns":1},{"damage":0,"enemies":"Jaw Worm","floor":4,"turns":1},{"damage":0,"enemies":"3 Sentries","floor":6,"turns":2},{"damage":16,"enemies":"Cultist","floor":8,"turns":6},{"damage":8,"enemies":"Large Slime","floor":13,"turns":6},{"damage":4,"enemies":"Looter","floor":14,"turns":4},{"damage":55,"enemies":"Slime Boss","floor":16,"turns":10}],"seed_played":"1573275420160899728","potions_obtained":[{"floor":8,"key":"Energy Potion"},{"floor":14,"key":"LiquidBronze"}],"is_trial":false,"path_per_floor":["M","?","?","M","$","E","R","M","T","?","R","?","M","M","R","B"],"character_chosen":"THE_SILENT","items_purchased":[],"campfire_rested":1,"item_purchase_floors":[],"current_hp_per_floor":[59,59,50,50,50,50,50,34,34,34,34,34,26,22,41,0],"gold":268,"neow_bonus":"THREE_ENEMY_KILL","is_prod":false,"is_daily":false,"chose_seed":false,"campfire_upgraded":2,"win_rate":0,"timestamp":1559087685,"path_taken":["M","?","?","M","$","E","R","?","T","?","R","?","M","M","R","BOSS"],"build_version":"2019-01-23","purchased_purges":0,"victory":false,"max_hp_per_floor":[66,66,66,66,66,66,66,66,66,66,66,66,66,66,66,66],"card_choices":[{"not_picked":["Quick Slash","Flying Knee","Slice"],"picked":"SKIP","floor":1},{"not_picked":["Eviscerate","Heel Hook","Flechettes"],"picked":"SKIP","floor":4},{"not_picked":["Finisher","Dagger Throw"],"picked":"Night Terror","floor":6},{"not_picked":["Sucker Punch","Deflect"],"picked":"Deadly Poison","floor":8},{"not_picked":["Slice","Outmaneuver","Sucker Punch"],"picked":"SKIP","floor":13},{"not_picked":["Leg Sweep","Flying Knee"],"picked":"Noxious Fumes","floor":14}],"player_experience":520235,"relics_obtained":[{"floor":6,"key":"MawBank"},{"floor":9,"key":"Bag of Marbles"}],"event_choices":[{"cards_removed":["Strike_G"],"damage_healed":0,"gold_gain":0,"player_choice":"Card Removal","damage_taken":0,"max_hp_gain":0,"max_hp_loss":0,"event_name":"The Cleric","floor":2,"gold_loss":75},{"damage_healed":0,"gold_gain":0,"player_choice":"Damaged","damage_taken":9,"max_hp_gain":0,"max_hp_loss":0,"event_name":"Wheel of Change","floor":3,"gold_loss":0},{"cards_removed":["Strike_G"],"damage_healed":0,"gold_gain":0,"player_choice":"Forget","damage_taken":0,"max_hp_gain":0,"max_hp_loss":0,"event_name":"Living Wall","floor":10,"gold_loss":0},{"cards_removed":["Strike_G"],"damage_healed":0,"gold_gain":0,"player_choice":"Purged","damage_taken":0,"max_hp_gain":0,"max_hp_loss":0,"event_name":"Purifier","floor":12,"gold_loss":0}],"is_beta":false,"boss_relics":[],"items_purged_floors":[],"is_endless":false,"potions_floor_spawned":[8,14],"killed_by":"Slime Boss","ascension_level":19}