{"gold_per_floor":[114,189,189,210,233,233,277,277,277,277,302,321,335,260,260,380,380,401,311,324,337,351,351,451,467,490,503,503,503],"floor_reached":29,"playtime":1570,"items_purged":["Strike_R"],"score":252,"play_id":"b9fa6d27-df1a-4c59-818f-a14b7d454289","local_time":"20190526125628","is_ascension_mode":false,"campfire_choices":[{"data":"Searing Blow","floor":6,"key":"SMITH"},{"data":"Searing Blow+1","floor":8,"key":"SMITH"},{"data":"Searing Blow+2","floor":10,"key":"SMITH"},{"data":"Searing Blow+3","floor":15,"key":"SMITH"},{"data":"Searing Blow+4","floor":23,"key":"SMITH"},{"data":"Searing Blow+5","floor":28,"key":"SMITH"}],"neow_cost":"NONE","seed_source_timestamp":907715427918400,"circlet_count":0,"master_deck":["Strike_R","Strike_R","Strike_R","Defend_R","Defend_R+1","Defend_R","Defend_R","Bash","Searing Blow+6","Pommel Strike","Limit Break","Shrug It Off","Shrug It Off+1"],"relics":["Burning Blood","NeowsBlessing","Golden Idol","Strawberry","Bag of Marbles","Mummified Hand","Lizard Tail","Ancient Tea Set"],"potions_floor_usage":[25,25],"damage_taken":[{"damage":0,"enemies":"Cultist","floor":1,"turns":1},{"damage":0,"enemies":"Jaw Worm","floor":4,"turns":1},{"damage":0,"enemies":"Gremlin Nob","floor":7,"turns":1},{"damage":0,"enemies":"2 Louse","floor":11,"turns":3},{"damage":4,"enemies":"Gremlin Gang","floor":12,"turns":5},{"damage":4,"enemies":"2 Fungi Beasts","floor":13,"turns":3},{"damage":27,"enemies":"Slime Boss","floor":16,"turns":8},{"damage":28,"enemies":"3 Byrds","floor":18,"turns":7},{"damage":6,"enemies":"Chosen","floor":20,"turns":5},{"damage":30,"enemies":"Sentry and Sphere","floor":21,"turns":6},{"damage":29,"enemies":"Chosen and Byrds","floor":22,"turns":6},{"damage":11,"enemies":"Centurion and Healer","floor":25,"turns":6},{"damage":28,"enemies":"Sentry and Sphere","floor":27,"turns":7},{"damage":50,"enemies":"Gremlin Leader","floor":29,"turns":3}],"seed_played":"-6144277627635277690","potions_obtained":[{"floor":1,"key":"Strength Potion"},{"floor":7,"key":"Regen Potion"},{"floor":18,"key":"SpeedPotion"}],"is_trial":false,"path_per_floor":["M","?","?","M","T","R","E","R","T","R","M","M","M","$","R","B",null,"M","?","M","M","M","R","?","M","T","M","R","E"],"character_chosen":"IRONCLAD","items_purchased":[],"campfire_rested":0,"item_purchase_floors":[],"current_hp_per_floor":[80,69,49,55,62,62,68,68,68,68,74,76,78,78,78,57,87,65,65,65,41,18,18,18,28,28,49,49,0],"gold":503,"neow_bonus":"THREE_ENEMY_KILL","is_prod":false,"is_daily":false,"chose_seed":false,"campfire_upgraded":6,"win_rate":0,"timestamp":1558889788,"path_taken":["M","?","?","M","?","R","E","R","T","R","M","M","M","$","R","BOSS","M","?","?","M","M","R","?","M","T","?","R","E"],"build_version":"2019-01-23","purchased_purges":1,"victory":false,"max_hp_per_floor":[80,80,80,80,87,87,87,87,87,87,87,87,87,87,87,87,87,87,87,87,87,87,87,87,87,87,87,87,87],"card_choices":[{"not_picked":["Infernal Blade","Warcry"],"picked":"Searing Blow","floor":1},{"not_picked":["Rage","Searing Blow","Rupture"],"picked":"SKIP","floor":4},{"not_picked":["Perfected Strike","Havoc"],"picked":"Pommel Strike","floor":7},{"not_picked":["Rupture","Perfected Strike","Sever Soul"],"picked":"SKIP","floor":11},{"not_picked":["Twin Strike","Havoc","Iron Wave"],"picked":"SKIP","floor":12},{"not_picked":["Sword Boomerang","Heavy Blade","Twin Strike"],"picked":"SKIP","floor":13},{"not_picked":["Reaper","Dark Embrace"],"picked":"Limit Break","floor":16},{"not_picked":["Clash","Battle Trance"],"picked":"Shrug It Off","floor":18},{"not_picked":["Uppercut+1","Whirlwind"],"picked":"Shrug It Off+1","floor":20},{"not_picked":["Infernal Blade","Power Through","Iron Wave"],"picked":"SKIP","floor":21},{"not_picked":["Rage","Headbutt","Flex"],"picked":"SKIP","floor":22},{"not_picked":["Sword Boomerang","Anger","Clash"],"picked":"SKIP","floor":25},{"not_picked":["Wild Strike","Evolve","Perfected Strike+1"],"picked":"SKIP","floor":27}],"player_experience":918000,"relics_obtained":[{"floor":5,"key":"Strawberry"},{"floor":7,"key":"Bag of Marbles"},{"floor":9,"key":"Mummified Hand"},{"floor":26,"key":"Ancient Tea Set"}],"event_choices":[{"damage_healed":0,"gold_gain":75,"player_choice":"Gather Gold","damage_taken":11,"max_hp_gain":0,"max_hp_loss":0,"event_name":"World of Goop","floor":2,"gold_loss":0},{"damage_healed":0,"gold_gain":0,"player_choice":"Take Damage","damage_taken":20,"relics_obtained":["Golden Idol"],"max_hp_gain":0,"max_hp_loss":0,"event_name":"Golden Idol","floor":3,"gold_loss":0},{"cards_removed":["Strike_R"],"damage_healed":0,"gold_gain":0,"player_choice":"Upgrade and Remove","damage_taken":0,"max_hp_gain":0,"max_hp_loss":0,"event_name":"Designer","floor":19,"gold_loss":90,"cards_upgraded":["Defend_R"]},{"damage_healed":0,"gold_gain":100,"player_choice":"Pray","damage_taken":0,"max_hp_gain":0,"max_hp_loss":0,"event_name":"Golden Shrine","floor":24,"gold_loss":0}],"is_beta":false,"boss_relics":[{"not_picked":["Pandora\u0027s Box","Snecko Eye"],"picked":"Lizard Tail"}],"items_purged_floors":[14],"is_endless":false,"potions_floor_spawned":[1,7,18,22],"killed_by":"Gremlin Leader","ascension_level":0}