{"gold_per_floor":[119,132,132,145,145,145,161,200,254,254,269,344,362,376,376,496,496,515,515,539,170,184,184,218,218,218,238,279,4,25,25,25,144,144,163,163,496,496,269,302,302,15,92,92,192,192,192],"floor_reached":47,"playtime":3322,"items_purged":["Outmaneuver","Acrobatics"],"score":716,"play_id":"80783436-04bf-4ec1-8d16-3ad8ee5cf9c6","local_time":"20190423152738","is_ascension_mode":true,"campfire_choices":[{"data":"Skewer","floor":6.0,"key":"SMITH"},{"floor":15.0,"key":"REST"},{"data":"Glass Knife","floor":23.0,"key":"SMITH"},{"data":"Dodge and Roll","floor":25.0,"key":"SMITH"},{"floor":32.0,"key":"REST"},{"data":"Adrenaline","floor":41,"key":"SMITH"},{"data":"Malaise","floor":44,"key":"SMITH"}],"neow_cost":"NONE","seed_source_timestamp":0,"circlet_count":0,"master_deck":["Survivor","Neutralize","Skewer+1","Dodge and Roll+1","Endless Agony","Backflip","Deadly Poison","Backflip","Malaise+1","Glass Knife+1","Flying Knee","Backstab","Poisoned Stab","Bane","Backstab","Finisher","Infinite Blades","Leg Sweep+1","Adrenaline+1","Well Laid Plans","Wraith Form v2","Caltrops","Dodge and Roll+1","Footwork","Backstab"],"special_seed":0,"relics":["Ring of the Snake","Regal Pillow","Centennial Puzzle","Tiny Chest","Pandora\u0027s Box","Mango","Smiling Mask","Bottled Lightning","Art of War","Happy Flower","Eternal Feather","Blood Vial","Membership Card","Strawberry","Gambling Chip","Ancient Tea Set","Molten Egg 2","Peace Pipe","Turnip"],"potions_floor_usage":[38,40,47,47,47],"damage_taken":[{"damage":0.0,"enemies":"2 Louse","floor":1.0,"turns":3.0},{"damage":0.0,"enemies":"Small Slimes","floor":2.0,"turns":5.0},{"damage":2.0,"enemies":"Cultist","floor":4.0,"turns":5.0},{"damage":1.0,"enemies":"Exordium Wildlife","floor":7.0,"turns":6.0},{"damage":12.0,"enemies":"Gremlin Nob","floor":8.0,"turns":3.0},{"damage":6.0,"enemies":"Exordium Thugs","floor":11.0,"turns":3.0},{"damage":3.0,"enemies":"3 Louse","floor":13.0,"turns":3.0},{"damage":10.0,"enemies":"Large Slime","floor":14.0,"turns":8.0},{"damage":21.0,"enemies":"Hexaghost","floor":16.0,"turns":12.0},{"damage":0.0,"enemies":"3 Byrds","floor":18.0,"turns":4.0},{"damage":0.0,"enemies":"Chosen","floor":20.0,"turns":3.0},{"damage":14.0,"enemies":"Snake Plant","floor":22.0,"turns":3.0},{"damage":20.0,"enemies":"Slavers","floor":24.0,"turns":6.0},{"damage":1.0,"enemies":"Cultist and Chosen","floor":27.0,"turns":6.0},{"damage":25.0,"enemies":"Gremlin Leader","floor":28.0,"turns":6.0},{"damage":1.0,"enemies":"Shelled Parasite and Fungi","floor":30.0,"turns":3.0},{"damage":46.0,"enemies":"Automaton","floor":33.0,"turns":12.0},{"damage":0,"enemies":"3 Shapes","floor":35,"turns":4},{"damage":3,"enemies":"3 Darklings","floor":38,"turns":3},{"damage":41,"enemies":"Nemesis","floor":40,"turns":7},{"damage":0,"enemies":"Mind Bloom Boss Battle","floor":45,"turns":4},{"damage":93,"enemies":"Giant Head","floor":47,"turns":9}],"seed_played":"2237678973164923737","potions_obtained":[{"floor":4.0,"key":"LiquidBronze"},{"floor":7.0,"key":"PowerPotion"},{"floor":16.0,"key":"Poison Potion"},{"floor":20.0,"key":"GamblersBrew"},{"floor":22.0,"key":"Ancient Potion"},{"floor":30.0,"key":"Block Potion"},{"floor":31.0,"key":"Poison Potion"},{"floor":31.0,"key":"SmokeBomb"},{"floor":33.0,"key":"Poison Potion"},{"floor":35,"key":"Dexterity Potion"},{"floor":45,"key":"Fruit Juice"}],"is_trial":false,"path_per_floor":["M","M","?","M","?","R","M","E","T","?","M","?","M","M","R","B",null,"M","?","M","$","M","R","E","R","T","M","E","$","M","?","R","B",null,"M","T","?","M","$","E","R","$","T","R","?","T","E"],"character_chosen":"THE_SILENT","items_purchased":["Mango","Well Laid Plans","Happy Flower","Membership Card","Poison Potion","Footwork","Backstab","Gambling Chip","Ancient Tea Set"],"campfire_rested":2,"item_purchase_floors":[21,29,29,39,39,42,42,42,42],"current_hp_per_floor":[63,63,63,61,61,61,60,48,48,53,47,36,33,23,59,38,62,62,62,62,76,62,62,42,42,42,41,16,16,15,15,55,9,65,65,65,65,64,64,32,44,44,44,59,61,61,0],"gold":192,"neow_bonus":"RANDOM_COMMON_RELIC","is_prod":false,"is_daily":false,"chose_seed":false,"campfire_upgraded":5,"win_rate":0,"timestamp":1556047658,"path_taken":["M","M","?","M","?","R","M","E","T","?","M","?","M","M","R","BOSS","M","?","?","$","M","R","E","R","T","M","E","$","M","?","R","BOSS","M","?","?","M","$","E","R","$","T","R","?","?","E"],"build_version":"2019-01-23","purchased_purges":2,"victory":false,"max_hp_per_floor":[70,70,65,65,65,65,65,65,65,70,70,70,70,70,70,70,70,70,70,70,84,84,84,84,84,84,84,84,84,84,84,84,84,84,84,84,84,84,84,91,91,91,91,91,91,91,96],"card_choices":[{"not_picked":["Dagger Spray","Tactician"],"picked":"Skewer","floor":1.0},{"not_picked":["Bane","Blade Dance"],"picked":"Dodge and Roll","floor":2.0},{"not_picked":["Slice","Quick Slash"],"picked":"Endless Agony","floor":4.0},{"not_picked":["Blade Dance","Masterful Stab"],"picked":"Backflip","floor":7.0},{"not_picked":["Cloak And Dagger","Backflip"],"picked":"Deadly Poison","floor":8.0},{"not_picked":["Deflect","Dash","Cloak And Dagger"],"picked":"SKIP","floor":11.0},{"not_picked":["Distraction","Outmaneuver"],"picked":"Backflip","floor":13.0},{"not_picked":["Endless Agony","Expertise"],"picked":"Malaise","floor":14.0},{"not_picked":["Envenom","Unload"],"picked":"Glass Knife","floor":16.0},{"not_picked":["Escape Plan","Endless Agony","Poisoned Stab"],"picked":"SKIP","floor":18.0},{"not_picked":["Slice+1","Blade Dance"],"picked":"Leg Sweep+1","floor":20.0},{"not_picked":["Dagger Throw","Acrobatics","Underhanded Strike+1"],"picked":"SKIP","floor":22.0},{"not_picked":["Blade Dance+1","Heel Hook"],"picked":"Adrenaline","floor":24.0},{"not_picked":["Dagger Spray","Dodge and Roll","Acrobatics+1"],"picked":"SKIP","floor":27.0},{"not_picked":["Flying Knee","Prepared","Caltrops"],"picked":"SKIP","floor":28.0},{"not_picked":["All Out Attack","Deflect","Slice"],"picked":"SKIP","floor":30.0},{"not_picked":["Unload","Burst"],"picked":"Wraith Form v2","floor":33.0},{"not_picked":["Flying Knee","Escape Plan"],"picked":"Caltrops","floor":35},{"not_picked":["Poisoned Stab","Caltrops+1"],"picked":"Dodge and Roll+1","floor":40}],"player_experience":274218,"relics_obtained":[{"floor":8.0,"key":"Centennial Puzzle"},{"floor":9.0,"key":"Tiny Chest"},{"floor":24.0,"key":"Smiling Mask"},{"floor":26.0,"key":"Bottled Lightning"},{"floor":28.0,"key":"Art of War"},{"floor":36,"key":"Blood Vial"},{"floor":40,"key":"Strawberry"},{"floor":43,"key":"Molten Egg 2"},{"floor":45,"key":"Peace Pipe"},{"floor":46,"key":"Turnip"}],"event_choices":[{"damage_healed":0.0,"max_hp_gain":0.0,"max_hp_loss":5.0,"gold_gain":0.0,"event_name":"Golden Idol","player_choice":"Lose Max HP","floor":3.0,"gold_loss":0.0,"damage_taken":0.0,"relics_obtained":["Golden Idol"]},{"cards_removed":["Strike_G"],"damage_healed":0.0,"max_hp_gain":0.0,"max_hp_loss":0.0,"gold_gain":0.0,"event_name":"Living Wall","player_choice":"Forget","floor":5.0,"gold_loss":0.0,"damage_taken":0.0},{"damage_healed":0.0,"max_hp_gain":5.0,"max_hp_loss":0.0,"gold_gain":0.0,"event_name":"Big Fish","player_choice":"Donut","floor":10.0,"gold_loss":0.0,"damage_taken":0.0},{"damage_healed":0.0,"max_hp_gain":0.0,"max_hp_loss":0.0,"gold_gain":75.0,"event_name":"World of Goop","player_choice":"Gather Gold","floor":12.0,"gold_loss":0.0,"damage_taken":11.0},{"damage_healed":0.0,"max_hp_gain":0.0,"max_hp_loss":0.0,"gold_gain":0.0,"event_name":"Duplicator","player_choice":"Ignored","floor":19.0,"gold_loss":0.0,"damage_taken":0.0},{"damage_healed":0.0,"max_hp_gain":0.0,"max_hp_loss":0.0,"gold_gain":0.0,"event_name":"Lab","player_choice":"Got Potions","floor":31.0,"gold_loss":0.0,"damage_taken":0.0},{"damage_healed":0,"gold_gain":333,"player_choice":"Gave Idol","damage_taken":0,"max_hp_gain":0,"max_hp_loss":0,"event_name":"The Moai Head","floor":37,"relics_lost":["Golden Idol"],"gold_loss":0},{"damage_healed":0,"gold_gain":0,"player_choice":"Fight","damage_taken":0,"max_hp_gain":0,"max_hp_loss":0,"event_name":"MindBloom","floor":45,"gold_loss":0}],"is_beta":false,"boss_relics":[{"not_picked":["Tiny House","Astrolabe"],"picked":"Pandora\u0027s Box"},{"not_picked":["Orrery","Empty Cage"],"picked":"Eternal Feather"}],"items_purged_floors":[21,29],"is_endless":false,"potions_floor_spawned":[4,7,16,20,22,30,33,35,45],"killed_by":"Giant Head","ascension_level":7}