{"gold_per_floor":[114,114,114,39,39,70,70,104,127,127,141,141,175,238,238,313,313,332,257,49,68,80,80,114,114,114,128,138,138,138,156,156,156],"floor_reached":33,"playtime":1000,"items_purged":[],"score":662,"play_id":"447949f5-e7be-413f-942e-9974eb1ccfe7","local_time":"20190516220827","is_ascension_mode":true,"campfire_choices":[{"data":"Whirlwind","floor":7,"key":"SMITH"},{"data":"True Grit","floor":12,"key":"SMITH"},{"data":"Uppercut","floor":15,"key":"SMITH"},{"floor":23,"key":"REST"},{"data":"Double Tap","floor":29,"key":"SMITH"},{"data":"Rampage","floor":32,"key":"SMITH"}],"neow_cost":"NONE","seed_source_timestamp":1060219104855087,"circlet_count":0,"master_deck":["AscendersBane","Strike_R","Defend_R","Defend_R","Defend_R","Bash","Whirlwind+1","Shrug It Off","Double Tap+1","True Grit+1","Uppercut+1","Offering","Shrug It Off","Mayhem+1","Metallicize+1","Carnage+1","Rampage+1"],"relics":["Burning Blood","NeowsBlessing","Smiling Mask","Bronze Scales","Sundial","Art of War","Happy Flower","Frozen Egg 2","Velvet Choker","Pear"],"potions_floor_usage":[11,16,21,28,33,33],"damage_taken":[{"damage":0,"enemies":"Small Slimes","floor":1,"turns":1},{"damage":0,"enemies":"Gremlin Nob","floor":6,"turns":1},{"damage":0,"enemies":"3 Sentries","floor":8,"turns":1},{"damage":2,"enemies":"Jaw Worm","floor":11,"turns":4},{"damage":27,"enemies":"Lagavulin","floor":13,"turns":5},{"damage":12,"enemies":"3 Sentries","floor":14,"turns":4},{"damage":25,"enemies":"Hexaghost","floor":16,"turns":10},{"damage":16,"enemies":"Spheric Guardian","floor":18,"turns":4},{"damage":38,"enemies":"2 Thieves","floor":21,"turns":4},{"damage":7,"enemies":"Snake Plant","floor":22,"turns":4},{"damage":25,"enemies":"Gremlin Leader","floor":24,"turns":4},{"damage":6,"enemies":"Snecko","floor":27,"turns":4},{"damage":10,"enemies":"Centurion and Healer","floor":28,"turns":5},{"damage":6,"enemies":"3 Cultists","floor":31,"turns":3},{"damage":70,"enemies":"Champ","floor":33,"turns":6}],"seed_played":"-1052746549547190466","potions_obtained":[{"floor":1,"key":"Explosive Potion"},{"floor":6,"key":"Explosive Potion"},{"floor":8,"key":"Dexterity Potion"},{"floor":18,"key":"BloodPotion"},{"floor":24,"key":"BloodPotion"},{"floor":28,"key":"Strength Potion"},{"floor":31,"key":"SteroidPotion"}],"is_trial":false,"path_per_floor":["M","?","?","?","?","E","R","E","T","?","M","R","E","?","R","B",null,"M","?","$","M","M","R","E","?","T","M","M","R","?","M","R","B"],"character_chosen":"IRONCLAD","items_purchased":["Mayhem+1"],"campfire_rested":1,"item_purchase_floors":[20],"current_hp_per_floor":[74,67,72,72,61,67,67,73,73,73,77,77,56,50,50,31,68,58,58,58,34,33,57,48,48,48,48,53,53,53,53,53,0],"gold":156,"neow_bonus":"THREE_ENEMY_KILL","is_prod":false,"is_daily":false,"chose_seed":false,"campfire_upgraded":5,"win_rate":0,"timestamp":1558058907,"path_taken":["M","?","?","?","?","E","R","E","T","?","?","R","E","?","R","BOSS","M","?","$","M","M","R","E","?","T","M","M","R","?","M","R","BOSS"],"build_version":"2019-01-23","purchased_purges":0,"victory":false,"max_hp_per_floor":[75,75,80,80,80,80,80,80,80,80,80,80,80,80,80,80,80,80,80,80,80,80,80,90,90,90,90,90,90,90,90,90,90],"card_choices":[{"not_picked":["Clash","Rupture"],"picked":"Whirlwind","floor":1},{"not_picked":["Thunderclap","Twin Strike","Reckless Charge"],"picked":"SKIP","floor":6},{"not_picked":["Thunderclap","Twin Strike","Reckless Charge"],"picked":"SKIP","floor":6},{"not_picked":["Blood for Blood","Entrench"],"picked":"Shrug It Off","floor":8},{"not_picked":["Clash","Cleave"],"picked":"True Grit","floor":11},{"not_picked":["Flame Barrier","Flex"],"picked":"Uppercut","floor":13},{"not_picked":["Reaper","Dark Embrace+1"],"picked":"Offering","floor":16},{"not_picked":["Flame Barrier","Armaments+1"],"picked":"Shrug It Off","floor":18},{"not_picked":["Flame Barrier","Pommel Strike"],"picked":"Metallicize+1","floor":21},{"not_picked":["Infernal Blade","Headbutt","Power Through"],"picked":"SKIP","floor":22},{"not_picked":["Armaments","Searing Blow","Dropkick"],"picked":"SKIP","floor":24},{"not_picked":["Heavy Blade+1","Twin Strike","Flame Barrier"],"picked":"SKIP","floor":27},{"not_picked":["Battle Trance","Corruption+1"],"picked":"Carnage+1","floor":28},{"not_picked":["Evolve+1","Shrug It Off+1"],"picked":"Rampage","floor":31}],"player_experience":453070,"relics_obtained":[{"floor":6,"key":"Bronze Scales"},{"floor":8,"key":"Sundial"},{"floor":9,"key":"Art of War"},{"floor":13,"key":"Happy Flower"},{"floor":14,"key":"Frozen Egg 2"},{"floor":24,"key":"Pear"}],"event_choices":[{"cards_removed":["Strike_R"],"damage_healed":0,"gold_gain":0,"player_choice":"Card Removal","damage_taken":7,"max_hp_gain":0,"max_hp_loss":0,"event_name":"Golden Wing","floor":2,"gold_loss":0},{"damage_healed":0,"gold_gain":0,"player_choice":"Donut","damage_taken":0,"max_hp_gain":5,"max_hp_loss":0,"event_name":"Big Fish","floor":3,"gold_loss":0},{"cards_removed":["Strike_R"],"damage_healed":0,"gold_gain":0,"player_choice":"Card Removal","damage_taken":0,"max_hp_gain":0,"max_hp_loss":0,"event_name":"The Cleric","floor":4,"gold_loss":75},{"damage_healed":0,"gold_gain":0,"player_choice":"Success","damage_taken":11,"relics_obtained":["Smiling Mask"],"max_hp_gain":0,"max_hp_loss":0,"event_name":"Scrap Ooze","floor":5,"gold_loss":0},{"damage_healed":0,"gold_gain":0,"cards_transformed":["Strike_R"],"player_choice":"Transformed","damage_taken":0,"max_hp_gain":0,"max_hp_loss":0,"event_name":"Transmorgrifier","floor":10,"gold_loss":0,"cards_obtained":["Double Tap"]},{"damage_healed":0,"gold_gain":0,"player_choice":"Searched \u00271\u0027 times","damage_taken":0,"max_hp_gain":0,"max_hp_loss":0,"event_name":"Dead Adventurer","floor":14,"gold_loss":0},{"cards_removed":["Strike_R"],"damage_healed":0,"gold_gain":0,"player_choice":"Gave Gold","damage_taken":0,"max_hp_gain":0,"max_hp_loss":0,"event_name":"Beggar","floor":19,"gold_loss":75},{"cards_removed":["Defend_R"],"damage_healed":0,"gold_gain":0,"player_choice":"Elegance","damage_taken":0,"max_hp_gain":0,"max_hp_loss":0,"event_name":"Back to Basics","floor":25,"gold_loss":0},{"damage_healed":0,"gold_gain":0,"player_choice":"Ignored","damage_taken":0,"max_hp_gain":0,"max_hp_loss":0,"event_name":"The Mausoleum","floor":30,"gold_loss":0}],"is_beta":false,"boss_relics":[{"not_picked":["Pandora\u0027s Box","Black Blood"],"picked":"Velvet Choker"}],"items_purged_floors":[],"is_endless":false,"potions_floor_spawned":[1,6,8,18,24,28,31],"killed_by":"Champ","ascension_level":20}