{"gold_per_floor":[116,191,211,228,228,259,259,284,284,298,1,1,20,34,34,34],"floor_reached":16,"playtime":653,"items_purged":[],"score":118,"play_id":"3b782424-49a1-40c8-ad6f-4aeca6219c94","local_time":"20190406210654","is_ascension_mode":true,"campfire_choices":[{"data":"Warcry","floor":7,"key":"SMITH"},{"floor":15,"key":"REST"}],"neow_cost":"NONE","seed_source_timestamp":505360685341705,"circlet_count":0,"master_deck":["Strike_R","Strike_R","Strike_R","Strike_R","Strike_R","Defend_R","Defend_R","Defend_R","Defend_R","Bash","Pommel Strike+1","Warcry+1","Thunderclap","Offering","Armaments+1","Bash","Armaments+1"],"relics":["Burning Blood","Happy Flower","Singing Bowl","Mummified Hand","Toxic Egg 2","Bird Faced Urn"],"potions_floor_usage":[10,16],"damage_taken":[{"damage":1,"enemies":"2 Louse","floor":1,"turns":3},{"damage":1,"enemies":"Jaw Worm","floor":3,"turns":3},{"damage":1,"enemies":"Cultist","floor":4,"turns":3},{"damage":35,"enemies":"3 Sentries","floor":6,"turns":7},{"damage":52,"enemies":"Gremlin Nob","floor":8,"turns":5},{"damage":11,"enemies":"3 Louse","floor":10,"turns":2},{"damage":6,"enemies":"Lots of Slimes","floor":13,"turns":3},{"damage":7,"enemies":"Exordium Wildlife","floor":14,"turns":4},{"damage":49,"enemies":"The Guardian","floor":16,"turns":6}],"seed_played":"1189659212073590022","potions_obtained":[{"floor":1,"key":"FairyPotion"},{"floor":8,"key":"BloodPotion"},{"floor":13,"key":"Block Potion"}],"is_trial":false,"path_per_floor":["M","?","M","M","?","E","R","E","T","M","$","?","M","M","R","B"],"character_chosen":"IRONCLAD","items_purchased":["Bird Faced Urn"],"campfire_rested":1,"item_purchase_floors":[11],"current_hp_per_floor":[80,69,74,79,79,50,50,16,16,19,19,19,19,20,45,0],"gold":34,"neow_bonus":"RANDOM_COMMON_RELIC","is_prod":false,"is_daily":false,"chose_seed":false,"campfire_upgraded":1,"win_rate":0,"timestamp":1554599214,"path_taken":["M","?","M","M","?","E","R","E","T","M","$","?","M","M","R","BOSS"],"build_version":"2019-01-23","purchased_purges":0,"victory":false,"max_hp_per_floor":[80,80,80,80,80,80,80,82,82,82,82,82,82,84,84,84],"card_choices":[{"not_picked":["Spot Weakness","Corruption"],"picked":"Pommel Strike","floor":1},{"not_picked":["Pummel","Clash"],"picked":"Warcry","floor":3},{"not_picked":["Shockwave","Twin Strike"],"picked":"Thunderclap","floor":4},{"not_picked":["Sword Boomerang","True Grit"],"picked":"Offering","floor":6},{"not_picked":["Fire Breathing","Power Through","Disarm"],"picked":"Singing Bowl","floor":8},{"not_picked":["Warcry+1","True Grit+1"],"picked":"Armaments+1","floor":10},{"not_picked":["Whirlwind","Cleave"],"picked":"Armaments+1","floor":13},{"not_picked":["Thunderclap","Ghostly Armor+1","Warcry+1"],"picked":"Singing Bowl","floor":14}],"player_experience":103555,"relics_obtained":[{"floor":6,"key":"Singing Bowl"},{"floor":8,"key":"Mummified Hand"},{"floor":9,"key":"Toxic Egg 2"}],"event_choices":[{"damage_healed":0,"gold_gain":75,"player_choice":"Gather Gold","damage_taken":11,"max_hp_gain":0,"max_hp_loss":0,"event_name":"World of Goop","floor":2,"gold_loss":0},{"damage_healed":0,"gold_gain":0,"player_choice":"Grow","damage_taken":0,"max_hp_gain":0,"max_hp_loss":0,"event_name":"Living Wall","floor":5,"gold_loss":0,"cards_upgraded":["Pommel Strike"]},{"damage_healed":0,"gold_gain":0,"player_choice":"1 cards matched","damage_taken":0,"max_hp_gain":0,"max_hp_loss":0,"event_name":"Match and Keep!","floor":12,"gold_loss":0,"cards_obtained":["Bash"]}],"is_beta":false,"boss_relics":[],"items_purged_floors":[],"is_endless":false,"potions_floor_spawned":[1,8,13],"killed_by":"The Guardian","ascension_level":1}