{"gold_per_floor":[114,125,125,51,68,68,82,98,124,152,165,165,191,202,202,301,301,314,90,108,108,123,123,139,157,230,244,244,277,277,294,294,393,393,407,422,422,112,132,132,143,143,166,198,198,230,230,243,243,243],"floor_reached":51,"playtime":3095,"items_purged":["Strike_R","Strike_R"],"score":1174,"play_id":"46e65141-d897-46a6-af79-85e9d2b6c13f","local_time":"20190426121254","is_ascension_mode":true,"campfire_choices":[{"data":"Metallicize","floor":6.0,"key":"SMITH"},{"data":"Inflame","floor":12.0,"key":"SMITH"},{"data":"True Grit","floor":15.0,"key":"SMITH"},{"data":"Inflame","floor":23.0,"key":"SMITH"},{"data":"Limit Break","floor":28.0,"key":"SMITH"},{"data":"Shrug It Off","floor":30.0,"key":"SMITH"},{"data":"Armaments","floor":32.0,"key":"SMITH"},{"data":"Heavy Blade","floor":40.0,"key":"SMITH"},{"data":"Clothesline","floor":42.0,"key":"SMITH"},{"data":"Heavy Blade","floor":45.0,"key":"SMITH"},{"data":"Disarm","floor":47.0,"key":"SMITH"},{"floor":49.0,"key":"REST"}],"neow_cost":"TEN_PERCENT_HP_LOSS","seed_source_timestamp":0,"circlet_count":0,"master_deck":["AscendersBane","Strike_R","Strike_R","Defend_R","Defend_R","Defend_R","Defend_R","Bash","Heavy Blade+1","Shrug It Off+1","Metallicize+1","Flame Barrier","True Grit+1","Inflame+1","Inflame+1","Clothesline+1","Armaments+1","Limit Break+1","Heavy Blade+1","Reaper","Sword Boomerang+1","Shrug It Off+1","Flash of Steel","Limit Break+1","Disarm+1"],"special_seed":0,"relics":["Burning Blood","Bird Faced Urn","Art of War","Ancient Tea Set","PreservedInsect","Velvet Choker","Lantern","The Courier","Nunchaku","Sozu","DollysMirror","Bottled Flame","Pen Nib"],"potions_floor_usage":[50],"damage_taken":[{"damage":6.0,"enemies":"Cultist","floor":1.0,"turns":4.0},{"damage":14.0,"enemies":"Jaw Worm","floor":2.0,"turns":5.0},{"damage":0.0,"enemies":"2 Louse","floor":5.0,"turns":2.0},{"damage":14.0,"enemies":"Lots of Slimes","floor":7.0,"turns":5.0},{"damage":24.0,"enemies":"Exordium Thugs","floor":8.0,"turns":6.0},{"damage":33.0,"enemies":"Gremlin Nob","floor":10.0,"turns":5.0},{"damage":5.0,"enemies":"2 Fungi Beasts","floor":11.0,"turns":5.0},{"damage":16.0,"enemies":"3 Sentries","floor":13.0,"turns":9.0},{"damage":0.0,"enemies":"Large Slime","floor":14.0,"turns":6.0},{"damage":27.0,"enemies":"The Guardian","floor":16.0,"turns":15.0},{"damage":9.0,"enemies":"Spheric Guardian","floor":18.0,"turns":4.0},{"damage":14.0,"enemies":"Shell Parasite","floor":20.0,"turns":8.0},{"damage":3.0,"enemies":"Snake Plant","floor":22.0,"turns":4.0},{"damage":24.0,"enemies":"Centurion and Healer","floor":24.0,"turns":9.0},{"damage":30.0,"enemies":"Cultist and Chosen","floor":25.0,"turns":9.0},{"damage":9.0,"enemies":"Sentry and Sphere","floor":27.0,"turns":6.0},{"damage":7.0,"enemies":"Slavers","floor":29.0,"turns":6.0},{"damage":16.0,"enemies":"3 Cultists","floor":31.0,"turns":6.0},{"damage":40.0,"enemies":"Collector","floor":33.0,"turns":7.0},{"damage":44.0,"enemies":"3 Shapes","floor":35.0,"turns":7.0},{"damage":0.0,"enemies":"Orb Walker","floor":36.0,"turns":3.0},{"damage":0.0,"enemies":"Maw","floor":39.0,"turns":7.0},{"damage":24.0,"enemies":"Spire Growth","floor":41.0,"turns":6.0},{"damage":26.0,"enemies":"Nemesis","floor":44.0,"turns":7.0},{"damage":3.0,"enemies":"Giant Head","floor":46.0,"turns":5.0},{"damage":26.0,"enemies":"3 Darklings","floor":48.0,"turns":5.0},{"damage":70,"enemies":"Awakened One","floor":50,"turns":10}],"seed_played":"7026165441761840379","potions_obtained":[{"floor":1.0,"key":"LiquidBronze"},{"floor":2.0,"key":"Energy Potion"},{"floor":11.0,"key":"Weak Potion"},{"floor":14.0,"key":"Fire Potion"},{"floor":16.0,"key":"FearPotion"},{"floor":24.0,"key":"Strength Potion"},{"floor":25.0,"key":"SkillPotion"},{"floor":27.0,"key":"PowerPotion"},{"floor":31.0,"key":"Explosive Potion"},{"floor":33.0,"key":"SpeedPotion"}],"is_trial":false,"path_per_floor":["M","M","?","$","M","R","M","M","T","E","M","R","E","M","R","B",null,"M","$","M","?","M","R","M","M","T","M","R","E","R","M","R","B",null,"M","M","?","$","M","R","M","R","T","E","R","E","R","M","R","B",null],"character_chosen":"IRONCLAD","items_purchased":["Metallicize","Lantern","Flash of Steel","DollysMirror"],"campfire_rested":1,"item_purchase_floors":[4,19,38,38],"current_hp_per_floor":[72,64,64,64,70,70,64,48,48,25,30,30,26,38,38,23,60,63,63,61,61,70,70,58,40,40,43,43,48,48,46,46,18,59,43,64,64,64,72,72,56,56,56,42,42,51,51,51,72,65],"gold":243,"neow_bonus":"ONE_RARE_RELIC","is_prod":false,"is_daily":false,"chose_seed":false,"campfire_upgraded":11,"win_rate":0,"timestamp":1556295174,"path_taken":["M","M","?","?","?","R","M","M","T","E","M","R","E","M","R","BOSS","M","$","?","?","?","R","M","M","T","M","R","E","R","M","R","BOSS","M","M","?","$","M","R","M","R","T","E","R","E","R","M","R","BOSS"],"build_version":"2019-01-23","purchased_purges":2,"victory":true,"max_hp_per_floor":[72,72,72,72,72,72,72,72,72,72,72,72,72,72,72,72,72,72,72,72,72,72,72,72,72,72,72,72,72,72,72,72,72,72,72,72,72,72,72,72,72,72,72,72,72,72,72,72,72,72],"card_choices":[{"not_picked":["Hemokinesis","Sentinel"],"picked":"Heavy Blade","floor":1.0},{"not_picked":["Blood for Blood","Combust"],"picked":"Shrug It Off","floor":2.0},{"not_picked":["Sword Boomerang","Flex"],"picked":"Flame Barrier","floor":5.0},{"not_picked":["Rupture","Dual Wield"],"picked":"True Grit","floor":7.0},{"not_picked":["Sever Soul","Body Slam"],"picked":"Inflame","floor":8.0},{"not_picked":["Berserk","True Grit","Body Slam"],"picked":"SKIP","floor":10.0},{"not_picked":["Hemokinesis","Armaments"],"picked":"Inflame","floor":11.0},{"not_picked":["Exhume","Pommel Strike","Iron Wave"],"picked":"SKIP","floor":13.0},{"not_picked":["Perfected Strike","Burning Pact"],"picked":"Clothesline","floor":14.0},{"not_picked":["Reckless Charge","Sever Soul","Bloodletting"],"picked":"SKIP","floor":18.0},{"not_picked":["Wild Strike","Combust"],"picked":"Armaments","floor":20.0},{"not_picked":["Havoc","Body Slam","Bloodletting"],"picked":"SKIP","floor":22.0},{"not_picked":["Havoc","Seeing Red","Sword Boomerang"],"picked":"SKIP","floor":24.0},{"not_picked":["Twin Strike","Rage"],"picked":"Limit Break","floor":25.0},{"not_picked":["Rampage","Corruption","Heavy Blade+1"],"picked":"SKIP","floor":27.0},{"not_picked":["Clothesline","Rupture","Pommel Strike"],"picked":"SKIP","floor":29.0},{"not_picked":["Power Through","Corruption"],"picked":"Heavy Blade","floor":31.0},{"not_picked":["Juggernaut","Feed"],"picked":"Reaper","floor":33.0},{"not_picked":["Body Slam+1","Pommel Strike"],"picked":"Sword Boomerang+1","floor":35.0},{"not_picked":["Clothesline","True Grit"],"picked":"Shrug It Off+1","floor":36.0},{"not_picked":["Havoc","Pommel Strike+1","Evolve"],"picked":"SKIP","floor":39.0},{"not_picked":["Body Slam+1","Heavy Blade+1","Reaper"],"picked":"SKIP","floor":41.0},{"not_picked":["Havoc","Twin Strike","Body Slam"],"picked":"SKIP","floor":44.0},{"not_picked":["Havoc","Twin Strike","Body Slam"],"picked":"SKIP","floor":44.0},{"not_picked":["Wild Strike","Pommel Strike"],"picked":"Disarm","floor":46.0},{"not_picked":["Thunderclap","Iron Wave","Dual Wield"],"picked":"SKIP","floor":48.0}],"player_experience":311785,"relics_obtained":[{"floor":9.0,"key":"Art of War"},{"floor":10.0,"key":"Ancient Tea Set"},{"floor":13.0,"key":"PreservedInsect"},{"floor":26.0,"key":"The Courier"},{"floor":29.0,"key":"Nunchaku"},{"floor":44.0,"key":"Bottled Flame"},{"floor":46.0,"key":"Pen Nib"}],"event_choices":[{"damage_healed":0.0,"max_hp_gain":0.0,"max_hp_loss":0.0,"gold_gain":0.0,"event_name":"Match and Keep!","player_choice":"0 cards matched","floor":3.0,"gold_loss":0.0,"damage_taken":0.0,"cards_obtained":[]},{"cards_removed":["Strike_R"],"damage_healed":0.0,"max_hp_gain":0.0,"max_hp_loss":0.0,"gold_gain":0.0,"event_name":"Bonfire Elementals","player_choice":"Offered Basic","floor":21.0,"gold_loss":0.0,"damage_taken":0.0},{"damage_healed":0.0,"max_hp_gain":0.0,"max_hp_loss":0.0,"gold_gain":0.0,"event_name":"Tomb of Lord Red Mask","player_choice":"Ignored","floor":37.0,"gold_loss":0.0,"damage_taken":0.0}],"is_beta":false,"boss_relics":[{"not_picked":["Runic Dome","Astrolabe"],"picked":"Velvet Choker"},{"not_picked":["Eternal Feather","Mark of Pain"],"picked":"Sozu"}],"items_purged_floors":[19,38],"is_endless":false,"potions_floor_spawned":[1,2,11,14,16,24,25,27,31,33,44,48],"ascension_level":12}