{"gold_per_floor":[117,133,133,51,51,51,81,81,81,81,94,94,13,66,66,166,166,182,198,15,33,33,58,58,58,58,133,144,65,91,113,125,235,247,277,309,321,69,69],"floor_reached":39,"playtime":2418,"items_purged":["Strike_G"],"score":484,"play_id":"22538a46-4f6b-49b5-bea3-6a11570208d8","local_time":"20181114193418","is_ascension_mode":true,"campfire_choices":[{"data":"Cloak And Dagger","floor":6,"key":"SMITH"},{"floor":8,"key":"REST"},{"data":"Neutralize","floor":10,"key":"SMITH"},{"data":"Concentrate","floor":15,"key":"SMITH"},{"floor":24,"key":"REST"},{"floor":32,"key":"REST"}],"neow_cost":"NONE","seed_source_timestamp":677707724646119,"circlet_count":0,"master_deck":["Defend_G","Defend_G","Defend_G","Defend_G","Defend_G","Strike_G","Strike_G","Survivor","Neutralize+1","PiercingWail","Cloak And Dagger+1","Flechettes","Endless Agony","Blade Dance","Concentrate+1","Venomology","Leg Sweep","Slice","Caltrops","Slice","Cloak And Dagger","Accuracy","Corpse Explosion+1","Unload","Calculated Gamble+1","Madness+1","Madness+1","Apotheosis+1"],"relics":["Runic Pyramid","Anchor","Ancient Tea Set","Art of War","WristBlade","Happy Flower","Dodecahedron","MutagenicStrength","Toxic Egg 2","MawBank","Eternal Feather"],"potions_floor_usage":[16,21,23,23,28,30,31,31,33,33,33,35,39,39],"damage_taken":[{"damage":0,"enemies":"Small Slimes","floor":1,"turns":3},{"damage":1,"enemies":"2 Louse","floor":2,"turns":3},{"damage":13,"enemies":"Gremlin Nob","floor":7,"turns":4},{"damage":0,"enemies":"Jaw Worm","floor":11,"turns":3},{"damage":18,"enemies":"The Guardian","floor":16,"turns":17},{"damage":0,"enemies":"Chosen","floor":18,"turns":4},{"damage":18,"enemies":"Spheric Guardian","floor":19,"turns":4},{"damage":3,"enemies":"Snake Plant","floor":21,"turns":6},{"damage":4,"enemies":"Slavers","floor":23,"turns":7},{"damage":13,"enemies":"Snecko","floor":28,"turns":5},{"damage":0,"enemies":"Book of Stabbing","floor":30,"turns":5},{"damage":16,"enemies":"Shelled Parasite and Fungi","floor":31,"turns":5},{"damage":42,"enemies":"Collector","floor":33,"turns":9},{"damage":0,"enemies":"3 Shapes","floor":35,"turns":4},{"damage":0,"enemies":"3 Darklings","floor":36,"turns":2},{"damage":84,"enemies":"Transient","floor":39,"turns":4}],"seed_played":"7712917692914143272","potions_obtained":[{"floor":1,"key":"Poison Potion"},{"floor":19,"key":"Ancient Potion"},{"floor":28,"key":"AttackPotion"},{"floor":31,"key":"SneckoOil"},{"floor":35,"key":"GhostInAJar"}],"is_trial":false,"path_per_floor":["M","M","?","$","?","R","E","R","T","R","M","?","$","T","R","B",null,"M","M","$","M","?","E","R","?","T","?","M","$","E","M","R","B",null,"M","M","?","$","M"],"character_chosen":"THE_SILENT","items_purchased":["Flechettes","Concentrate","Happy Flower","Caltrops","Accuracy","Apotheosis+1"],"campfire_rested":3,"item_purchase_floors":[4,13,20,20,29,38],"current_hp_per_floor":[70,69,62,62,62,62,49,70,70,70,70,70,70,70,70,52,70,70,52,52,49,49,45,66,66,66,59,46,46,46,30,51,9,70,70,70,61,61,0],"gold":69,"neow_bonus":"BOSS_RELIC","is_prod":false,"is_daily":false,"chose_seed":false,"campfire_upgraded":3,"win_rate":0,"timestamp":1542213258,"path_taken":["M","M","?","$","?","R","E","R","T","R","M","?","$","?","R","BOSS","M","M","$","M","?","E","R","?","T","?","?","$","E","M","R","BOSS","M","M","?","$","M"],"build_version":"2018-11-08","purchased_purges":1,"victory":false,"max_hp_per_floor":[70,70,70,70,70,70,70,70,70,70,70,70,70,70,70,70,70,70,70,70,70,70,70,70,70,70,70,70,70,70,70,70,70,70,70,70,70,70,70],"card_choices":[{"not_picked":["Accuracy","Prepared"],"picked":"PiercingWail","floor":1},{"not_picked":["Slice","Deflect"],"picked":"Cloak And Dagger","floor":2},{"not_picked":["Dagger Throw","Poisoned Stab"],"picked":"Endless Agony","floor":7},{"not_picked":["Dagger Spray","Outmaneuver"],"picked":"Blade Dance","floor":11},{"not_picked":["Doppelganger","Wraith Form v2"],"picked":"Venomology","floor":16},{"not_picked":["Underhanded Strike+1","Acrobatics"],"picked":"Leg Sweep","floor":18},{"not_picked":["Dagger Spray","Bane+1"],"picked":"Slice","floor":19},{"not_picked":["Acrobatics","Bouncing Flask"],"picked":"Slice","floor":21},{"not_picked":["Flying Knee","Deflect"],"picked":"Cloak And Dagger","floor":23},{"not_picked":["Well Laid Plans","Sucker Punch","Backflip+1"],"picked":"SKIP","floor":28},{"not_picked":["Backflip+1","Deadly Poison+1"],"picked":"Corpse Explosion+1","floor":30},{"not_picked":["Caltrops","Skewer","Underhanded Strike+1"],"picked":"SKIP","floor":31},{"not_picked":["Adrenaline+1","Corpse Explosion+1"],"picked":"Unload","floor":33},{"not_picked":["Deflect+1","Sucker Punch+1"],"picked":"Calculated Gamble+1","floor":35},{"not_picked":["Leg Sweep+1","Flying Knee+1","Caltrops"],"picked":"SKIP","floor":36}],"player_experience":315827,"relics_obtained":[{"floor":7,"key":"Anchor"},{"floor":9,"key":"Ancient Tea Set"},{"floor":14,"key":"Art of War"},{"floor":23,"key":"Dodecahedron"},{"floor":26,"key":"Toxic Egg 2"},{"floor":30,"key":"MawBank"}],"event_choices":[{"cards_removed":["Strike_G"],"damage_healed":0,"gold_gain":0,"player_choice":"Card Removal","damage_taken":7,"max_hp_gain":0,"max_hp_loss":0,"event_name":"Golden Wing","floor":3,"gold_loss":0},{"cards_removed":["Strike_G"],"damage_healed":0,"gold_gain":0,"player_choice":"Forget","damage_taken":0,"max_hp_gain":0,"max_hp_loss":0,"event_name":"Living Wall","floor":5,"gold_loss":0},{"damage_healed":0,"gold_gain":0,"player_choice":"Ignored","damage_taken":0,"max_hp_gain":0,"max_hp_loss":0,"event_name":"Liars Game","floor":12,"gold_loss":0},{"damage_healed":0,"gold_gain":0,"player_choice":"Ignored","damage_taken":0,"max_hp_gain":0,"max_hp_loss":0,"event_name":"Ghosts","floor":22,"gold_loss":0},{"damage_healed":0,"gold_gain":0,"player_choice":"Inject Mutagens","damage_taken":0,"relics_obtained":["MutagenicStrength"],"max_hp_gain":0,"max_hp_loss":0,"event_name":"Drug Dealer","floor":25,"gold_loss":0},{"damage_healed":0,"gold_gain":75,"player_choice":"Touch","damage_taken":7,"max_hp_gain":0,"max_hp_loss":0,"event_name":"FaceTrader","floor":27,"gold_loss":0},{"damage_healed":0,"gold_gain":0,"player_choice":"Embrace Madness","damage_taken":9,"max_hp_gain":0,"max_hp_loss":0,"event_name":"Winding Halls","floor":37,"gold_loss":0,"cards_obtained":["Madness","Madness"]}],"is_beta":false,"boss_relics":[{"not_picked":["Philosopher\u0027s Stone","Orrery"],"picked":"WristBlade"},{"not_picked":["Cursed Key","Velvet Choker"],"picked":"Eternal Feather"}],"items_purged_floors":[38],"is_endless":false,"potions_floor_spawned":[1,19,28,31,35],"killed_by":"Transient","ascension_level":2}