{"gold_per_floor":[116,132,152,152,163,163,190,206,231,247,267,267,267,142,142,142],"floor_reached":16,"playtime":1193,"items_purged":["Strike_B"],"score":104,"play_id":"ef3181e2-d494-4aac-8344-609b3e0f4750","local_time":"20190529224507","is_ascension_mode":false,"campfire_choices":[{"data":"Zap","floor":6,"key":"SMITH"},{"data":"Strike_B","floor":13,"key":"PURGE"},{"data":"Defend_B","floor":15,"key":"PURGE"}],"neow_cost":"NONE","seed_source_timestamp":1202611528713800,"circlet_count":0,"master_deck":["Strike_B","Strike_B","Defend_B","Defend_B","Defend_B","Zap+1","Dualcast","Gash","Rebound","Leap","Leap","BootSequence","Machine Learning","Parasite","Conserve Battery"],"relics":["Cracked Core","Peace Pipe","Smiling Mask","Bag of Marbles"],"potions_floor_usage":[7],"damage_taken":[{"damage":1,"enemies":"Cultist","floor":1,"turns":4},{"damage":0,"enemies":"Small Slimes","floor":2,"turns":2},{"damage":0,"enemies":"Jaw Worm","floor":3,"turns":3},{"damage":15,"enemies":"Lots of Slimes","floor":5,"turns":4},{"damage":36,"enemies":"Lagavulin","floor":7,"turns":7},{"damage":7,"enemies":"Large Slime","floor":8,"turns":7},{"damage":8,"enemies":"2 Fungi Beasts","floor":10,"turns":3},{"damage":0,"enemies":"Blue Slaver","floor":11,"turns":3},{"damage":28,"enemies":"Slime Boss","floor":16,"turns":7}],"seed_played":"-6101096201813419798","potions_obtained":[{"floor":1,"key":"LiquidBronze"},{"floor":7,"key":"Poison Potion"}],"is_trial":false,"path_per_floor":["M","M","M","?","M","R","E","M","T","M","M","?","R","$","R","B"],"character_chosen":"DEFECT","items_purchased":["Conserve Battery","Energy Potion"],"campfire_rested":0,"item_purchase_floors":[14,14],"current_hp_per_floor":[74,74,74,71,56,56,20,13,13,5,5,23,23,23,23,0],"gold":142,"neow_bonus":"THREE_CARDS","is_prod":false,"is_daily":false,"chose_seed":false,"campfire_upgraded":1,"win_rate":0.0,"timestamp":1559184307,"path_taken":["M","?","M","?","M","R","E","M","T","M","M","?","R","?","R","BOSS"],"build_version":"2019-01-23","purchased_purges":1,"victory":false,"max_hp_per_floor":[75,75,75,75,75,75,75,75,75,75,75,75,75,75,75,75],"card_choices":[{"not_picked":["Beam Cell","Chaos"],"picked":"Gash","floor":0},{"not_picked":["Self Repair","Go for the Eyes"],"picked":"Rebound","floor":1},{"not_picked":["Compile Driver","Coolheaded"],"picked":"Leap","floor":2},{"not_picked":["Hologram","Lockon"],"picked":"Leap","floor":3},{"not_picked":["Leap","Turbo"],"picked":"BootSequence","floor":5},{"not_picked":["Lockon","Turbo"],"picked":"Machine Learning","floor":7},{"not_picked":["Hello World","Compile Driver","Sweeping Beam"],"picked":"SKIP","floor":8},{"not_picked":["White Noise","Ball Lightning","Glacier"],"picked":"SKIP","floor":10},{"not_picked":["Lockon","Compile Driver","Hello World"],"picked":"SKIP","floor":11}],"player_experience":996460,"relics_obtained":[{"floor":7,"key":"Smiling Mask"},{"floor":9,"key":"Bag of Marbles"}],"event_choices":[{"damage_healed":0,"gold_gain":0,"player_choice":"Success","damage_taken":3,"relics_obtained":["Peace Pipe"],"max_hp_gain":0,"max_hp_loss":0,"event_name":"Scrap Ooze","floor":4,"gold_loss":0},{"damage_healed":18,"gold_gain":0,"player_choice":"Healed and dodged fight","damage_taken":0,"max_hp_gain":0,"max_hp_loss":0,"event_name":"Mushrooms","floor":12,"gold_loss":0,"cards_obtained":["Parasite"]}],"is_beta":false,"boss_relics":[],"items_purged_floors":[14],"is_endless":false,"potions_floor_spawned":[1,7],"killed_by":"Slime Boss","ascension_level":0}