{"gold_per_floor":[114,64,12,24,40,40,59,59,84,149,174,174,122,122,122,220,220,237,249,249,264,278,309,322,322,322,332,343,343,124,144,144,144],"floor_reached":33,"playtime":2552,"items_purged":["Strike_R"],"score":269,"play_id":"15b5de3a-cbcc-44b6-9500-2c784c1b1aca","local_time":"20190416203351","is_ascension_mode":false,"campfire_choices":[{"data":"True Grit","floor":6.0,"key":"SMITH"},{"data":"Battle Trance","floor":8,"key":"SMITH"},{"data":"Bash","floor":15,"key":"SMITH"},{"floor":25,"key":"RECALL"},{"floor":32,"key":"REST"}],"neow_cost":"NONE","seed_source_timestamp":0,"circlet_count":0,"master_deck":["Strike_R","Strike_R","Strike_R","Defend_R","Defend_R","Defend_R","Defend_R","Bash+1","Battle Trance+1","True Grit+1","Shrug It Off","Clothesline","Heavy Blade","Cleave","Limit Break","Shrug It Off+1","Whirlwind","Demon Form"],"special_seed":0,"relics":["Burning Blood","Potion Belt","Ancient Tea Set","Centennial Puzzle","Darkstone Periapt","Torii","Fusion Hammer","Blue Candle","Vajra"],"potions_floor_usage":[10,10,19,22,24,33],"damage_taken":[{"damage":1.0,"enemies":"2 Louse","floor":1.0,"turns":2.0},{"damage":5.0,"enemies":"Jaw Worm","floor":4.0,"turns":5.0},{"damage":6.0,"enemies":"Cultist","floor":5.0,"turns":3.0},{"damage":9,"enemies":"Gremlin Gang","floor":7,"turns":8},{"damage":47,"enemies":"Lagavulin Event","floor":10,"turns":11},{"damage":22,"enemies":"3 Sentries","floor":11,"turns":18},{"damage":32,"enemies":"The Guardian","floor":16,"turns":12},{"damage":11,"enemies":"3 Byrds","floor":18,"turns":6},{"damage":17,"enemies":"Spheric Guardian","floor":19,"turns":6},{"damage":5,"enemies":"Shelled Parasite and Fungi","floor":21,"turns":8},{"damage":9,"enemies":"Cultist and Chosen","floor":22,"turns":6},{"damage":15,"enemies":"Book of Stabbing","floor":23,"turns":7},{"damage":4,"enemies":"Snake Plant","floor":24,"turns":4},{"damage":0,"enemies":"Snecko","floor":27,"turns":3},{"damage":15,"enemies":"Centurion and Healer","floor":28,"turns":7},{"damage":19,"enemies":"3 Cultists","floor":31,"turns":6},{"damage":72,"enemies":"Automaton","floor":33,"turns":6}],"seed_played":"-6600358478815415607","potions_obtained":[{"floor":1.0,"key":"Strength Potion"},{"floor":5.0,"key":"Fire Potion"},{"floor":11,"key":"Block Potion"},{"floor":19,"key":"Block Potion"},{"floor":21,"key":"Strength Potion"},{"floor":22,"key":"Explosive Potion"},{"floor":31,"key":"Poison Potion"}],"is_trial":false,"path_per_floor":["M","?","?","M","M","R","M","R","T","?","E","?","$","?","R","B",null,"M","M","?","M","M","E","M","R","T","M","M","?","$","M","R","B"],"character_chosen":"IRONCLAD","items_purchased":["Cleave","Demon Form"],"campfire_rested":1,"item_purchase_floors":[13,30],"current_hp_per_floor":[80,80,80,80,80,80,77,77,77,36,20,46,46,46,46,20,80,75,64,64,65,62,53,55,55,55,61,52,57,57,44,68,0],"gold":144,"neow_bonus":"RANDOM_COMMON_RELIC","is_prod":false,"is_daily":false,"chose_seed":false,"campfire_upgraded":3,"win_rate":0,"timestamp":1555461231,"path_taken":["M","?","?","?","?","R","M","R","T","?","E","?","?","?","R","BOSS","M","M","?","M","?","E","M","R","T","M","M","?","?","M","R","BOSS"],"build_version":"2019-01-23","purchased_purges":1,"victory":false,"max_hp_per_floor":[80,80,80,80,80,80,80,80,80,80,80,80,80,80,80,80,80,80,80,80,80,80,80,80,80,80,80,80,80,80,80,80,80],"card_choices":[{"not_picked":["Hemokinesis","Clothesline"],"picked":"Battle Trance","floor":1.0},{"not_picked":["Bloodletting","Havoc","Corruption"],"picked":"SKIP","floor":4.0},{"not_picked":["Sword Boomerang","Cleave"],"picked":"True Grit","floor":5.0},{"not_picked":["Clash","Reaper"],"picked":"Shrug It Off","floor":7},{"not_picked":["Blood for Blood","Sword Boomerang"],"picked":"Clothesline","floor":10},{"not_picked":["Power Through","Wild Strike"],"picked":"Heavy Blade","floor":11},{"not_picked":["Feed","Brutality"],"picked":"Limit Break","floor":16},{"not_picked":["Warcry+1","Clash"],"picked":"Shrug It Off+1","floor":18},{"not_picked":["Iron Wave","Headbutt","Thunderclap"],"picked":"SKIP","floor":19},{"not_picked":["Whirlwind","Thunderclap+1"],"picked":"Warcry+1","floor":21},{"not_picked":["Flex+1","Armaments","Searing Blow"],"picked":"SKIP","floor":22},{"not_picked":["Hemokinesis+1","Rupture","Heavy Blade"],"picked":"SKIP","floor":23},{"not_picked":["Pummel","Sword Boomerang+1","Feel No Pain"],"picked":"SKIP","floor":24},{"not_picked":["Second Wind","Corruption","Fire Breathing"],"picked":"SKIP","floor":27},{"not_picked":["Bloodletting","Searing Blow","Havoc"],"picked":"SKIP","floor":28},{"not_picked":["Havoc+1","Fiend Fire","Headbutt"],"picked":"SKIP","floor":31}],"player_experience":159078,"relics_obtained":[{"floor":9,"key":"Centennial Puzzle"},{"floor":11,"key":"Torii"},{"floor":23,"key":"Blue Candle"},{"floor":26,"key":"Vajra"}],"event_choices":[{"cards_removed":["Strike_R"],"damage_healed":0.0,"max_hp_gain":0.0,"max_hp_loss":0.0,"gold_gain":0.0,"event_name":"The Cleric","player_choice":"Card Removal","floor":2.0,"gold_loss":50.0,"damage_taken":0.0},{"damage_healed":0.0,"max_hp_gain":0.0,"max_hp_loss":0.0,"gold_gain":0.0,"event_name":"WeMeetAgain","player_choice":"Paid Gold","floor":3.0,"gold_loss":52.0,"damage_taken":0.0,"relics_obtained":["Ancient Tea Set"]},{"damage_healed":0,"gold_gain":0,"player_choice":"Searched \u00272\u0027 times","damage_taken":0,"relics_obtained":["Darkstone Periapt"],"max_hp_gain":0,"max_hp_loss":0,"event_name":"Dead Adventurer","floor":10,"gold_loss":0},{"damage_healed":26,"gold_gain":0,"player_choice":"Banana","damage_taken":0,"max_hp_gain":0,"max_hp_loss":0,"event_name":"Big Fish","floor":12,"gold_loss":0},{"damage_healed":0,"gold_gain":0,"player_choice":"Ignored","damage_taken":0,"max_hp_gain":0,"max_hp_loss":0,"event_name":"Liars Game","floor":14,"gold_loss":0},{"damage_healed":0,"gold_gain":0,"player_choice":"1 cards matched","damage_taken":0,"max_hp_gain":0,"max_hp_loss":0,"event_name":"Match and Keep!","floor":20,"gold_loss":0,"cards_obtained":["Whirlwind"]},{"cards_removed":["Warcry"],"damage_healed":5,"gold_gain":0,"player_choice":"Offered Common","damage_taken":0,"max_hp_gain":0,"max_hp_loss":0,"event_name":"Bonfire Elementals","floor":29,"gold_loss":0},{"cards_removed":["Warcry"],"damage_healed":5,"gold_gain":0,"player_choice":"Offered Special","damage_taken":0,"max_hp_gain":0,"max_hp_loss":0,"event_name":"Bonfire Elementals","floor":29,"gold_loss":0}],"is_beta":false,"boss_relics":[{"not_picked":["Empty Cage","Mark of Pain"],"picked":"Fusion Hammer"}],"items_purged_floors":[30],"is_endless":false,"potions_floor_spawned":[1,5,11,19,21,22,31],"killed_by":"Automaton","ascension_level":0}