{"gold_per_floor":[362,362,11,27,52,52,71,71,71,25,44,82,82,106,106,229,229,245,344,363,381,381,381,381],"floor_reached":24,"playtime":1132,"items_purged":[],"score":274,"play_id":"426d108c-2e8f-47d9-9c57-de87d9717467","local_time":"20190421210815","is_ascension_mode":true,"campfire_choices":[{"data":"True Grit","floor":6,"key":"SMITH"},{"data":"Metallicize","floor":8,"key":"SMITH"},{"floor":15,"key":"REST"},{"floor":23,"key":"REST"}],"neow_cost":"TEN_PERCENT_HP_LOSS","seed_source_timestamp":399494172957926,"circlet_count":0,"master_deck":["Strike_R","Strike_R","Strike_R","Strike_R","Strike_R","Defend_R","Defend_R","Defend_R","Defend_R","Bash","True Grit+1","Metallicize+1","Spot Weakness","Clothesline","Whirlwind","Ghostly Armor","Battle Trance","Demon Form","Ghostly Armor"],"relics":["Burning Blood","Golden Idol","Kunai","Red Skull","Lantern","Ice Cream","Bottled Flame","Runic Pyramid"],"potions_floor_usage":[16,16,16,22],"damage_taken":[{"damage":6,"enemies":"2 Louse","floor":1,"turns":4},{"damage":20,"enemies":"Jaw Worm","floor":4,"turns":6},{"damage":10,"enemies":"Small Slimes","floor":7,"turns":4},{"damage":2,"enemies":"Looter","floor":11,"turns":3},{"damage":29,"enemies":"Lagavulin","floor":12,"turns":8},{"damage":4,"enemies":"Blue Slaver","floor":14,"turns":4},{"damage":17,"enemies":"Slime Boss","floor":16,"turns":10},{"damage":12,"enemies":"Shell Parasite","floor":18,"turns":11},{"damage":24,"enemies":"Chosen","floor":20,"turns":6},{"damage":23,"enemies":"Centurion and Healer","floor":21,"turns":9},{"damage":10,"enemies":"Colosseum Slavers","floor":22,"turns":5},{"damage":37,"enemies":"Slavers","floor":24,"turns":3}],"seed_played":"8651816543992686516","potions_obtained":[{"floor":1,"key":"FearPotion"},{"floor":12,"key":"Poison Potion"},{"floor":14,"key":"Block Potion"},{"floor":18,"key":"Explosive Potion"}],"is_trial":false,"path_per_floor":["M","?","$","M","T","R","M","R","T","?","M","E","T","M","R","B",null,"M","?","M","M","?","R","E"],"character_chosen":"IRONCLAD","items_purchased":["True Grit","Metallicize","Kunai"],"campfire_rested":2,"item_purchase_floors":[3,3,3],"current_hp_per_floor":[72,54,54,40,40,40,36,36,36,36,40,17,17,19,40,29,61,55,55,37,20,16,37,0],"gold":381,"neow_bonus":"TWO_FIFTY_GOLD","is_prod":false,"is_daily":false,"chose_seed":false,"campfire_upgraded":2,"win_rate":0,"timestamp":1555895295,"path_taken":["M","?","$","M","?","R","M","R","T","?","M","E","?","M","R","BOSS","M","?","M","M","?","R","E"],"build_version":"2019-01-23","purchased_purges":0,"victory":false,"max_hp_per_floor":[72,72,72,72,72,72,72,72,72,72,72,72,72,72,72,72,72,72,72,72,72,72,72,72],"card_choices":[{"not_picked":["Reckless Charge","Rage","Clash"],"picked":"SKIP","floor":1},{"not_picked":["Shockwave","Blood for Blood"],"picked":"Spot Weakness","floor":4},{"not_picked":["Fire Breathing","Iron Wave"],"picked":"Clothesline","floor":7},{"not_picked":["Second Wind","Warcry"],"picked":"Whirlwind","floor":11},{"not_picked":["Carnage","Spot Weakness"],"picked":"Ghostly Armor","floor":12},{"not_picked":["Cleave","Body Slam"],"picked":"Battle Trance","floor":14},{"not_picked":["Bludgeon","Juggernaut"],"picked":"Demon Form","floor":16},{"not_picked":["Cleave","Warcry","Anger"],"picked":"SKIP","floor":18},{"not_picked":["Iron Wave+1","Heavy Blade+1","Pommel Strike"],"picked":"SKIP","floor":20},{"not_picked":["Shockwave","Flex+1"],"picked":"Ghostly Armor","floor":21}],"player_experience":260595,"relics_obtained":[{"floor":5,"key":"Red Skull"},{"floor":9,"key":"Lantern"},{"floor":12,"key":"Ice Cream"},{"floor":13,"key":"Bottled Flame"}],"event_choices":[{"damage_healed":0,"gold_gain":0,"player_choice":"Take Damage","damage_taken":18,"relics_obtained":["Golden Idol"],"max_hp_gain":0,"max_hp_loss":0,"event_name":"Golden Idol","floor":2,"gold_loss":0},{"damage_healed":0,"gold_gain":0,"player_choice":"Left Gold","damage_taken":0,"max_hp_gain":0,"max_hp_loss":0,"event_name":"World of Goop","floor":10,"gold_loss":46},{"damage_healed":0,"gold_gain":99,"player_choice":"Stole From Cult","damage_taken":0,"max_hp_gain":0,"max_hp_loss":0,"event_name":"Nest","floor":19,"gold_loss":0},{"damage_healed":0,"gold_gain":0,"player_choice":"Fight","damage_taken":0,"max_hp_gain":0,"max_hp_loss":0,"event_name":"Colosseum","floor":22,"gold_loss":0},{"damage_healed":0,"gold_gain":0,"player_choice":"Fled From Nobs","damage_taken":0,"max_hp_gain":0,"max_hp_loss":0,"event_name":"Colosseum","floor":22,"gold_loss":0}],"is_beta":false,"boss_relics":[{"not_picked":["Eternal Feather","Lizard Tail"],"picked":"Runic Pyramid"}],"items_purged_floors":[],"is_endless":false,"potions_floor_spawned":[1,12,14,18,22],"killed_by":"Slavers","ascension_level":8}