{"gold_per_floor":[110,110,124,199,199,199,229,404,454,454,469,469,497,514,514,615,615,632,632,646,70,83,83,93,107,159,159],"floor_reached":27,"playtime":1124,"items_purged":["Defend_R"],"score":223,"play_id":"0e852543-086b-464f-91f3-a6ea755f8303","local_time":"20190316232711","is_ascension_mode":false,"campfire_choices":[{"data":"Armaments","floor":6,"key":"SMITH"},{"floor":12,"key":"REST"},{"data":"Anger","floor":15,"key":"SMITH"},{"floor":23,"key":"REST"}],"neow_cost":"NONE","seed_source_timestamp":21006574156767,"circlet_count":0,"master_deck":["Strike_R","Strike_R","Strike_R","Strike_R","Strike_R","Defend_R","Defend_R","Defend_R+1","Bash+1","Headbutt","Anger+1","Armaments+1","Perfected Strike","Doubt","Thunderclap","Rampage","Cleave","Offering","Thunderclap","Feel No Pain","Heavy Blade","Uppercut","Inflame","Berserk","Flex+1","Thinking Ahead","Fire Breathing+1","Cleave+1","Perfected Strike","Pommel Strike+1"],"relics":["Burning Blood","StoneCalendar","Paper Frog","Oddly Smooth Stone","Du-Vu Doll","Orrery","MutagenicStrength","Frozen Egg 2","Ancient Tea Set"],"potions_floor_usage":[16,20,25],"damage_taken":[{"damage":6,"enemies":"2 Louse","floor":1,"turns":3},{"damage":6,"enemies":"Jaw Worm","floor":3,"turns":2},{"damage":13,"enemies":"Lagavulin","floor":7,"turns":5},{"damage":0,"enemies":"Small Slimes","floor":11,"turns":2},{"damage":22,"enemies":"Gremlin Nob","floor":13,"turns":4},{"damage":0,"enemies":"3 Louse","floor":14,"turns":1},{"damage":25,"enemies":"The Guardian","floor":16,"turns":7},{"damage":16,"enemies":"Chosen","floor":18,"turns":4},{"damage":6,"enemies":"Spheric Guardian","floor":20,"turns":3},{"damage":49,"enemies":"Cultist and Chosen","floor":22,"turns":6},{"damage":33,"enemies":"Centurion and Healer","floor":24,"turns":3},{"damage":20,"enemies":"Shelled Parasite and Fungi","floor":25,"turns":6},{"damage":10,"enemies":"Chosen and Byrds","floor":27,"turns":1}],"seed_played":"-5070961411003468583","potions_obtained":[{"floor":3,"key":"Energy Potion"},{"floor":14,"key":"FearPotion"},{"floor":16,"key":"EssenceOfSteel"},{"floor":25,"key":"Poison Potion"}],"is_trial":false,"path_per_floor":["M","?","M","?","?","R","E","?","T","?","M","R","E","M","R","B",null,"M","?","M","$","M","R","M","M","T","M"],"character_chosen":"IRONCLAD","items_purchased":["Frozen Egg 2","Thinking Ahead","Fire Breathing+1"],"campfire_rested":2,"item_purchase_floors":[21,21,21],"current_hp_per_floor":[80,80,80,69,62,62,55,55,55,39,45,69,53,59,59,40,80,70,70,70,70,27,51,24,10,10,0],"gold":159,"neow_bonus":"THREE_CARDS","is_prod":false,"is_daily":false,"chose_seed":false,"campfire_upgraded":2,"win_rate":0.0,"timestamp":1552793231,"path_taken":["M","?","M","?","?","R","E","?","T","?","?","R","E","M","R","BOSS","M","?","M","$","M","R","M","M","T","M"],"build_version":"2019-01-23","purchased_purges":1,"victory":false,"max_hp_per_floor":[80,80,80,80,80,80,80,80,80,80,80,80,80,80,80,80,80,80,80,80,80,80,80,80,80,80,80],"card_choices":[{"not_picked":["Feel No Pain","Flex"],"picked":"Headbutt","floor":0},{"not_picked":["Bloodletting","Seeing Red"],"picked":"Anger","floor":1},{"not_picked":["Flex","Perfected Strike"],"picked":"Armaments","floor":3},{"not_picked":["Headbutt","True Grit"],"picked":"Perfected Strike","floor":7},{"not_picked":["Brutality","Sword Boomerang"],"picked":"Thunderclap","floor":11},{"not_picked":["Flex","Rupture"],"picked":"Rampage","floor":13},{"not_picked":["Corruption","Iron Wave"],"picked":"Cleave","floor":14},{"not_picked":["Limit Break","Fiend Fire"],"picked":"Offering","floor":16},{"not_picked":["Dual Wield","Infernal Blade"],"picked":"Thunderclap","floor":17},{"not_picked":["True Grit","Shockwave"],"picked":"Feel No Pain","floor":17},{"not_picked":["Wild Strike","Twin Strike"],"picked":"Heavy Blade","floor":17},{"not_picked":["Reckless Charge","Intimidate"],"picked":"Uppercut","floor":17},{"not_picked":["Sword Boomerang","Clash"],"picked":"Inflame","floor":17},{"not_picked":["Clothesline+1","Anger"],"picked":"Berserk","floor":18},{"not_picked":["Disarm","Thunderclap"],"picked":"Flex+1","floor":20},{"not_picked":["Warcry","Disarm"],"picked":"Cleave+1","floor":22},{"not_picked":["Seeing Red","Wild Strike"],"picked":"Perfected Strike","floor":24},{"not_picked":["Rage","Ghostly Armor+1"],"picked":"Pommel Strike+1","floor":25}],"player_experience":28507,"relics_obtained":[{"floor":7,"key":"Paper Frog"},{"floor":9,"key":"Oddly Smooth Stone"},{"floor":13,"key":"Du-Vu Doll"},{"floor":26,"key":"Ancient Tea Set"}],"event_choices":[{"damage_healed":0,"gold_gain":0,"player_choice":"Ignored","damage_taken":0,"max_hp_gain":0,"max_hp_loss":0,"event_name":"Golden Wing","floor":2,"gold_loss":0},{"damage_healed":0,"gold_gain":75,"player_choice":"Gather Gold","damage_taken":11,"max_hp_gain":0,"max_hp_loss":0,"event_name":"World of Goop","floor":4,"gold_loss":0},{"damage_healed":0,"gold_gain":0,"player_choice":"Success","damage_taken":7,"relics_obtained":["StoneCalendar"],"max_hp_gain":0,"max_hp_loss":0,"event_name":"Scrap Ooze","floor":5,"gold_loss":0},{"damage_healed":0,"gold_gain":175,"player_choice":"AGREE","damage_taken":0,"max_hp_gain":0,"max_hp_loss":0,"event_name":"Liars Game","floor":8,"gold_loss":0,"cards_obtained":["Doubt"]},{"damage_healed":0,"gold_gain":0,"player_choice":"Entered Light","damage_taken":16,"max_hp_gain":0,"max_hp_loss":0,"event_name":"Shining Light","floor":10,"gold_loss":0,"cards_upgraded":["Defend_R","Bash"]},{"damage_healed":0,"gold_gain":0,"player_choice":"Inject Mutagens","damage_taken":0,"relics_obtained":["MutagenicStrength"],"max_hp_gain":0,"max_hp_loss":0,"event_name":"Drug Dealer","floor":19,"gold_loss":0}],"is_beta":false,"boss_relics":[{"not_picked":["White Beast Statue","Sozu"],"picked":"Orrery"}],"items_purged_floors":[21],"is_endless":false,"potions_floor_spawned":[3,14,16,25],"killed_by":"Chosen and Byrds","ascension_level":0}