{"gold_per_floor":[118,130,59,76,88,119,138,138,207,207,232,19,82,102,102,207,207,218,230,230,230,247,279,279,293,374,374,473,72,72,85,85,184,184,195,195,209,133,133,133,159,171,171,206,225,0,0,19,19,19,19,19,19,51,51],"floor_reached":55,"playtime":2709,"items_purged":["Strike_R","Strike_R"],"score":792,"play_id":"4aae9929-095d-4080-94a8-f24c44526fda","local_time":"20190604222137","is_ascension_mode":false,"campfire_choices":[{"data":"Anger","floor":8.0,"key":"SMITH"},{"data":"True Grit","floor":10.0,"key":"SMITH"},{"data":"Armaments","floor":15.0,"key":"SMITH"},{"data":"Whirlwind","floor":24.0,"key":"SMITH"},{"data":"Flame Barrier","floor":27.0,"key":"SMITH"},{"data":"1","floor":30.0,"key":"LIFT"},{"data":"2","floor":32.0,"key":"LIFT"},{"data":"Disarm","floor":40.0,"key":"SMITH"},{"floor":49,"key":"RECALL"},{"data":"Iron Wave","floor":52,"key":"SMITH"}],"neow_cost":"NONE","seed_source_timestamp":0,"circlet_count":0,"master_deck":["Strike_R","Defend_R","Defend_R","Defend_R","Defend_R","Bash+1","Corruption","Shockwave","Iron Wave","True Grit+1","Iron Wave+1","Shrug It Off","Iron Wave","Anger+1","Feed","Flame Barrier+1","Armaments+1","Juggernaut","Feel No Pain+1","Whirlwind+1","Fiend Fire","Metallicize","Spot Weakness","Disarm+1","Bludgeon","Metallicize","Flame Barrier","Whirlwind+1"],"special_seed":0,"relics":["Burning Blood","Nunchaku","Bottled Flame","Prayer Wheel","Tiny Chest","Sozu","Enchiridion","Peace Pipe","Letter Opener","Girya","Busted Crown","Singing Bowl","Art of War","Pen Nib","Blood Vial"],"potions_floor_usage":[55],"damage_taken":[{"damage":1.0,"enemies":"Cultist","floor":1.0,"turns":3.0},{"damage":10.0,"enemies":"Small Slimes","floor":2.0,"turns":4.0},{"damage":3.0,"enemies":"Jaw Worm","floor":4.0,"turns":4.0},{"damage":6.0,"enemies":"Large Slime","floor":5.0,"turns":8.0},{"damage":25.0,"enemies":"3 Sentries","floor":6.0,"turns":10.0},{"damage":6.0,"enemies":"2 Fungi Beasts","floor":7.0,"turns":4.0},{"damage":16.0,"enemies":"Gremlin Nob","floor":11.0,"turns":5.0},{"damage":13.0,"enemies":"3 Sentries","floor":13.0,"turns":5.0},{"damage":2.0,"enemies":"Looter","floor":14.0,"turns":3.0},{"damage":19.0,"enemies":"The Guardian","floor":16.0,"turns":15.0},{"damage":13.0,"enemies":"2 Thieves","floor":18.0,"turns":5.0},{"damage":1.0,"enemies":"Chosen","floor":19.0,"turns":8.0},{"damage":11.0,"enemies":"Shelled Parasite and Fungi","floor":22.0,"turns":6.0},{"damage":31.0,"enemies":"Slavers","floor":23.0,"turns":4.0},{"damage":0.0,"enemies":"Centurion and Healer","floor":25.0,"turns":6.0},{"damage":1.0,"enemies":"Sentry and Sphere","floor":31.0,"turns":6.0},{"damage":15.0,"enemies":"Automaton","floor":33.0,"turns":8.0},{"damage":7.0,"enemies":"3 Shapes","floor":35.0,"turns":4.0},{"damage":0.0,"enemies":"3 Darklings","floor":37.0,"turns":3.0},{"damage":33.0,"enemies":"Reptomancer","floor":41.0,"turns":7.0},{"damage":23.0,"enemies":"Writhing Mass","floor":42.0,"turns":3.0},{"damage":24.0,"enemies":"Nemesis","floor":44.0,"turns":9.0},{"damage":25.0,"enemies":"Sphere and 2 Shapes","floor":45.0,"turns":5.0},{"damage":0.0,"enemies":"Jaw Worm Horde","floor":48.0,"turns":4.0},{"damage":22,"enemies":"Time Eater","floor":50,"turns":6},{"damage":56,"enemies":"Shield and Spear","floor":54,"turns":6},{"damage":82,"enemies":"The Heart","floor":55,"turns":8}],"seed_played":"29781060265807965","potions_obtained":[{"floor":1.0,"key":"Explosive Potion"},{"floor":7.0,"key":"SkillPotion"},{"floor":11.0,"key":"PowerPotion"},{"floor":13.0,"key":"Strength Potion"}],"is_trial":false,"path_per_floor":["M","M","$","M","M","E","M","R","T","R","E","$","E","M","R","B",null,"M","M","?","?","M","E","R","M","T","R","?","$","R","M","R","B",null,"M","?","M","$","?","R","E","M","T","E","M","$","?","M","R","B",null,"R","$","E","B"],"character_chosen":"IRONCLAD","items_purchased":["Iron Wave","True Grit","Feed","Girya","Metallicize","Flame Barrier","Pen Nib"],"campfire_rested":0,"item_purchase_floors":[3,3,12,29,38,46,46],"current_hp_per_floor":[80,76,76,79,79,60,60,60,60,60,50,50,46,53,53,40,86,82,90,74,74,69,47,47,53,53,53,53,53,53,61,61,55,101,103,103,107,107,107,107,85,72,72,56,44,44,109,114,114,98,114,114,114,70,0],"gold":51,"neow_bonus":"UPGRADE_CARD","is_prod":false,"is_daily":false,"chose_seed":false,"campfire_upgraded":7,"win_rate":0,"timestamp":1559701297,"path_taken":["M","M","?","M","?","E","M","R","T","R","E","$","E","M","R","BOSS","M","M","?","?","M","E","R","M","T","R","?","$","R","M","R","BOSS","M","?","M","$","?","R","E","?","T","E","M","?","?","M","R","BOSS","R","$","E","BOSS"],"build_version":"2019-01-23","purchased_purges":2,"victory":false,"max_hp_per_floor":[80,80,80,80,80,80,80,80,80,80,80,80,83,86,86,86,86,89,92,92,92,92,95,95,95,95,95,95,95,95,98,98,101,101,104,104,107,107,107,107,112,116,116,118,125,125,109,114,114,114,114,114,114,120,120],"card_choices":[{"not_picked":["Body Slam","Rupture"],"picked":"Corruption","floor":1.0},{"not_picked":["True Grit","Pummel"],"picked":"Shockwave","floor":2.0},{"not_picked":["True Grit","Clash"],"picked":"Iron Wave","floor":4.0},{"not_picked":["Ghostly Armor","True Grit"],"picked":"Shrug It Off","floor":5.0},{"not_picked":["Rupture","Seeing Red"],"picked":"Iron Wave","floor":6.0},{"not_picked":["Infernal Blade","Wild Strike"],"picked":"Anger","floor":7.0},{"not_picked":["Heavy Blade","Rupture","Clash"],"picked":"SKIP","floor":11.0},{"not_picked":["Cleave","Bloodletting"],"picked":"Flame Barrier","floor":13.0},{"not_picked":["Cleave","Power Through"],"picked":"Armaments","floor":14.0},{"not_picked":["Reaper","Sword Boomerang","Fire Breathing"],"picked":"SKIP","floor":14.0},{"not_picked":["Reaper","Double Tap"],"picked":"Juggernaut","floor":16.0},{"not_picked":["Spot Weakness","Hemokinesis+1"],"picked":"Feel No Pain+1","floor":18.0},{"not_picked":["Havoc","Headbutt","Fire Breathing+1"],"picked":"SKIP","floor":18.0},{"not_picked":["Anger+1","Armaments","Evolve"],"picked":"SKIP","floor":19.0},{"not_picked":["Infernal Blade","Wild Strike","Twin Strike"],"picked":"SKIP","floor":19.0},{"not_picked":["Twin Strike","True Grit"],"picked":"Metallicize","floor":22.0},{"not_picked":["Clothesline","Sword Boomerang"],"picked":"Spot Weakness","floor":22.0},{"not_picked":["Bloodletting","Corruption","Berserk"],"picked":"SKIP","floor":23.0},{"not_picked":["Havoc","Armaments+1","Anger"],"picked":"SKIP","floor":25.0},{"not_picked":["Pommel Strike","Entrench","Second Wind+1"],"picked":"SKIP","floor":25.0},{"not_picked":["Clothesline","Havoc"],"picked":"Disarm","floor":31.0},{"not_picked":["Perfected Strike+1","Carnage+1","Havoc"],"picked":"SKIP","floor":31.0},{"not_picked":["Brutality","Fiend Fire"],"picked":"Bludgeon","floor":33.0},{"not_picked":["Clash+1"],"picked":"SKIP","floor":35.0},{"not_picked":["Headbutt+1"],"picked":"SKIP","floor":35.0},{"not_picked":["Clash+1"],"picked":"SKIP","floor":37.0},{"not_picked":["Rampage+1"],"picked":"SKIP","floor":37.0},{"not_picked":["Anger+1"],"picked":"Singing Bowl","floor":41.0},{"not_picked":["Clash+1"],"picked":"Singing Bowl","floor":42.0},{"not_picked":["Power Through+1"],"picked":"Singing Bowl","floor":42.0},{"not_picked":["Wild Strike"],"picked":"Singing Bowl","floor":44.0},{"not_picked":["Cleave+1"],"picked":"Singing Bowl","floor":45.0},{"not_picked":["Juggernaut"],"picked":"Singing Bowl","floor":45.0},{"not_picked":[],"picked":"Whirlwind+1","floor":48.0},{"not_picked":["Twin Strike+1"],"picked":"Singing Bowl","floor":48.0},{"not_picked":["Wild Strike"],"picked":"Singing Bowl","floor":54}],"player_experience":558200,"relics_obtained":[{"floor":6.0,"key":"Nunchaku"},{"floor":9.0,"key":"Bottled Flame"},{"floor":11.0,"key":"Prayer Wheel"},{"floor":13.0,"key":"Tiny Chest"},{"floor":20.0,"key":"Enchiridion"},{"floor":23.0,"key":"Peace Pipe"},{"floor":26.0,"key":"Letter Opener"},{"floor":41.0,"key":"Singing Bowl"},{"floor":44.0,"key":"Art of War"},{"floor":54,"key":"Blood Vial"}],"event_choices":[{"damage_healed":0.0,"max_hp_gain":0.0,"max_hp_loss":0.0,"gold_gain":0.0,"event_name":"Cursed Tome","player_choice":"Obtained Book","floor":20.0,"gold_loss":0.0,"damage_taken":16.0},{"damage_healed":0.0,"max_hp_gain":0.0,"max_hp_loss":0.0,"gold_gain":0.0,"cards_transformed":["Strike_R","Strike_R"],"event_name":"Drug Dealer","player_choice":"Became Test Subject","floor":21.0,"gold_loss":0.0,"damage_taken":0.0,"cards_obtained":["Whirlwind","Fiend Fire"]},{"damage_healed":0.0,"max_hp_gain":0.0,"max_hp_loss":0.0,"gold_gain":99.0,"event_name":"Nest","player_choice":"Stole From Cult","floor":28.0,"gold_loss":0.0,"damage_taken":0.0},{"damage_healed":0.0,"max_hp_gain":0.0,"max_hp_loss":0.0,"gold_gain":0.0,"event_name":"SensoryStone","player_choice":"Memory 1","floor":36.0,"gold_loss":0.0,"damage_taken":0.0},{"damage_healed":0.0,"max_hp_gain":0.0,"max_hp_loss":0.0,"gold_gain":0.0,"event_name":"Lab","player_choice":"Got Potions","floor":39.0,"gold_loss":0.0,"damage_taken":0.0},{"damage_healed":109.0,"max_hp_gain":0.0,"max_hp_loss":16.0,"gold_gain":0.0,"event_name":"The Moai Head","player_choice":"Heal","floor":47.0,"gold_loss":0.0,"damage_taken":0.0}],"is_beta":false,"boss_relics":[{"not_picked":["Ectoplasm","Pandora\u0027s Box"],"picked":"Sozu"},{"not_picked":["Runic Cube","Orrery"],"picked":"Busted Crown"}],"items_purged_floors":[12,29],"is_endless":false,"potions_floor_spawned":[1,7,11,13,14,19,22,25,33,37,45,48],"killed_by":"The Heart","ascension_level":0}