{"gold_per_floor":[109,121,131,150,150,150,27,27,54,67,17,17,17,17,17,120,120,132,144,161,175,195,195,225,57,57,71,71,71],"floor_reached":29,"playtime":1694,"items_purged":["Regret","Strike_R"],"score":332,"play_id":"95312021-bb21-42ac-abb0-15d8e3a2b870","local_time":"20190603223654","is_ascension_mode":true,"campfire_choices":[{"data":"Shrug It Off","floor":6,"key":"SMITH"},{"data":"Flex","floor":8,"key":"SMITH"},{"data":"Flex","floor":13,"key":"SMITH"},{"data":"Bash","floor":15,"key":"SMITH"},{"floor":23,"key":"REST"}],"neow_cost":"NONE","seed_source_timestamp":695168597990630,"circlet_count":0,"master_deck":["Strike_R","Strike_R","Defend_R","Bash+1","Bloodletting","Shrug It Off+1","Clash","Flex+1","Flex+1","Double Tap","Thunderclap","Cleave+1","Sword Boomerang+1","Battle Trance","Warcry+1","Body Slam","Inflame"],"relics":["Black Blood","Bronze Scales","Orichalcum","Mummified Hand"],"potions_floor_usage":[16,16,20,20,21],"damage_taken":[{"damage":11,"enemies":"Jaw Worm","floor":1,"turns":4},{"damage":10,"enemies":"Small Slimes","floor":2,"turns":4},{"damage":0,"enemies":"2 Louse","floor":3,"turns":3},{"damage":14,"enemies":"2 Fungi Beasts","floor":4,"turns":5},{"damage":0,"enemies":"Looter","floor":10,"turns":2},{"damage":54,"enemies":"The Guardian","floor":16,"turns":6},{"damage":15,"enemies":"Chosen","floor":18,"turns":3},{"damage":17,"enemies":"Shell Parasite","floor":19,"turns":3},{"damage":15,"enemies":"Centurion and Healer","floor":20,"turns":3},{"damage":18,"enemies":"Snecko","floor":21,"turns":3},{"damage":34,"enemies":"Cultist and Chosen","floor":22,"turns":6},{"damage":33,"enemies":"Gremlin Leader","floor":24,"turns":5},{"damage":6,"enemies":"3 Cultists","floor":27,"turns":3},{"damage":29,"enemies":"Slavers","floor":29,"turns":1}],"seed_played":"-5591545663783483595","potions_obtained":[{"floor":1,"key":"Regen Potion"},{"floor":3,"key":"Strength Potion"},{"floor":10,"key":"Explosive Potion"},{"floor":18,"key":"Explosive Potion"},{"floor":20,"key":"Fire Potion"}],"is_trial":false,"path_per_floor":["M","M","M","M","?","R","$","R","T","M","?","$","R","?","R","B",null,"M","M","M","M","M","R","E","$","T","M","?","E"],"character_chosen":"IRONCLAD","items_purchased":["Flex","Battle Trance"],"campfire_rested":1,"item_purchase_floors":[7,25],"current_hp_per_floor":[67,63,69,61,61,61,61,61,61,67,67,67,67,60,60,17,64,59,52,47,39,15,39,16,16,16,20,20,0],"gold":71,"neow_bonus":"REMOVE_CARD","is_prod":false,"is_daily":false,"chose_seed":false,"campfire_upgraded":4,"win_rate":0,"timestamp":1559615814,"path_taken":["M","M","M","M","?","R","$","R","T","M","?","?","R","?","R","BOSS","M","M","M","M","M","R","E","$","T","M","?","E"],"build_version":"2019-01-23","purchased_purges":2,"victory":false,"max_hp_per_floor":[80,80,80,80,80,80,80,80,80,80,80,80,80,80,80,80,80,80,80,80,80,80,80,80,80,80,80,80,80],"card_choices":[{"not_picked":["Rage","Anger"],"picked":"Bloodletting","floor":1},{"not_picked":["Dual Wield","Sentinel"],"picked":"Shrug It Off","floor":2},{"not_picked":["Armaments","Anger","Twin Strike"],"picked":"SKIP","floor":3},{"not_picked":["Pommel Strike","Rage"],"picked":"Clash","floor":4},{"not_picked":["Sword Boomerang","Rupture"],"picked":"Flex","floor":10},{"not_picked":["Demon Form","Offering"],"picked":"Double Tap","floor":16},{"not_picked":["Power Through","Flex","Clothesline"],"picked":"SKIP","floor":18},{"not_picked":["Bloodletting","Inflame"],"picked":"Thunderclap","floor":19},{"not_picked":["Flex","Body Slam"],"picked":"Cleave+1","floor":20},{"not_picked":["Armaments","Ghostly Armor","Hemokinesis"],"picked":"SKIP","floor":21},{"not_picked":["Anger","Demon Form","Iron Wave"],"picked":"SKIP","floor":22},{"not_picked":["Fiend Fire","True Grit"],"picked":"Sword Boomerang+1","floor":24},{"not_picked":["Corruption","Ghostly Armor"],"picked":"Warcry+1","floor":27}],"player_experience":400360,"relics_obtained":[{"floor":24,"key":"Orichalcum"},{"floor":26,"key":"Mummified Hand"}],"event_choices":[{"damage_healed":0,"gold_gain":0,"player_choice":"Box","damage_taken":0,"relics_obtained":["Bronze Scales"],"max_hp_gain":0,"max_hp_loss":0,"event_name":"Big Fish","floor":5,"gold_loss":0,"cards_obtained":["Regret"]},{"cards_removed":["Defend_R"],"damage_healed":0,"gold_gain":0,"player_choice":"Card Removal","damage_taken":0,"max_hp_gain":0,"max_hp_loss":0,"event_name":"The Cleric","floor":11,"gold_loss":50},{"cards_removed":["Defend_R"],"damage_healed":0,"gold_gain":0,"player_choice":"Card Removal","damage_taken":7,"max_hp_gain":0,"max_hp_loss":0,"event_name":"Golden Wing","floor":14,"gold_loss":0},{"damage_healed":0,"gold_gain":0,"cards_transformed":["Strike_R","Strike_R"],"player_choice":"Became Test Subject","damage_taken":0,"max_hp_gain":0,"max_hp_loss":0,"event_name":"Drug Dealer","floor":28,"gold_loss":0,"cards_obtained":["Body Slam","Inflame"]}],"is_beta":false,"boss_relics":[{"not_picked":["Snecko Eye","Cursed Key"],"picked":"Black Blood"}],"items_purged_floors":[7,25],"is_endless":false,"potions_floor_spawned":[1,3,10,18,20],"killed_by":"Slavers","ascension_level":8}