{"gold_per_floor":[110,122,132,143,143,177,177,33,33,60,60,75,75,103,103,198,248,261,261,4,20,20,49,63,82,82,82,82,42,42,61,61,162,162,175,191,191,211,260,290,290,301,301,25,25,42,58,76,76,76],"floor_reached":50,"playtime":3064,"items_purged":["Pain"],"score":564,"play_id":"f2d8448e-fce4-496c-ac05-3d553ccf59a9","local_time":"20190323094848","is_ascension_mode":false,"campfire_choices":[{"data":"Adrenaline","floor":11.0,"key":"SMITH"},{"data":"Deadly Poison","floor":13.0,"key":"SMITH"},{"floor":15.0,"key":"REST"},{"data":"Tools of the Trade","floor":27.0,"key":"SMITH"},{"data":"Poisoned Stab","floor":30.0,"key":"SMITH"},{"floor":32.0,"key":"REST"},{"floor":41,"key":"REST"},{"data":"Apotheosis","floor":45,"key":"SMITH"},{"floor":49,"key":"REST"}],"neow_cost":"NONE","seed_source_timestamp":0,"circlet_count":0,"master_deck":["Defend_G","Defend_G","Defend_G","Defend_G","Strike_G","Strike_G+1","Strike_G","Strike_G","Strike_G","Survivor+1","Neutralize","Dagger Throw","Underhanded Strike","Bane","Quick Slash+1","PiercingWail","Adrenaline+1","Tactician","Deadly Poison+1","Tools of the Trade+1","Corpse Explosion","All Out Attack","Caltrops+1","Flying Knee","Poisoned Stab+1","Dagger Throw+1","Prepared+1","Corpse Explosion","Quick Slash+1","Apotheosis+1","Quick Slash+1","Flying Knee+1","Well Laid Plans+1","Footwork+1","Infinite Blades+1","Crippling Poison+1","Footwork+1"],"special_seed":0,"relics":["Black Star","Pantograph","Gremlin Horn","WarpedTongs","Meat on the Bone","Bottled Flame","Mercury Hourglass","Smiling Mask","Potion Belt","Tiny House","Bottled Tornado","Happy Flower","Frozen Egg 2","Mummified Hand","MutagenicStrength","Philosopher\u0027s Stone","Incense Burner","Ginger","Strawberry","Whetstone","Bag of Marbles"],"potions_floor_usage":[38,40,40,40,40,40,40,40,40,40,40,40,40,40,50,50],"damage_taken":[{"damage":2.0,"enemies":"2 Louse","floor":1.0,"turns":3.0},{"damage":2.0,"enemies":"Jaw Worm","floor":2.0,"turns":5.0},{"damage":1.0,"enemies":"Cultist","floor":3.0,"turns":4.0},{"damage":0.0,"enemies":"Exordium Wildlife","floor":4.0,"turns":3.0},{"damage":14.0,"enemies":"Gremlin Nob","floor":6.0,"turns":4.0},{"damage":5.0,"enemies":"3 Sentries","floor":10.0,"turns":8.0},{"damage":3.0,"enemies":"Exordium Thugs","floor":12.0,"turns":3.0},{"damage":5.0,"enemies":"Gremlin Nob","floor":14.0,"turns":3.0},{"damage":12.0,"enemies":"Hexaghost","floor":16.0,"turns":9.0},{"damage":31.0,"enemies":"Shell Parasite","floor":18.0,"turns":4.0},{"damage":0.0,"enemies":"Chosen","floor":21.0,"turns":4.0},{"damage":29.0,"enemies":"Book of Stabbing","floor":23.0,"turns":6.0},{"damage":3.0,"enemies":"Snake Plant","floor":24.0,"turns":4.0},{"damage":3.0,"enemies":"Snecko","floor":25.0,"turns":3.0},{"damage":9.0,"enemies":"Centurion and Healer","floor":31.0,"turns":3.0},{"damage":73.0,"enemies":"Automaton","floor":33.0,"turns":8.0},{"damage":15,"enemies":"3 Darklings","floor":35,"turns":2},{"damage":3,"enemies":"3 Shapes","floor":36,"turns":2},{"damage":22,"enemies":"Spire Growth","floor":38,"turns":4},{"damage":22,"enemies":"2 Orb Walkers","floor":39,"turns":2},{"damage":33,"enemies":"Nemesis","floor":40,"turns":5},{"damage":12,"enemies":"Jaw Worm Horde","floor":42,"turns":3},{"damage":5,"enemies":"Transient","floor":46,"turns":5},{"damage":12,"enemies":"Sphere and 2 Shapes","floor":47,"turns":3},{"damage":16,"enemies":"Writhing Mass","floor":48,"turns":4},{"damage":85,"enemies":"Awakened One","floor":50,"turns":7}],"seed_played":"-8596176898754260399","potions_obtained":[{"floor":1.0,"key":"GamblersBrew"},{"floor":2.0,"key":"Poison Potion"},{"floor":6.0,"key":"Fire Potion"},{"floor":16.0,"key":"SpeedPotion"},{"floor":17.0,"key":"EssenceOfSteel"},{"floor":18.0,"key":"Swift Potion"},{"floor":23.0,"key":"PowerPotion"},{"floor":29.0,"key":"EntropicBrew"},{"floor":29.0,"key":"EntropicBrew"},{"floor":29.0,"key":"Block Potion"},{"floor":31.0,"key":"SteroidPotion"},{"floor":33.0,"key":"Dexterity Potion"},{"floor":36,"key":"EssenceOfSteel"},{"floor":38,"key":"SpeedPotion"},{"floor":42,"key":"Ancient Potion"}],"is_trial":false,"path_per_floor":["M","M","M","M","?","E","?","$","T","E","R","M","R","E","R","B",null,"M","?","$","M","$","E","M","M","T","R","?","?","R","M","R","B",null,"M","M","?","M","?","E","R","M","T","$","R","M","M","M","R","B"],"character_chosen":"THE_SILENT","items_purchased":["Adrenaline","Bottled Tornado","Infinite Blades+1","Bag of Marbles"],"campfire_rested":4,"item_purchase_floors":[8,20,44,44],"current_hp_per_floor":[68,66,65,65,65,51,51,51,51,46,46,43,43,38,59,58,75,44,44,44,44,44,27,36,45,45,45,45,45,45,48,70,14,75,60,57,57,47,37,23,47,47,47,47,47,42,42,38,62,0],"gold":76,"neow_bonus":"BOSS_RELIC","is_prod":false,"is_daily":false,"chose_seed":false,"campfire_upgraded":5,"win_rate":0.0,"timestamp":1553348928,"path_taken":["M","M","M","M","?","E","?","$","T","E","R","?","R","E","R","BOSS","M","?","?","M","$","E","M","M","T","R","?","?","R","M","R","BOSS","M","M","?","M","?","E","R","M","T","$","R","?","M","M","R","BOSS"],"build_version":"2019-01-23","purchased_purges":1,"victory":false,"max_hp_per_floor":[70,70,70,70,70,70,70,70,70,70,70,70,70,70,70,70,75,75,75,75,75,75,75,75,75,75,75,75,75,75,75,75,75,75,75,75,75,75,75,82,82,82,82,82,82,82,82,82,82,82],"card_choices":[{"not_picked":["Backstab","Dash"],"picked":"Dagger Throw","floor":1.0},{"not_picked":["Expertise","Blade Dance"],"picked":"Underhanded Strike","floor":2.0},{"not_picked":["Outmaneuver","Leg Sweep"],"picked":"Bane","floor":3.0},{"not_picked":["Catalyst","Reflex"],"picked":"Quick Slash","floor":4.0},{"not_picked":["Outmaneuver","Deflect"],"picked":"PiercingWail","floor":6.0},{"not_picked":["Prepared","Quick Slash"],"picked":"Tactician","floor":10.0},{"not_picked":["Terror","Quick Slash"],"picked":"Deadly Poison","floor":12.0},{"not_picked":["Terror","Riddle With Holes"],"picked":"Tools of the Trade","floor":14.0},{"not_picked":["Wraith Form v2","Bullet Time"],"picked":"Corpse Explosion","floor":16.0},{"not_picked":["Choke","Outmaneuver"],"picked":"All Out Attack","floor":17.0},{"not_picked":["Deflect","Prepared"],"picked":"Caltrops+1","floor":18.0},{"not_picked":["Deflect","Quick Slash"],"picked":"Flying Knee","floor":21.0},{"not_picked":["Dodge and Roll","Adrenaline"],"picked":"Poisoned Stab","floor":23.0},{"not_picked":["Eviscerate","Blade Dance","Outmaneuver"],"picked":"SKIP","floor":24.0},{"not_picked":["Deadly Poison+1","Skewer"],"picked":"Dagger Throw+1","floor":25.0},{"not_picked":["Skewer","Bouncing Flask"],"picked":"Prepared+1","floor":31.0},{"not_picked":["Adrenaline","Malaise"],"picked":"Corpse Explosion","floor":33.0},{"not_picked":["Deflect+1","Backstab+1","Backflip"],"picked":"SKIP","floor":35},{"not_picked":["Finisher","Deadly Poison"],"picked":"Quick Slash+1","floor":36},{"not_picked":["Purity","Panacea"],"picked":"Apotheosis","floor":37},{"not_picked":["Skewer+1","Dagger Throw+1"],"picked":"Quick Slash+1","floor":38},{"not_picked":["Prepared","Blur+1"],"picked":"Flying Knee+1","floor":39},{"not_picked":["Calculated Gamble+1","Deflect+1"],"picked":"Well Laid Plans+1","floor":40},{"not_picked":["Flechettes","Distraction+1"],"picked":"Footwork+1","floor":42},{"not_picked":["Slice","Bane","Dagger Spray+1"],"picked":"SKIP","floor":46},{"not_picked":["Underhanded Strike","Dagger Throw+1"],"picked":"Crippling Poison+1","floor":47},{"not_picked":["Reflex","Dodge and Roll"],"picked":"Footwork+1","floor":48}],"player_experience":70764,"relics_obtained":[{"floor":6.0,"key":"Pantograph"},{"floor":6.0,"key":"Gremlin Horn"},{"floor":9.0,"key":"Meat on the Bone"},{"floor":10.0,"key":"Bottled Flame"},{"floor":10.0,"key":"Mercury Hourglass"},{"floor":14.0,"key":"Smiling Mask"},{"floor":14.0,"key":"Potion Belt"},{"floor":23.0,"key":"Happy Flower"},{"floor":23.0,"key":"Frozen Egg 2"},{"floor":26.0,"key":"Mummified Hand"},{"floor":39,"key":"Incense Burner"},{"floor":40,"key":"Ginger"},{"floor":40,"key":"Strawberry"},{"floor":43,"key":"Whetstone"}],"event_choices":[{"damage_healed":0.0,"max_hp_gain":0.0,"max_hp_loss":0.0,"gold_gain":0.0,"event_name":"The Cleric","player_choice":"Leave","floor":5.0,"gold_loss":0.0,"damage_taken":0.0},{"damage_healed":0.0,"max_hp_gain":0.0,"max_hp_loss":0.0,"gold_gain":0.0,"event_name":"Accursed Blacksmith","player_choice":"Rummage","floor":7.0,"gold_loss":0.0,"damage_taken":0.0,"relics_obtained":["WarpedTongs"],"cards_obtained":["Pain"]},{"cards_removed":["Defend_G"],"damage_healed":0.0,"max_hp_gain":0.0,"max_hp_loss":0.0,"gold_gain":0.0,"event_name":"Purifier","player_choice":"Purged","floor":19.0,"gold_loss":0.0,"damage_taken":0.0},{"damage_healed":0.0,"max_hp_gain":0.0,"max_hp_loss":0.0,"gold_gain":0.0,"event_name":"Drug Dealer","player_choice":"Inject Mutagens","floor":28.0,"gold_loss":0.0,"damage_taken":0.0,"relics_obtained":["MutagenicStrength"]},{"damage_healed":0.0,"max_hp_gain":0.0,"max_hp_loss":0.0,"gold_gain":0.0,"event_name":"The Woman in Blue","player_choice":"Bought 3 Potions","floor":29.0,"gold_loss":0.0,"damage_taken":0.0},{"damage_healed":0,"gold_gain":0,"player_choice":"Memory 1","damage_taken":0,"max_hp_gain":0,"max_hp_loss":0,"event_name":"SensoryStone","floor":37,"gold_loss":0},{"damage_healed":0,"gold_gain":0,"player_choice":"Fight","damage_taken":0,"max_hp_gain":0,"max_hp_loss":0,"event_name":"Mysterious Sphere","floor":39,"gold_loss":0}],"is_beta":false,"boss_relics":[{"not_picked":["Calling Bell","Ectoplasm"],"picked":"Tiny House"},{"not_picked":["Runic Pyramid","Astrolabe"],"picked":"Philosopher\u0027s Stone"}],"items_purged_floors":[44],"is_endless":false,"potions_floor_spawned":[1,2,6,16,18,23,31,33,36,38,42],"killed_by":"Awakened One","ascension_level":0}