{"gold_per_floor":[17,33,45,45,65,65,83,118,172,186,205,205,119,131,131,231,231,246,258,272,272,10,10,41,41,68,86,101,101,114,147,147,242,242,261,280,296,312,312,312,325,350,396,396,406,406],"floor_reached":46,"playtime":2756,"items_purged":[],"score":575,"play_id":"d2a7c942-1fe2-467b-a218-e6215e984c37","local_time":"20190410215922","is_ascension_mode":true,"campfire_choices":[{"data":"Neutralize","floor":6,"key":"SMITH"},{"data":"Corpse Explosion","floor":15,"key":"SMITH"},{"floor":23,"key":"RECALL"},{"floor":29,"key":"REST"},{"data":"Poisoned Stab","floor":32,"key":"SMITH"},{"floor":40,"key":"REST"}],"neow_cost":"NO_GOLD","seed_source_timestamp":566825507531936,"circlet_count":0,"master_deck":["Defend_G+1","Defend_G+1","Defend_G+1","Defend_G+1","Defend_G+1","Strike_G+1","Strike_G+1","Strike_G+1","Strike_G+1","Strike_G+1","Survivor","Neutralize+1","Corpse Explosion+1","Quick Slash","PiercingWail","Poisoned Stab","Dagger Throw","Bane","Doppelganger+1","Poisoned Stab+1","Reflex","Bane","Flying Knee","Bullet Time","Prepared+1","Distraction+1","Backstab","Escape Plan","Injury","Poisoned Stab","Bane","Heel Hook","Corpse Explosion","Deadly Poison+1","Catalyst+1","Prepared","Terror+1","Madness","Madness"],"relics":["Ring of the Snake","Gambling Chip","Cursed Key","Gremlin Horn","Shuriken","Regal Pillow","Ancient Tea Set","Busted Crown","Molten Egg 2","Happy Flower","Spirit Poop"],"potions_floor_usage":[16,16,18,31,33,37,38,46,46,46],"damage_taken":[{"damage":0,"enemies":"Jaw Worm","floor":1,"turns":5},{"damage":0,"enemies":"2 Louse","floor":2,"turns":2},{"damage":1,"enemies":"Cultist","floor":3,"turns":4},{"damage":3,"enemies":"Red Slaver","floor":5,"turns":5},{"damage":3,"enemies":"2 Fungi Beasts","floor":7,"turns":3},{"damage":25,"enemies":"Gremlin Nob","floor":8,"turns":4},{"damage":10,"enemies":"3 Louse","floor":10,"turns":3},{"damage":0,"enemies":"Exordium Wildlife","floor":11,"turns":2},{"damage":0,"enemies":"Lots of Slimes","floor":14,"turns":1},{"damage":16,"enemies":"Hexaghost","floor":16,"turns":6},{"damage":7,"enemies":"Spheric Guardian","floor":18,"turns":5},{"damage":0,"enemies":"Chosen","floor":19,"turns":3},{"damage":11,"enemies":"Snake Plant","floor":20,"turns":4},{"damage":4,"enemies":"Book of Stabbing","floor":24,"turns":5},{"damage":20,"enemies":"Sentry and Sphere","floor":27,"turns":5},{"damage":0,"enemies":"Cultist and Chosen","floor":28,"turns":4},{"damage":16,"enemies":"Snake Plant","floor":30,"turns":5},{"damage":5,"enemies":"Slavers","floor":31,"turns":4},{"damage":22,"enemies":"Champ","floor":33,"turns":8},{"damage":0,"enemies":"Orb Walker","floor":35,"turns":3},{"damage":17,"enemies":"3 Shapes","floor":36,"turns":4},{"damage":10,"enemies":"Writhing Mass","floor":37,"turns":5},{"damage":0,"enemies":"Jaw Worm Horde","floor":38,"turns":1},{"damage":4,"enemies":"Spire Growth","floor":41,"turns":3},{"damage":42,"enemies":"Reptomancer","floor":42,"turns":5},{"damage":6,"enemies":"Sphere and 2 Shapes","floor":45,"turns":3},{"damage":25,"enemies":"Nemesis","floor":46,"turns":2}],"seed_played":"4672509506528772791","potions_obtained":[{"floor":2,"key":"SteroidPotion"},{"floor":7,"key":"GamblersBrew"},{"floor":8,"key":"Weak Potion"},{"floor":11,"key":"Poison Potion"},{"floor":19,"key":"Ancient Potion"},{"floor":27,"key":"Regen Potion"},{"floor":31,"key":"GhostInAJar"},{"floor":33,"key":"Swift Potion"},{"floor":35,"key":"LiquidBronze"},{"floor":37,"key":"Fruit Juice"},{"floor":41,"key":"FearPotion"},{"floor":45,"key":"Swift Potion"}],"is_trial":false,"path_per_floor":["M","M","M","?","M","R","M","E","T","M","M","?","$","M","R","B",null,"M","M","M","?","$","R","E","?","T","M","M","R","M","E","R","B",null,"M","M","M","M","?","R","M","E","T","?","M","E"],"character_chosen":"THE_SILENT","items_purchased":["Reflex","Bane","Gremlin Horn"],"campfire_rested":2,"item_purchase_floors":[13,13,22],"current_hp_per_floor":[70,70,69,69,66,66,63,38,38,28,28,28,28,28,28,12,70,63,63,52,52,52,52,48,48,48,28,28,64,48,55,55,33,70,70,53,43,48,39,75,71,29,29,29,23,0],"gold":406,"neow_bonus":"THREE_RARE_CARDS","is_prod":false,"is_daily":false,"chose_seed":false,"campfire_upgraded":3,"win_rate":0,"timestamp":1554947962,"path_taken":["M","M","M","?","M","R","M","E","T","M","M","?","$","M","R","BOSS","M","M","M","?","$","R","E","?","T","M","M","R","M","E","R","BOSS","M","M","M","M","?","R","M","E","T","?","?","E"],"build_version":"2019-01-23","purchased_purges":0,"victory":false,"max_hp_per_floor":[70,70,70,70,70,70,70,70,70,70,70,70,70,70,70,70,70,70,70,70,70,70,70,70,70,70,70,70,70,70,70,70,70,70,70,70,70,75,75,75,75,75,75,75,75,75],"card_choices":[{"not_picked":["Grand Finale","Unload"],"picked":"Corpse Explosion","floor":0},{"not_picked":["Outmaneuver","Deadly Poison"],"picked":"Quick Slash","floor":1},{"not_picked":["Masterful Stab","Flechettes"],"picked":"PiercingWail","floor":2},{"not_picked":["Distraction","Reflex"],"picked":"Poisoned Stab","floor":3},{"not_picked":["Dodge and Roll","PiercingWail"],"picked":"Dagger Throw","floor":5},{"not_picked":["Dagger Spray","Acrobatics"],"picked":"Bane","floor":7},{"not_picked":["Endless Agony","Backflip"],"picked":"Doppelganger","floor":8},{"not_picked":["Dagger Throw","PiercingWail"],"picked":"Poisoned Stab","floor":10},{"not_picked":["Expertise","Well Laid Plans","Riddle With Holes"],"picked":"SKIP","floor":11},{"not_picked":["Bouncing Flask","Bane"],"picked":"Flying Knee","floor":14},{"not_picked":["Doppelganger","Storm of Steel"],"picked":"Bullet Time","floor":16},{"not_picked":["Cloak And Dagger+1","Blur"],"picked":"Prepared+1","floor":18},{"not_picked":["Flying Knee","Blade Dance"],"picked":"Distraction+1","floor":19},{"not_picked":["PiercingWail+1","Backflip+1"],"picked":"Backstab","floor":20},{"not_picked":["Blur","Dagger Throw"],"picked":"Escape Plan","floor":24},{"not_picked":["Bouncing Flask","Blade Dance"],"picked":"Poisoned Stab","floor":27},{"not_picked":["Sucker Punch+1","Choke+1"],"picked":"Bane","floor":28},{"not_picked":["Blade Dance","Sucker Punch+1"],"picked":"Heel Hook","floor":30},{"not_picked":["Tactician","Grand Finale","Flechettes+1"],"picked":"SKIP","floor":31},{"not_picked":["Burst","A Thousand Cuts"],"picked":"Corpse Explosion","floor":33},{"not_picked":[],"picked":"Deadly Poison+1","floor":35},{"not_picked":[],"picked":"Catalyst+1","floor":36},{"not_picked":[],"picked":"Prepared","floor":37},{"not_picked":[],"picked":"Terror+1","floor":38},{"not_picked":["Deflect"],"picked":"SKIP","floor":41},{"not_picked":["Slice+1"],"picked":"SKIP","floor":42},{"not_picked":["Choke+1"],"picked":"SKIP","floor":45}],"player_experience":122674,"relics_obtained":[{"floor":8,"key":"Gambling Chip"},{"floor":24,"key":"Shuriken"},{"floor":26,"key":"Regal Pillow"},{"floor":31,"key":"Ancient Tea Set"},{"floor":42,"key":"Molten Egg 2"},{"floor":43,"key":"Happy Flower"}],"event_choices":[{"damage_healed":0,"gold_gain":0,"player_choice":"Ignored","damage_taken":0,"max_hp_gain":0,"max_hp_loss":0,"event_name":"Liars Game","floor":4,"gold_loss":0},{"damage_healed":0,"gold_gain":0,"player_choice":"Grow","damage_taken":0,"max_hp_gain":0,"max_hp_loss":0,"event_name":"Living Wall","floor":12,"gold_loss":0,"cards_upgraded":["Doppelganger"]},{"damage_healed":0,"gold_gain":0,"player_choice":"Simplicity","damage_taken":0,"max_hp_gain":0,"max_hp_loss":0,"event_name":"Back to Basics","floor":21,"gold_loss":0,"cards_upgraded":["Defend_G","Defend_G","Defend_G","Defend_G","Defend_G","Strike_G","Strike_G","Strike_G","Strike_G","Strike_G"]},{"damage_healed":0,"gold_gain":0,"player_choice":"Ignored","damage_taken":0,"max_hp_gain":0,"max_hp_loss":0,"event_name":"Beggar","floor":25,"gold_loss":0},{"damage_healed":0,"gold_gain":0,"player_choice":"Embrace Madness","damage_taken":9,"max_hp_gain":0,"max_hp_loss":0,"event_name":"Winding Halls","floor":39,"gold_loss":0,"cards_obtained":["Madness","Madness"]},{"cards_removed":["Regret"],"damage_healed":0,"gold_gain":0,"player_choice":"Offered Curse","damage_taken":0,"relics_obtained":["Spirit Poop"],"max_hp_gain":0,"max_hp_loss":0,"event_name":"Bonfire Elementals","floor":44,"gold_loss":0}],"is_beta":false,"boss_relics":[{"not_picked":["Astrolabe","Sozu"],"picked":"Cursed Key"},{"not_picked":["Runic Pyramid","Ring of the Serpent"],"picked":"Busted Crown"}],"items_purged_floors":[],"is_endless":false,"potions_floor_spawned":[2,7,8,11,14,19,27,31,33,35,37,41,45],"killed_by":"Nemesis","ascension_level":1}