{"gold_per_floor":[218,72,85,85,85,85,112,112,112,144,158,174,174,184,184,287,287,307,323,343,357,368,368,395,241,241,267,267,337,349,364,364,467,467,481,494,494,510,523,523,551,565,565,596,15,115,126,126,126,126],"floor_reached":51,"playtime":3439,"items_purged":["Strike_R","Decay"],"score":843,"play_id":"d1524cd9-70b2-454c-958c-bfda5de6dd8d","local_time":"20190608220829","is_ascension_mode":true,"campfire_choices":[{"data":"Shockwave","floor":6.0,"key":"SMITH"},{"floor":8.0,"key":"REST"},{"data":"Armaments","floor":13.0,"key":"SMITH"},{"data":"Shrug It Off","floor":15.0,"key":"SMITH"},{"floor":23.0,"key":"REST"},{"floor":28.0,"key":"REST"},{"floor":32.0,"key":"REST"},{"data":"True Grit","floor":40.0,"key":"SMITH"},{"data":"Demon Form","floor":49,"key":"SMITH"}],"neow_cost":"NONE","seed_source_timestamp":37183453410115,"circlet_count":0,"master_deck":["Strike_R","Strike_R","Strike_R","Defend_R","Defend_R","Defend_R","Defend_R","Bash","Headbutt","Shockwave+1","Twin Strike","Anger","Rampage","Shrug It Off+1","Armaments+1","Demon Form+1","Rampage+1","Battle Trance+1","Flame Barrier","Power Through","Rage","Whirlwind","Metallicize","Burning Pact","Reaper","Second Wind+1","True Grit+1","Power Through+1","Power Through+1"],"special_seed":0,"relics":["Burning Blood","Vajra","Bronze Scales","Darkstone Periapt","Bottled Flame","Cursed Key","Paper Frog","Red Skull","Frozen Egg 2","Mark of Pain","PreservedInsect","Bottled Tornado","Potion Belt","PrismaticShard","Ginger"],"potions_floor_usage":[47,50,50,50],"damage_taken":[{"damage":10.0,"enemies":"Small Slimes","floor":1.0,"turns":3.0},{"damage":0.0,"enemies":"2 Louse","floor":3.0,"turns":2.0},{"damage":35.0,"enemies":"3 Sentries","floor":7.0,"turns":8.0},{"damage":16.0,"enemies":"Gremlin Nob","floor":10.0,"turns":3.0},{"damage":0.0,"enemies":"Cultist","floor":11.0,"turns":3.0},{"damage":8.0,"enemies":"Red Slaver","floor":12.0,"turns":3.0},{"damage":8.0,"enemies":"Gremlin Gang","floor":14.0,"turns":4.0},{"damage":17.0,"enemies":"Slime Boss","floor":16.0,"turns":8.0},{"damage":10.0,"enemies":"2 Thieves","floor":18.0,"turns":4.0},{"damage":3.0,"enemies":"Chosen","floor":19.0,"turns":4.0},{"damage":37.0,"enemies":"Snake Plant","floor":20.0,"turns":3.0},{"damage":14.0,"enemies":"Cultist and Chosen","floor":21.0,"turns":5.0},{"damage":21.0,"enemies":"3 Cultists","floor":22.0,"turns":5.0},{"damage":25.0,"enemies":"Slavers","floor":24.0,"turns":5.0},{"damage":14.0,"enemies":"Gremlin Leader","floor":27.0,"turns":5.0},{"damage":25.0,"enemies":"Shelled Parasite and Fungi","floor":30.0,"turns":4.0},{"damage":2.0,"enemies":"Centurion and Healer","floor":31.0,"turns":4.0},{"damage":26.0,"enemies":"Champ","floor":33.0,"turns":9.0},{"damage":27.0,"enemies":"3 Shapes","floor":35.0,"turns":6.0},{"damage":4.0,"enemies":"Orb Walker","floor":36.0,"turns":3.0},{"damage":17.0,"enemies":"4 Shapes","floor":38.0,"turns":9.0},{"damage":27.0,"enemies":"3 Darklings","floor":39.0,"turns":6.0},{"damage":49.0,"enemies":"Giant Head","floor":41.0,"turns":9.0},{"damage":23.0,"enemies":"Jaw Worm Horde","floor":42.0,"turns":4.0},{"damage":16.0,"enemies":"Reptomancer","floor":44.0,"turns":5.0},{"damage":0.0,"enemies":"Mind Bloom Boss Battle","floor":46.0,"turns":8.0},{"damage":15,"enemies":"Spire Growth","floor":47,"turns":6},{"damage":48,"enemies":"Time Eater","floor":50,"turns":10}],"seed_played":"2819814726695738696","potions_obtained":[{"floor":10.0,"key":"Ancient Potion"},{"floor":11.0,"key":"Ancient Potion"},{"floor":12.0,"key":"AttackPotion"},{"floor":14.0,"key":"Block Potion"},{"floor":16.0,"key":"Weak Potion"},{"floor":19.0,"key":"Poison Potion"},{"floor":20.0,"key":"LiquidBronze"},{"floor":22.0,"key":"Weak Potion"},{"floor":30.0,"key":"SkillPotion"},{"floor":39.0,"key":"Block Potion"},{"floor":42.0,"key":"SteroidPotion"},{"floor":44.0,"key":"SteroidPotion"},{"floor":46.0,"key":"GamblersBrew"},{"floor":47,"key":"Ancient Potion"}],"is_trial":false,"path_per_floor":["M","$","M","?","?","R","E","R","T","E","M","M","R","M","R","B",null,"M","M","M","M","M","R","E","$","T","E","R","T","M","M","R","B",null,"M","M","?","M","M","R","E","M","T","E","$","?","M","?","R","B",null],"character_chosen":"IRONCLAD","items_purchased":["Vajra","Whirlwind","Block Potion","Potion Belt","PrismaticShard","GamblersBrew"],"campfire_rested":4,"item_purchase_floors":[2,25,45,45,45,45],"current_hp_per_floor":[76,76,80,80,80,80,51,75,75,65,71,69,69,67,67,56,80,76,79,48,40,25,49,30,30,30,22,46,52,33,37,62,42,86,65,67,67,83,62,62,58,41,41,31,31,86,86,82,82,40],"gold":126,"neow_bonus":"HUNDRED_GOLD","is_prod":false,"is_daily":false,"chose_seed":false,"campfire_upgraded":5,"win_rate":0,"timestamp":1560020909,"path_taken":["M","$","M","?","?","R","E","R","T","E","M","?","R","M","R","BOSS","M","M","M","M","M","R","E","$","T","E","R","?","?","M","R","BOSS","M","M","?","M","M","R","E","M","T","E","$","?","M","?","R","BOSS"],"build_version":"2019-01-23","purchased_purges":2,"victory":true,"max_hp_per_floor":[80,80,80,80,80,80,80,80,80,80,80,80,80,80,80,80,80,80,80,80,80,80,80,80,80,80,80,80,86,86,86,86,86,86,86,86,86,86,86,86,86,86,86,86,86,86,86,82,82,82],"card_choices":[{"not_picked":["Iron Wave","True Grit"],"picked":"Headbutt","floor":1.0},{"not_picked":["Armaments","Flex"],"picked":"Shockwave","floor":3.0},{"not_picked":["Headbutt","Sentinel"],"picked":"Anger","floor":7.0},{"not_picked":["Body Slam","Seeing Red"],"picked":"Rampage","floor":10.0},{"not_picked":["Fire Breathing","Searing Blow"],"picked":"Shrug It Off","floor":11.0},{"not_picked":["Searing Blow","Thunderclap"],"picked":"Armaments","floor":12.0},{"not_picked":["Blood for Blood","Sever Soul","Havoc"],"picked":"SKIP","floor":14.0},{"not_picked":["Bludgeon","Impervious"],"picked":"Demon Form","floor":16.0},{"not_picked":["Perfected Strike+1","Entrench","Iron Wave"],"picked":"SKIP","floor":18.0},{"not_picked":["Headbutt","Flex"],"picked":"Rampage+1","floor":19.0},{"not_picked":["Clash","Inflame"],"picked":"Battle Trance+1","floor":20.0},{"not_picked":["Clash","Wild Strike"],"picked":"Flame Barrier","floor":21.0},{"not_picked":["Clash","Sentinel"],"picked":"Power Through","floor":22.0},{"not_picked":["Perfected Strike","Heavy Blade"],"picked":"Rage","floor":24.0},{"not_picked":["Searing Blow","Blood for Blood"],"picked":"Metallicize","floor":27.0},{"not_picked":["Rampage","Flex","Pommel Strike+1"],"picked":"SKIP","floor":30.0},{"not_picked":["Flex+1","Body Slam"],"picked":"Burning Pact","floor":31.0},{"not_picked":["Limit Break","Immolate"],"picked":"Reaper","floor":33.0},{"not_picked":["Shrug It Off+1","Combust+1"],"picked":"Second Wind+1","floor":35.0},{"not_picked":["Sword Boomerang+1","Rupture+1","Shrug It Off+1"],"picked":"SKIP","floor":36.0},{"not_picked":["Headbutt","Sever Soul"],"picked":"True Grit","floor":38.0},{"not_picked":["Thunderclap+1","Shrug It Off+1","Seeing Red"],"picked":"SKIP","floor":39.0},{"not_picked":["Rampage","Seeing Red"],"picked":"Power Through+1","floor":41.0},{"not_picked":["Body Slam","Combust+1","Cleave+1"],"picked":"SKIP","floor":42.0},{"not_picked":["Iron Wave+1","Headbutt","Havoc"],"picked":"SKIP","floor":44.0},{"not_picked":["Deep Breath","Impatience"],"picked":"Power Through+1","floor":46.0},{"not_picked":["Quick Slash","Flash of Steel","Sweeping Beam"],"picked":"SKIP","floor":47}],"player_experience":896343,"relics_obtained":[{"floor":7.0,"key":"Bronze Scales"},{"floor":9.0,"key":"Darkstone Periapt"},{"floor":10.0,"key":"Bottled Flame"},{"floor":24.0,"key":"Paper Frog"},{"floor":27.0,"key":"Red Skull"},{"floor":29.0,"key":"Frozen Egg 2"},{"floor":41.0,"key":"PreservedInsect"},{"floor":44.0,"key":"Bottled Tornado"},{"floor":46.0,"key":"Ginger"}],"event_choices":[{"damage_healed":0.0,"max_hp_gain":0.0,"max_hp_loss":0.0,"gold_gain":0.0,"event_name":"Liars Game","player_choice":"Ignored","floor":4.0,"gold_loss":0.0,"damage_taken":0.0},{"damage_healed":0.0,"max_hp_gain":0.0,"max_hp_loss":0.0,"gold_gain":0.0,"cards_transformed":["Strike_R"],"event_name":"Transmorgrifier","player_choice":"Transformed","floor":5.0,"gold_loss":0.0,"damage_taken":0.0,"cards_obtained":["Twin Strike"]},{"damage_healed":0.0,"max_hp_gain":0.0,"max_hp_loss":0.0,"gold_gain":0.0,"event_name":"Tomb of Lord Red Mask","player_choice":"Ignored","floor":37.0,"gold_loss":0.0,"damage_taken":0.0},{"damage_healed":0.0,"max_hp_gain":0.0,"max_hp_loss":0.0,"gold_gain":0.0,"event_name":"MindBloom","player_choice":"Fight","floor":46.0,"gold_loss":0.0,"damage_taken":0.0},{"damage_healed":0,"gold_gain":0,"player_choice":"Max HP","damage_taken":0,"max_hp_gain":0,"max_hp_loss":4,"event_name":"Winding Halls","floor":48,"gold_loss":0}],"is_beta":false,"boss_relics":[{"not_picked":["Runic Dome","Ectoplasm"],"picked":"Cursed Key"},{"not_picked":["Fusion Hammer","Velvet Choker"],"picked":"Mark of Pain"}],"items_purged_floors":[25,45],"is_endless":false,"potions_floor_spawned":[10,11,12,14,16,19,20,22,30,39,42,44,46,47],"ascension_level":3}