{"gold_per_floor":[19,19,39,55,67,67,67,15,15,15,32,56,56],"floor_reached":13,"playtime":357,"items_purged":[],"score":98,"play_id":"5e6c4229-70df-472c-9ccc-3892e6038cb2","local_time":"20190429092354","is_ascension_mode":true,"campfire_choices":[{"data":"Creative AI","floor":6,"key":"SMITH"},{"floor":10,"key":"REST"}],"neow_cost":"NO_GOLD","seed_source_timestamp":663142954748987,"circlet_count":0,"master_deck":["Strike_B","Strike_B","Strike_B","Strike_B+1","Defend_B","Defend_B","Defend_B+1","Defend_B","Zap","Dualcast","Creative AI+1","Auto Shields","Go for the Eyes","All For One","Go for the Eyes","Gash"],"relics":["Cracked Core","Ginger","Bottled Tornado","Dream Catcher"],"potions_floor_usage":[],"damage_taken":[{"damage":13,"enemies":"Jaw Worm","floor":1,"turns":4},{"damage":0,"enemies":"Small Slimes","floor":3,"turns":3},{"damage":0,"enemies":"Cultist","floor":4,"turns":4},{"damage":16,"enemies":"Exordium Thugs","floor":5,"turns":5},{"damage":13,"enemies":"2 Fungi Beasts","floor":11,"turns":5},{"damage":33,"enemies":"Lagavulin","floor":13,"turns":5}],"seed_played":"4782519383382296848","potions_obtained":[{"floor":4,"key":"Dexterity Potion"}],"is_trial":false,"path_per_floor":["M","?","M","M","M","R","?","$","T","R","M","T","E"],"character_chosen":"DEFECT","items_purchased":["Go for the Eyes"],"campfire_rested":1,"item_purchase_floors":[8],"current_hp_per_floor":[55,40,40,40,24,24,24,24,24,46,33,33,0],"gold":56,"neow_bonus":"THREE_RARE_CARDS","is_prod":false,"is_daily":false,"chose_seed":false,"campfire_upgraded":1,"win_rate":0,"timestamp":1556544234,"path_taken":["M","?","M","M","M","R","?","?","T","R","?","?","E"],"build_version":"2019-01-23","purchased_purges":0,"victory":false,"max_hp_per_floor":[75,75,75,75,75,75,75,75,75,75,75,75,75],"card_choices":[{"not_picked":["Buffer","Hyperbeam"],"picked":"Creative AI","floor":0},{"not_picked":["Rebound","Fusion"],"picked":"Auto Shields","floor":1},{"not_picked":["Tempest","Redo","Stack"],"picked":"SKIP","floor":3},{"not_picked":["Sweeping Beam","Chaos"],"picked":"Go for the Eyes","floor":4},{"not_picked":["Hologram","Darkness"],"picked":"All For One","floor":5},{"not_picked":["Barrage","Go for the Eyes"],"picked":"Gash","floor":11}],"player_experience":343566,"relics_obtained":[{"floor":9,"key":"Bottled Tornado"},{"floor":12,"key":"Dream Catcher"}],"event_choices":[{"damage_healed":0,"gold_gain":0,"player_choice":"Entered Light","damage_taken":15,"max_hp_gain":0,"max_hp_loss":0,"event_name":"Shining Light","floor":2,"gold_loss":0,"cards_upgraded":["Strike_B","Defend_B"]},{"damage_healed":0,"gold_gain":0,"player_choice":"Searched \u00272\u0027 times","damage_taken":0,"relics_obtained":["Ginger"],"max_hp_gain":0,"max_hp_loss":0,"event_name":"Dead Adventurer","floor":7,"gold_loss":0}],"is_beta":false,"boss_relics":[],"items_purged_floors":[],"is_endless":false,"potions_floor_spawned":[4],"killed_by":"Lagavulin","ascension_level":6}