{"gold_per_floor":[116,135,135,151,165,197,197,230,230,265,265,285,285,300,300,300],"floor_reached":16,"playtime":1240,"items_purged":[],"score":122,"play_id":"dff30910-cc4a-49f4-af10-b36e1c3b47c4","local_time":"20181020012348","is_ascension_mode":false,"campfire_choices":[{"floor":7,"key":"REST"},{"floor":11,"key":"REST"},{"floor":15,"key":"REST"}],"neow_cost":"NONE","seed_source_timestamp":304777648919287,"circlet_count":0,"master_deck":["Defend_G","Defend_G","Defend_G","Defend_G+1","Defend_G","Strike_G","Strike_G","Strike_G","Strike_G+1","Strike_G","Survivor","Neutralize","Storm of Steel","Dagger Spray","After Image","Blade Dance","Backflip","Dodge and Roll","Dodge and Roll","Dagger Throw","Slice"],"relics":["Ring of the Snake","Oddly Smooth Stone","Blood Vial","Happy Flower","Bottled Flame"],"potions_floor_usage":[8,8,10,12,16],"damage_taken":[{"damage":2,"enemies":"Small Slimes","floor":1,"turns":4},{"damage":0,"enemies":"2 Louse","floor":2,"turns":3},{"damage":0,"enemies":"Cultist","floor":4,"turns":4},{"damage":10,"enemies":"Lots of Slimes","floor":5,"turns":3},{"damage":21,"enemies":"3 Sentries","floor":6,"turns":8},{"damage":22,"enemies":"Gremlin Nob","floor":8,"turns":6},{"damage":13,"enemies":"3 Sentries","floor":10,"turns":7},{"damage":0,"enemies":"Gremlin Gang","floor":12,"turns":5},{"damage":3,"enemies":"Blue Slaver","floor":14,"turns":3},{"damage":64,"enemies":"Hexaghost","floor":16,"turns":18}],"seed_played":"-5968010379458912988","potions_obtained":[{"floor":1,"key":"Dexterity Potion"},{"floor":5,"key":"Block Potion"},{"floor":8,"key":"Explosive Potion"},{"floor":10,"key":"Block Potion"},{"floor":14,"key":"FearPotion"}],"is_trial":false,"path_per_floor":["M","M","?","M","M","E","R","E","T","E","R","M","?","M","R"],"character_chosen":"THE_SILENT","items_purchased":[],"campfire_rested":3,"item_purchase_floors":[],"current_hp_per_floor":[68,68,54,54,44,23,44,22,22,11,32,34,34,33,54,0],"gold":300,"neow_bonus":"ONE_RANDOM_RARE_CARD","is_prod":false,"is_daily":false,"chose_seed":false,"campfire_upgraded":0,"win_rate":0,"timestamp":1539987828,"path_taken":["M","M","?","?","?","E","R","E","T","E","R","M","?","M","R","BOSS"],"build_version":"2018-10-18","purchased_purges":0,"victory":false,"max_hp_per_floor":[70,70,70,70,70,70,70,70,70,70,70,70,70,70,70,70],"card_choices":[{"not_picked":["Reflex","Bane"],"picked":"Dagger Spray","floor":1},{"not_picked":["Poisoned Stab","Backflip"],"picked":"After Image","floor":2},{"not_picked":["Well Laid Plans","Sucker Punch"],"picked":"Blade Dance","floor":4},{"not_picked":["Deflect","Caltrops"],"picked":"Backflip","floor":5},{"not_picked":["Poisoned Stab","Underhanded Strike"],"picked":"Dodge and Roll","floor":6},{"not_picked":["Deflect","Riddle With Holes"],"picked":"Dodge and Roll","floor":8},{"not_picked":["Flechettes","Escape Plan"],"picked":"Dagger Throw","floor":10},{"not_picked":["Reflex","Dagger Spray","Bane"],"picked":"SKIP","floor":12},{"not_picked":["Dagger Throw","Tools of the Trade"],"picked":"Slice","floor":14}],"player_experience":173588,"relics_obtained":[{"floor":6,"key":"Oddly Smooth Stone"},{"floor":8,"key":"Blood Vial"},{"floor":9,"key":"Happy Flower"},{"floor":10,"key":"Bottled Flame"}],"event_choices":[{"damage_healed":0,"gold_gain":0,"player_choice":"Entered Light","damage_taken":14,"max_hp_gain":0,"max_hp_loss":0,"event_name":"Shining Light","floor":3,"gold_loss":0,"cards_upgraded":["Strike_G","Defend_G"]},{"damage_healed":0,"gold_gain":0,"player_choice":"Fled","damage_taken":0,"max_hp_gain":0,"max_hp_loss":0,"event_name":"Scrap Ooze","floor":13,"gold_loss":0}],"is_beta":false,"boss_relics":[],"items_purged_floors":[],"is_endless":false,"potions_floor_spawned":[1,5,8,10,14],"killed_by":"Hexaghost","ascension_level":0}