{"gold_per_floor":[216,235,21,40,40,75,75,108,108,137,137,153,181,193,193,298,298,317,61,61,41,141,141,141],"floor_reached":24,"playtime":1255,"items_purged":["Strike_R","Strike_R"],"score":299,"play_id":"4683d514-6928-4aa0-a3b2-25c143970ffb","local_time":"20190420001134","is_ascension_mode":true,"campfire_choices":[{"data":"Barricade","floor":7,"key":"SMITH"},{"data":"Metallicize","floor":11,"key":"SMITH"},{"data":"Body Slam","floor":15,"key":"SMITH"},{"data":"Whirlwind","floor":23,"key":"SMITH"}],"neow_cost":"NONE","seed_source_timestamp":312237782186649,"circlet_count":0,"master_deck":["Strike_R","Strike_R","Strike_R","Defend_R","Defend_R","Defend_R","Defend_R","Bash","Whirlwind+1","Clothesline","Metallicize+1","Uppercut","Spot Weakness","Barricade+1","Shrug It Off+1","Shrug It Off+1","Body Slam+1","Demon Form","Spot Weakness+1"],"relics":["Burning Blood","Shovel","Toxic Egg 2","Bottled Tornado","Ornamental Fan","StoneCalendar","Mango","Philosopher\u0027s Stone","Omamori","MutagenicStrength","Gambling Chip","Self Forming Clay"],"potions_floor_usage":[6,8,13,22,22,24],"damage_taken":[{"damage":6,"enemies":"Cultist","floor":1,"turns":3},{"damage":7,"enemies":"Small Slimes","floor":2,"turns":3},{"damage":6,"enemies":"Jaw Worm","floor":4,"turns":3},{"damage":27,"enemies":"Gremlin Nob","floor":6,"turns":5},{"damage":26,"enemies":"3 Sentries","floor":8,"turns":5},{"damage":0,"enemies":"Lagavulin","floor":10,"turns":8},{"damage":9,"enemies":"Exordium Wildlife","floor":12,"turns":4},{"damage":9,"enemies":"Gremlin Nob","floor":13,"turns":5},{"damage":9,"enemies":"Blue Slaver","floor":14,"turns":5},{"damage":11,"enemies":"Hexaghost","floor":16,"turns":9},{"damage":13,"enemies":"Shell Parasite","floor":18,"turns":5},{"damage":17,"enemies":"2 Thieves","floor":21,"turns":4},{"damage":19,"enemies":"Colosseum Slavers","floor":22,"turns":6},{"damage":32,"enemies":"Colosseum Nobs","floor":22,"turns":5},{"damage":46,"enemies":"Gremlin Leader","floor":24,"turns":4}],"seed_played":"-7936325451131617019","potions_obtained":[{"floor":1,"key":"Explosive Potion"},{"floor":2,"key":"EssenceOfSteel"},{"floor":4,"key":"Explosive Potion"},{"floor":8,"key":"Energy Potion"},{"floor":14,"key":"BloodPotion"},{"floor":16,"key":"Ancient Potion"},{"floor":18,"key":"PowerPotion"}],"is_trial":false,"path_per_floor":["M","M","$","M","?","E","R","E","T","E","R","M","E","M","R","B",null,"M","$","?","M","?","R","E"],"character_chosen":"IRONCLAD","items_purchased":["Metallicize","Uppercut","Omamori"],"campfire_rested":0,"item_purchase_floors":[3,3,19],"current_hp_per_floor":[80,79,79,79,79,58,58,38,38,44,44,41,52,49,49,44,94,87,87,87,76,37,37,0],"gold":141,"neow_bonus":"HUNDRED_GOLD","is_prod":false,"is_daily":false,"chose_seed":false,"campfire_upgraded":4,"win_rate":0,"timestamp":1555733494,"path_taken":["M","?","$","M","?","E","R","E","T","E","R","?","E","M","R","BOSS","M","$","?","M","?","R","E"],"build_version":"2019-01-23","purchased_purges":2,"victory":false,"max_hp_per_floor":[80,80,80,80,80,80,80,80,80,80,80,80,94,94,94,94,94,94,94,94,94,94,94,94],"card_choices":[{"not_picked":["Havoc","Clothesline"],"picked":"Whirlwind","floor":1},{"not_picked":["Iron Wave","Evolve"],"picked":"Clothesline","floor":2},{"not_picked":["Iron Wave","Warcry"],"picked":"Spot Weakness","floor":4},{"not_picked":["Dark Embrace","Metallicize"],"picked":"Barricade","floor":6},{"not_picked":["Sentinel+1","Dropkick"],"picked":"Shrug It Off+1","floor":8},{"not_picked":["Iron Wave","Perfected Strike","Thunderclap"],"picked":"SKIP","floor":10},{"not_picked":["Heavy Blade","Sword Boomerang"],"picked":"Shrug It Off+1","floor":12},{"not_picked":["Clothesline","Anger"],"picked":"Body Slam","floor":13},{"not_picked":["Iron Wave","Cleave","Anger"],"picked":"SKIP","floor":14},{"not_picked":["Offering+1","Exhume+1"],"picked":"Demon Form","floor":16},{"not_picked":["Clothesline","Thunderclap+1","Heavy Blade"],"picked":"SKIP","floor":18},{"not_picked":["Perfected Strike","Corruption","Uppercut"],"picked":"SKIP","floor":21},{"not_picked":["Thunderclap","Reckless Charge+1"],"picked":"Spot Weakness+1","floor":22}],"player_experience":231382,"relics_obtained":[{"floor":6,"key":"Toxic Egg 2"},{"floor":8,"key":"Bottled Tornado"},{"floor":9,"key":"Ornamental Fan"},{"floor":10,"key":"StoneCalendar"},{"floor":13,"key":"Mango"},{"floor":22,"key":"Gambling Chip"},{"floor":22,"key":"Self Forming Clay"}],"event_choices":[{"damage_healed":0,"gold_gain":0,"player_choice":"Gave Potion","damage_taken":0,"relics_obtained":["Shovel"],"max_hp_gain":0,"max_hp_loss":0,"event_name":"WeMeetAgain","floor":5,"gold_loss":0},{"damage_healed":0,"gold_gain":0,"player_choice":"Inject Mutagens","damage_taken":0,"relics_obtained":["MutagenicStrength"],"max_hp_gain":0,"max_hp_loss":0,"event_name":"Drug Dealer","floor":20,"gold_loss":0},{"damage_healed":0,"gold_gain":0,"player_choice":"Fight","damage_taken":0,"max_hp_gain":0,"max_hp_loss":0,"event_name":"Colosseum","floor":22,"gold_loss":0},{"damage_healed":0,"gold_gain":0,"player_choice":"Fought Nobs","damage_taken":0,"max_hp_gain":0,"max_hp_loss":0,"event_name":"Colosseum","floor":22,"gold_loss":0}],"is_beta":false,"boss_relics":[{"not_picked":["Runic Cube","Runic Pyramid"],"picked":"Philosopher\u0027s Stone"}],"items_purged_floors":[3,19],"is_endless":false,"potions_floor_spawned":[1,2,4,8,14,16,18,22],"killed_by":"Gremlin Leader","ascension_level":4}