{"gold_per_floor":[415,431,441,27,43,76,76,122,146,20,60,60,25,57,57,156,156,191,206,121,121,174,200,200,210,236,23,23,23],"floor_reached":29,"playtime":1500,"items_purged":["Shame","Strike_B","Strike_B"],"score":268,"play_id":"10fba077-b2c4-4931-b554-65ef5c7b481d","local_time":"20190405180638","is_ascension_mode":true,"campfire_choices":[{"data":"Fusion","floor":7.0,"key":"SMITH"},{"data":"Heatsinks","floor":15.0,"key":"SMITH"},{"floor":24.0,"key":"REST"}],"neow_cost":"CURSE","seed_source_timestamp":0,"circlet_count":0,"master_deck":["Strike_B","Defend_B","Zap","Dualcast","Darkness","Compile Driver","Conserve Battery","Capacitor","HandOfGreed","Bandage Up","Cold Snap","Ball Lightning","Fusion+1","Ball Lightning","Heatsinks+1","Compile Driver","Sunder","Biased Cognition","Hologram+1","Barrage+1","Core Surge+1","Capacitor","Hello World","Genetic Algorithm","Coolheaded+1","Apotheosis"],"special_seed":0,"relics":["Cracked Core","Old Coin","DataDisk","Smiling Mask","Astrolabe","Boot","PreservedInsect","MawBank"],"potions_floor_usage":[],"damage_taken":[{"damage":0.0,"enemies":"Cultist","floor":1.0,"turns":3.0},{"damage":6.0,"enemies":"Jaw Worm","floor":2.0,"turns":4.0},{"damage":0.0,"enemies":"2 Louse","floor":3.0,"turns":2.0},{"damage":7.0,"enemies":"Blue Slaver","floor":5.0,"turns":4.0},{"damage":25.0,"enemies":"Lagavulin","floor":6.0,"turns":6.0},{"damage":22.0,"enemies":"3 Sentries","floor":8.0,"turns":5.0},{"damage":8.0,"enemies":"Exordium Wildlife","floor":11.0,"turns":6.0},{"damage":9.0,"enemies":"3 Louse","floor":14.0,"turns":4.0},{"damage":35.0,"enemies":"Slime Boss","floor":16.0,"turns":4.0},{"damage":19.0,"enemies":"Shell Parasite","floor":18.0,"turns":5.0},{"damage":10.0,"enemies":"3 Byrds","floor":19.0,"turns":5.0},{"damage":28.0,"enemies":"Centurion and Healer","floor":22.0,"turns":7.0},{"damage":24.0,"enemies":"Book of Stabbing","floor":23.0,"turns":7.0},{"damage":24,"enemies":"Snake Plant","floor":25,"turns":5},{"damage":24,"enemies":"3 Cultists","floor":29,"turns":3}],"seed_played":"4606434237972632054","potions_obtained":[{"floor":2.0,"key":"Ancient Potion"},{"floor":3.0,"key":"Explosive Potion"},{"floor":5.0,"key":"LiquidBronze"},{"floor":11.0,"key":"SpeedPotion"},{"floor":14.0,"key":"EssenceOfSteel"},{"floor":19.0,"key":"Block Potion"},{"floor":25,"key":"GamblersBrew"}],"is_trial":false,"path_per_floor":["M","M","M","$","M","E","R","E","T","$","M","?","?","M","R","B",null,"M","M","?","?","M","E","R","M","T","$","?","M"],"character_chosen":"DEFECT","items_purchased":["Capacitor","HandOfGreed","Bandage Up","Cold Snap","Heatsinks","Apotheosis"],"campfire_rested":1,"item_purchase_floors":[4,4,4,4,10,27],"current_hp_per_floor":[75,69,69,69,66,45,45,27,27,27,23,28,48,43,43,12,80,65,59,59,59,35,15,39,19,19,19,19,0],"gold":23,"neow_bonus":"ONE_RARE_RELIC","is_prod":false,"is_daily":false,"chose_seed":false,"campfire_upgraded":2,"win_rate":0,"timestamp":1554501998,"path_taken":["M","M","M","$","M","E","R","E","T","$","M","?","?","M","R","BOSS","M","M","?","?","M","E","R","?","T","$","?","?"],"build_version":"2019-01-23","purchased_purges":3,"victory":false,"max_hp_per_floor":[75,75,75,75,75,75,75,75,75,75,75,80,80,80,80,80,80,80,80,80,80,80,80,80,80,80,80,80,80],"card_choices":[{"not_picked":["Tempest","Reinforced Body"],"picked":"Darkness","floor":1.0},{"not_picked":["Turbo","Sweeping Beam"],"picked":"Compile Driver","floor":2.0},{"not_picked":["Sweeping Beam","Streamline"],"picked":"Conserve Battery","floor":3.0},{"not_picked":["Rebound","Chill"],"picked":"Ball Lightning","floor":5.0},{"not_picked":["Darkness","Beam Cell"],"picked":"Fusion","floor":6.0},{"not_picked":["Turbo","Cold Snap"],"picked":"Ball Lightning","floor":8.0},{"not_picked":["Hologram","Rebound"],"picked":"Compile Driver","floor":11.0},{"not_picked":["Double Energy","Streamline"],"picked":"Sunder","floor":14.0},{"not_picked":["Amplify","Core Surge"],"picked":"Biased Cognition","floor":16.0},{"not_picked":["Ball Lightning+1","Turbo"],"picked":"Capacitor","floor":18.0},{"not_picked":["Gash","Coolheaded"],"picked":"Hello World","floor":19.0},{"not_picked":["Compile Driver","Beam Cell","Ball Lightning"],"picked":"SKIP","floor":22.0},{"not_picked":["Fission","Hologram"],"picked":"Coolheaded+1","floor":23.0},{"not_picked":["Turbo","Beam Cell","Go for the Eyes"],"picked":"SKIP","floor":25}],"player_experience":91403,"relics_obtained":[{"floor":6.0,"key":"DataDisk"},{"floor":8.0,"key":"Smiling Mask"},{"floor":23.0,"key":"PreservedInsect"},{"floor":26,"key":"MawBank"}],"event_choices":[{"damage_healed":0.0,"max_hp_gain":5.0,"max_hp_loss":0.0,"gold_gain":0.0,"event_name":"Big Fish","player_choice":"Donut","floor":12.0,"gold_loss":0.0,"damage_taken":0.0},{"damage_healed":20.0,"max_hp_gain":0.0,"max_hp_loss":0.0,"gold_gain":0.0,"event_name":"The Cleric","player_choice":"Healed","floor":13.0,"gold_loss":35.0,"damage_taken":0.0},{"damage_healed":0.0,"max_hp_gain":0.0,"max_hp_loss":0.0,"gold_gain":0.0,"event_name":"Addict","player_choice":"Obtained Relic","floor":20.0,"gold_loss":85.0,"damage_taken":0.0,"relics_obtained":["Boot"]},{"damage_healed":0.0,"max_hp_gain":0.0,"max_hp_loss":0.0,"gold_gain":0.0,"event_name":"The Library","player_choice":"Read","floor":21.0,"gold_loss":0.0,"damage_taken":0.0,"cards_obtained":["Genetic Algorithm"]},{"cards_removed":["Defend_B"],"damage_healed":0,"gold_gain":0,"player_choice":"Purged","damage_taken":0,"max_hp_gain":0,"max_hp_loss":0,"event_name":"Purifier","floor":28,"gold_loss":0}],"is_beta":false,"boss_relics":[{"not_picked":["Snecko Eye","Runic Dome"],"picked":"Astrolabe"}],"items_purged_floors":[4,10,27],"is_endless":false,"potions_floor_spawned":[2,3,5,11,14,19,22,25],"killed_by":"3 Cultists","ascension_level":1}