{"gold_per_floor":[117,117,192,204,127,159,159,125,148,166,177,239,239,189,189,189],"floor_reached":16,"playtime":807,"items_purged":[],"score":98,"play_id":"8bd41711-a382-4ebe-9a43-9c2ba032ffe5","local_time":"20181117170810","is_ascension_mode":false,"campfire_choices":[{"floor":7,"key":"REST"},{"data":"Shrug It Off","floor":13,"key":"SMITH"},{"data":"Clothesline","floor":15,"key":"SMITH"}],"neow_cost":"NONE","seed_source_timestamp":790098789977556,"circlet_count":0,"master_deck":["Strike_R","Strike_R","Strike_R","Strike_R","Defend_R","Defend_R","Defend_R","Defend_R","Bash","Clothesline+1","Reaper","Corruption+1","Entrench","Entrench","Pommel Strike","Shrug It Off+1","Power Through"],"relics":["Burning Blood","Frozen Egg 2","Potion Belt","PreservedInsect","Bag of Preparation"],"potions_floor_usage":[10,12,16],"damage_taken":[{"damage":1,"enemies":"Cultist","floor":1,"turns":3},{"damage":1,"enemies":"Jaw Worm","floor":4,"turns":5},{"damage":61,"enemies":"3 Sentries","floor":6,"turns":9},{"damage":0,"enemies":"Small Slimes","floor":10,"turns":4},{"damage":17,"enemies":"Exordium Wildlife","floor":11,"turns":7},{"damage":18,"enemies":"Lagavulin Event","floor":12,"turns":6},{"damage":84,"enemies":"Slime Boss","floor":16,"turns":18}],"seed_played":"-5495005606126880658","potions_obtained":[{"floor":6,"key":"SteroidPotion"},{"floor":11,"key":"BloodPotion"},{"floor":12,"key":"Strength Potion"}],"is_trial":false,"path_per_floor":["M","T","?","M","$","E","R","$","T","M","M","?","R","?","R","B"],"character_chosen":"IRONCLAD","items_purchased":["Corruption+1","Entrench"],"campfire_rested":1,"item_purchase_floors":[5,8],"current_hp_per_floor":[88,88,77,82,82,37,63,63,63,73,70,70,70,70,70,0],"gold":189,"neow_bonus":"TEN_PERCENT_HP_BONUS","is_prod":false,"is_daily":false,"chose_seed":false,"campfire_upgraded":2,"win_rate":0,"timestamp":1542463690,"path_taken":["M","?","?","?","$","E","R","$","T","M","M","?","R","?","R","BOSS"],"build_version":"2018-11-15","purchased_purges":0,"victory":false,"max_hp_per_floor":[88,88,88,88,88,88,88,88,88,88,88,88,88,88,88,88],"card_choices":[{"not_picked":["True Grit","Rupture"],"picked":"Clothesline","floor":1},{"not_picked":["Thunderclap","Second Wind"],"picked":"Reaper","floor":4},{"not_picked":["Evolve+1","Clothesline"],"picked":"Entrench","floor":6},{"not_picked":["Rupture+1","Rampage"],"picked":"Pommel Strike","floor":10},{"not_picked":["Battle Trance","Perfected Strike"],"picked":"Shrug It Off","floor":11},{"not_picked":["Thunderclap","Heavy Blade"],"picked":"Power Through","floor":12}],"player_experience":333134,"relics_obtained":[{"floor":2,"key":"Frozen Egg 2"},{"floor":6,"key":"Potion Belt"},{"floor":9,"key":"PreservedInsect"},{"floor":12,"key":"Bag of Preparation"}],"event_choices":[{"damage_healed":0,"gold_gain":75,"player_choice":"Gather Gold","damage_taken":11,"max_hp_gain":0,"max_hp_loss":0,"event_name":"World of Goop","floor":3,"gold_loss":0},{"damage_healed":0,"gold_gain":30,"player_choice":"Searched \u00273\u0027 times","damage_taken":0,"max_hp_gain":0,"max_hp_loss":0,"event_name":"Dead Adventurer","floor":12,"gold_loss":0},{"cards_removed":["Strike_R"],"damage_healed":0,"gold_gain":0,"player_choice":"Card Removal","damage_taken":0,"max_hp_gain":0,"max_hp_loss":0,"event_name":"The Cleric","floor":14,"gold_loss":50}],"is_beta":false,"boss_relics":[],"items_purged_floors":[],"is_endless":false,"potions_floor_spawned":[6,11,12],"killed_by":"Slime Boss","ascension_level":0}