{"gold_per_floor":[119,129,45,59,59,59,73,108,135,135],"floor_reached":10,"playtime":308,"items_purged":[],"score":133,"play_id":"43a2c56a-00da-4a66-b2f3-3f2e020ae78c","local_time":"20190608140212","is_ascension_mode":true,"campfire_choices":[{"data":"Dash","floor":6,"key":"SMITH"}],"neow_cost":"NONE","seed_source_timestamp":35547457311715,"circlet_count":0,"master_deck":["AscendersBane","Defend_G","Defend_G","Defend_G","Defend_G","Defend_G","Strike_G","Strike_G","Strike_G","Strike_G","Survivor","Neutralize","Dash+1","Skewer","Cloak And Dagger","Caltrops"],"relics":["Ring of the Snake","NeowsBlessing","Bag of Preparation","Lantern"],"potions_floor_usage":[8],"damage_taken":[{"damage":0,"enemies":"Cultist","floor":1,"turns":1},{"damage":0,"enemies":"2 Louse","floor":2,"turns":1},{"damage":0,"enemies":"Jaw Worm","floor":4,"turns":1},{"damage":6,"enemies":"2 Fungi Beasts","floor":7,"turns":4},{"damage":34,"enemies":"Lagavulin","floor":8,"turns":7},{"damage":22,"enemies":"3 Sentries","floor":10,"turns":7}],"seed_played":"-1115174648115270118","potions_obtained":[{"floor":4,"key":"AttackPotion"},{"floor":7,"key":"Dexterity Potion"}],"is_trial":false,"path_per_floor":["M","M","$","M","?","R","M","E","T","E"],"character_chosen":"THE_SILENT","items_purchased":["Skewer"],"campfire_rested":0,"item_purchase_floors":[3],"current_hp_per_floor":[59,59,59,59,59,59,53,19,19,0],"gold":135,"neow_bonus":"THREE_ENEMY_KILL","is_prod":false,"is_daily":false,"chose_seed":false,"campfire_upgraded":1,"win_rate":0,"timestamp":1560016932,"path_taken":["M","?","$","M","?","R","M","E","T","E"],"build_version":"2019-01-23","purchased_purges":0,"victory":false,"max_hp_per_floor":[66,66,66,66,66,66,66,66,66,66],"card_choices":[{"not_picked":["Slice","Acrobatics","Outmaneuver"],"picked":"SKIP","floor":1},{"not_picked":["Well Laid Plans","Outmaneuver"],"picked":"Dash","floor":2},{"not_picked":["Finisher","Sucker Punch","Acrobatics"],"picked":"SKIP","floor":4},{"not_picked":["Blade Dance","Reflex","Outmaneuver"],"picked":"SKIP","floor":7},{"not_picked":["Skewer","Tools of the Trade"],"picked":"Caltrops","floor":8}],"player_experience":600839,"relics_obtained":[{"floor":8,"key":"Bag of Preparation"},{"floor":9,"key":"Lantern"}],"event_choices":[{"damage_healed":0,"gold_gain":0,"cards_transformed":["Strike_G"],"player_choice":"Transformed","damage_taken":0,"max_hp_gain":0,"max_hp_loss":0,"event_name":"Transmorgrifier","floor":5,"gold_loss":0,"cards_obtained":["Cloak And Dagger"]}],"is_beta":false,"boss_relics":[],"items_purged_floors":[],"is_endless":false,"potions_floor_spawned":[4,7],"killed_by":"3 Sentries","ascension_level":19}