{"gold_per_floor":[110,129,129,145,157,182,182,182,264,264,291,305,270,290,290,388,438,453,468,183,0,14,14,14,14,14,14,31,4,19,30,30,30],"floor_reached":33,"playtime":1985,"items_purged":["Strike_G"],"score":323,"play_id":"b05f15c6-e7bb-4b84-bdec-d3a6406f0836","local_time":"20190503182821","is_ascension_mode":true,"campfire_choices":[{"data":"Neutralize","floor":7,"key":"SMITH"},{"data":"Dodge and Roll","floor":15,"key":"SMITH"},{"data":"After Image","floor":23,"key":"SMITH"},{"data":"Defend_G","floor":24,"key":"SMITH"},{"data":"Bouncing Flask","floor":27,"key":"SMITH"},{"data":"Defend_G","floor":32,"key":"SMITH"}],"neow_cost":"NONE","seed_source_timestamp":76066118519797,"circlet_count":0,"master_deck":["Defend_G+1","Defend_G+1","Defend_G","Defend_G","Defend_G","Strike_G","Strike_G","Strike_G","Strike_G","Survivor","Neutralize+1","Dodge and Roll+1","Masterful Stab","Bouncing Flask+1","Infinite Blades","Bane","PiercingWail+1","After Image+1","Blade Dance","Finisher","After Image","Infinite Blades","PiercingWail","PiercingWail","Deflect+1"],"special_seed":0,"relics":["Coffee Dripper","WingedGreaves","Dodecahedron","Strawberry","Tiny House","DollysMirror","Blue Candle"],"potions_floor_usage":[6,11,12,18,28,30,33],"damage_taken":[{"damage":0.0,"enemies":"Cultist","floor":1.0,"turns":3.0},{"damage":2.0,"enemies":"Jaw Worm","floor":2.0,"turns":5.0},{"damage":0,"enemies":"Small Slimes","floor":4,"turns":4},{"damage":3,"enemies":"Exordium Wildlife","floor":5,"turns":6},{"damage":11,"enemies":"Lagavulin","floor":6,"turns":7},{"damage":16,"enemies":"Gremlin Nob","floor":11,"turns":3},{"damage":14,"enemies":"Gremlin Gang","floor":12,"turns":6},{"damage":1,"enemies":"Looter","floor":14,"turns":3},{"damage":35,"enemies":"The Guardian","floor":16,"turns":12},{"damage":8,"enemies":"3 Byrds","floor":18,"turns":6},{"damage":12,"enemies":"Shell Parasite","floor":19,"turns":6},{"damage":11,"enemies":"Shelled Parasite and Fungi","floor":22,"turns":7},{"damage":35,"enemies":"Snake Plant","floor":28,"turns":3},{"damage":0,"enemies":"Centurion and Healer","floor":30,"turns":8},{"damage":15,"enemies":"Sentry and Sphere","floor":31,"turns":9},{"damage":7,"enemies":"Automaton","floor":33,"turns":6}],"seed_played":"3706392762154811739","potions_obtained":[{"floor":2.0,"key":"PowerPotion"},{"floor":6,"key":"FearPotion"},{"floor":11,"key":"SkillPotion"},{"floor":16,"key":"Fruit Juice"},{"floor":17,"key":"SteroidPotion"},{"floor":22,"key":"SpeedPotion"},{"floor":31,"key":"Poison Potion"}],"is_trial":false,"path_per_floor":["M","M","$","M","M","E","R","?","T","?","E","M","?","M","R","B",null,"M","M","$","?","M","R","R","?","T","R","M","$","M","M","R","B"],"character_chosen":"THE_SILENT","items_purchased":["DollysMirror","PiercingWail"],"campfire_rested":0,"item_purchase_floors":[20,29],"current_hp_per_floor":[70,68,68,68,65,54,54,54,54,70,61,47,66,65,65,30,82,79,67,67,67,56,56,56,56,56,56,21,21,21,6,6,0],"gold":30,"neow_bonus":"BOSS_RELIC","is_prod":false,"is_daily":false,"chose_seed":false,"campfire_upgraded":6,"win_rate":0,"timestamp":1556897301,"path_taken":["M","?","$","M","M","E","R","?","T","?","E","M","?","?","R","BOSS","M","?","$","?","M","R","R","?","T","R","M","?","?","M","R","BOSS"],"build_version":"2019-01-23","purchased_purges":1,"victory":false,"max_hp_per_floor":[70,70,70,70,70,70,70,70,70,70,77,77,77,77,77,77,82,87,87,87,87,87,87,87,87,87,87,87,87,87,87,87,87],"card_choices":[{"not_picked":["Flying Knee","Dagger Throw"],"picked":"Dodge and Roll","floor":1.0},{"not_picked":["Cloak And Dagger","Prepared"],"picked":"Masterful Stab","floor":2.0},{"not_picked":["Outmaneuver","Reflex","Bane"],"picked":"SKIP","floor":4},{"not_picked":["Endless Agony","Dagger Throw"],"picked":"Bouncing Flask","floor":5},{"not_picked":["Night Terror","Dagger Spray"],"picked":"Infinite Blades","floor":6},{"not_picked":["Sucker Punch","Acrobatics"],"picked":"Bane","floor":11},{"not_picked":["Backstab","Endless Agony","Quick Slash"],"picked":"SKIP","floor":12},{"not_picked":["Poisoned Stab","Dagger Spray"],"picked":"PiercingWail","floor":14},{"not_picked":["Corpse Explosion","Doppelganger"],"picked":"After Image","floor":16},{"not_picked":["Prepared","Deadly Poison"],"picked":"Blade Dance","floor":17},{"not_picked":["Terror","Masterful Stab"],"picked":"Finisher","floor":18},{"not_picked":["Reflex","Blade Dance","Outmaneuver"],"picked":"SKIP","floor":19},{"not_picked":["Eviscerate+1","Reflex"],"picked":"Infinite Blades","floor":22},{"not_picked":["Backstab","Blade Dance+1"],"picked":"PiercingWail","floor":28},{"not_picked":["Bouncing Flask","Cloak And Dagger"],"picked":"Deflect+1","floor":30},{"not_picked":["Dagger Throw","Bane","Choke+1"],"picked":"SKIP","floor":31}],"player_experience":747346,"relics_obtained":[{"floor":6,"key":"WingedGreaves"},{"floor":9,"key":"Dodecahedron"},{"floor":11,"key":"Strawberry"},{"floor":26,"key":"Blue Candle"}],"event_choices":[{"damage_healed":0,"gold_gain":0,"player_choice":"Searched \u00270\u0027 times","damage_taken":0,"max_hp_gain":0,"max_hp_loss":0,"event_name":"Dead Adventurer","floor":8,"gold_loss":0},{"damage_healed":23,"gold_gain":0,"player_choice":"Banana","damage_taken":0,"max_hp_gain":0,"max_hp_loss":0,"event_name":"Big Fish","floor":10,"gold_loss":0},{"damage_healed":19,"gold_gain":0,"player_choice":"Healed","damage_taken":0,"max_hp_gain":0,"max_hp_loss":0,"event_name":"The Cleric","floor":13,"gold_loss":35},{"damage_healed":0,"gold_gain":0,"player_choice":"Paid Fearfully","damage_taken":0,"max_hp_gain":0,"max_hp_loss":0,"event_name":"Masked Bandits","floor":21,"gold_loss":183},{"damage_healed":0,"gold_gain":0,"player_choice":"Ignored","damage_taken":0,"max_hp_gain":0,"max_hp_loss":0,"event_name":"Beggar","floor":25,"gold_loss":0}],"is_beta":false,"boss_relics":[{"not_picked":["Black Star","Philosopher\u0027s Stone"],"picked":"Tiny House"}],"items_purged_floors":[20],"is_endless":false,"potions_floor_spawned":[2,6,11,16,22,31],"killed_by":"Automaton","ascension_level":3}