{"gold_per_floor":[11,11,30,46,64,64,90,90,90,90,124,141,151,181,181,259,259,271,271,291,305,323,323,338,338,338,263,263,100,100],"floor_reached":30,"playtime":1308,"items_purged":["Strike_R"],"score":504,"play_id":"8723a10e-debe-4e5c-bb37-812dfab3c23f","local_time":"20190608135205","is_ascension_mode":true,"campfire_choices":[{"data":"Whirlwind","floor":6,"key":"SMITH"},{"floor":8,"key":"REST"},{"floor":15,"key":"REST"},{"floor":23,"key":"REST"},{"floor":25,"key":"REST"},{"data":"Flame Barrier","floor":28,"key":"SMITH"}],"neow_cost":"NO_GOLD","seed_source_timestamp":33937359225613,"circlet_count":0,"master_deck":["AscendersBane","Strike_R","Strike_R","Defend_R","Defend_R+1","Defend_R","Defend_R+1","Bash","Whirlwind+1","Second Wind","Spot Weakness","Flame Barrier+1","Armaments+1","Clothesline","Limit Break","Feel No Pain","Demon Form","Heavy Blade","True Grit"],"relics":["Burning Blood","Self Forming Clay","Pantograph","Letter Opener","War Paint","Omamori","Philosopher\u0027s Stone","Shuriken","PreservedInsect"],"potions_floor_usage":[7,14,16,22,30],"damage_taken":[{"damage":4,"enemies":"Small Slimes","floor":1,"turns":5},{"damage":0,"enemies":"2 Louse","floor":3,"turns":2},{"damage":6,"enemies":"Cultist","floor":4,"turns":4},{"damage":22,"enemies":"Red Slaver","floor":5,"turns":6},{"damage":48,"enemies":"Lagavulin","floor":7,"turns":7},{"damage":11,"enemies":"3 Sentries","floor":11,"turns":5},{"damage":15,"enemies":"Gremlin Gang","floor":12,"turns":4},{"damage":0,"enemies":"Blue Slaver","floor":13,"turns":4},{"damage":32,"enemies":"Gremlin Nob","floor":14,"turns":6},{"damage":36,"enemies":"The Guardian","floor":16,"turns":11},{"damage":18,"enemies":"3 Byrds","floor":18,"turns":3},{"damage":35,"enemies":"Shell Parasite","floor":20,"turns":7},{"damage":13,"enemies":"Snecko","floor":21,"turns":6},{"damage":13,"enemies":"Sentry and Sphere","floor":22,"turns":7},{"damage":23,"enemies":"Snake Plant","floor":24,"turns":5},{"damage":55,"enemies":"Slavers","floor":30,"turns":3}],"seed_played":"-80156944573821722","potions_obtained":[{"floor":1,"key":"BloodPotion"},{"floor":5,"key":"Swift Potion"},{"floor":12,"key":"EssenceOfSteel"},{"floor":14,"key":"PowerPotion"},{"floor":20,"key":"Dexterity Potion"},{"floor":22,"key":"Swift Potion"}],"is_trial":false,"path_per_floor":["M","?","M","M","M","R","E","R","T","?","E","M","M","E","R","B",null,"M","?","M","M","M","R","M","R","T","$","R","$","E"],"character_chosen":"IRONCLAD","items_purchased":["PreservedInsect"],"campfire_rested":4,"item_purchase_floors":[29],"current_hp_per_floor":[70,70,75,75,59,59,24,46,46,46,41,32,38,12,34,29,64,52,52,23,16,9,31,14,36,36,36,36,36,0],"gold":100,"neow_bonus":"TRANSFORM_TWO_CARDS","is_prod":false,"is_daily":false,"chose_seed":false,"campfire_upgraded":2,"win_rate":0,"timestamp":1560016325,"path_taken":["M","?","M","M","M","R","E","R","T","?","E","M","M","E","R","BOSS","M","?","?","M","M","R","?","R","T","$","R","$","E"],"build_version":"2019-01-23","purchased_purges":1,"victory":false,"max_hp_per_floor":[75,75,75,75,75,75,75,75,75,75,75,75,75,75,75,75,75,75,75,75,75,75,75,75,75,75,75,75,75,75],"card_choices":[{"not_picked":["Pummel","Twin Strike"],"picked":"Spot Weakness","floor":1},{"not_picked":["Wild Strike","Heavy Blade"],"picked":"Flame Barrier","floor":3},{"not_picked":["Clash","Rupture"],"picked":"Armaments","floor":4},{"not_picked":["Warcry","Metallicize"],"picked":"Clothesline","floor":5},{"not_picked":["Clash","Seeing Red","Flex"],"picked":"SKIP","floor":7},{"not_picked":["Impervious","Ghostly Armor"],"picked":"Limit Break","floor":11},{"not_picked":["Thunderclap","Intimidate","Reckless Charge"],"picked":"SKIP","floor":12},{"not_picked":["Wild Strike","Warcry"],"picked":"Feel No Pain","floor":13},{"not_picked":["Reckless Charge","Infernal Blade","Warcry"],"picked":"SKIP","floor":14},{"not_picked":["Feed","Immolate"],"picked":"Demon Form","floor":16},{"not_picked":["Rage","Burning Pact"],"picked":"Heavy Blade","floor":18},{"not_picked":["Warcry","Evolve","Inflame+1"],"picked":"SKIP","floor":20},{"not_picked":["Dual Wield","Seeing Red","Body Slam"],"picked":"SKIP","floor":21},{"not_picked":["Pommel Strike","Anger","Perfected Strike"],"picked":"SKIP","floor":22},{"not_picked":["Carnage+1","Infernal Blade"],"picked":"True Grit","floor":24}],"player_experience":599251,"relics_obtained":[{"floor":7,"key":"Self Forming Clay"},{"floor":9,"key":"Pantograph"},{"floor":11,"key":"War Paint"},{"floor":14,"key":"Omamori"},{"floor":26,"key":"Shuriken"}],"event_choices":[{"damage_healed":0,"gold_gain":0,"player_choice":"Ignored","damage_taken":0,"max_hp_gain":0,"max_hp_loss":0,"event_name":"Liars Game","floor":2,"gold_loss":0},{"damage_healed":0,"gold_gain":0,"player_choice":"Gave Potion","damage_taken":0,"relics_obtained":["Letter Opener"],"max_hp_gain":0,"max_hp_loss":0,"event_name":"WeMeetAgain","floor":10,"gold_loss":0},{"damage_healed":0,"gold_gain":0,"player_choice":"Forge","damage_taken":0,"max_hp_gain":0,"max_hp_loss":0,"event_name":"Accursed Blacksmith","floor":19,"gold_loss":0,"cards_upgraded":["Armaments"]}],"is_beta":false,"boss_relics":[{"not_picked":["Ectoplasm","Orrery"],"picked":"Philosopher\u0027s Stone"}],"items_purged_floors":[27],"is_endless":false,"potions_floor_spawned":[1,5,12,14,20,22],"killed_by":"Slavers","ascension_level":20}