{"gold_per_floor":[160,160,175,175,194,221,247,274,312,324,348,373,140,173,173,268,268,284,319,319,234,1,1],"floor_reached":23,"playtime":2706,"items_purged":["Strike_R"],"score":201,"play_id":"1f88f411-06c6-427e-a844-1a8f95fbd295","local_time":"20190522123927","is_ascension_mode":false,"campfire_choices":[{"floor":10,"key":"REST"},{"floor":15,"key":"REST"}],"neow_cost":"NONE","seed_source_timestamp":237851121509400,"circlet_count":0,"master_deck":["Strike_R","Strike_R","Strike_R+1","Strike_R","Defend_R","Defend_R","Defend_R","Defend_R","Bash","Pommel Strike","Headbutt","Armaments","Whirlwind","Shockwave","Flame Barrier","Metallicize","Blood for Blood","Headbutt","Armaments","Cleave","Impatience","Anger","Limit Break","Entrench","Anger","Thunderclap","Flame Barrier","Feel No Pain","Perfected Strike","Shrug It Off","Writhe","Impervious","Searing Blow","Infernal Blade"],"relics":["Tiny House","Sundial","MawBank","Oddly Smooth Stone","Pen Nib","Orrery","Red Mask","Lantern","Anchor"],"potions_floor_usage":[6,7,14,14,23,23,23],"damage_taken":[{"damage":8,"enemies":"Small Slimes","floor":1,"turns":3},{"damage":0,"enemies":"Cultist","floor":3,"turns":2},{"damage":0,"enemies":"2 Louse","floor":5,"turns":2},{"damage":21,"enemies":"3 Sentries","floor":6,"turns":7},{"damage":0,"enemies":"2 Fungi Beasts","floor":7,"turns":4},{"damage":0,"enemies":"3 Louse","floor":8,"turns":1},{"damage":0,"enemies":"Large Slime","floor":11,"turns":5},{"damage":9,"enemies":"Looter","floor":12,"turns":4},{"damage":14,"enemies":"Lagavulin","floor":14,"turns":8},{"damage":55,"enemies":"Slime Boss","floor":16,"turns":13},{"damage":15,"enemies":"Chosen","floor":18,"turns":6},{"damage":26,"enemies":"Masked Bandits","floor":19,"turns":4},{"damage":52,"enemies":"Gremlin Leader","floor":23,"turns":7}],"seed_played":"-794752585608992772","potions_obtained":[{"floor":0,"key":"Fire Potion"},{"floor":6,"key":"BloodPotion"},{"floor":7,"key":"PowerPotion"},{"floor":8,"key":"Fruit Juice"},{"floor":11,"key":"Swift Potion"},{"floor":16,"key":"Explosive Potion"},{"floor":18,"key":"Explosive Potion"},{"floor":19,"key":"AttackPotion"}],"is_trial":false,"path_per_floor":["M","?","M","?","M","E","M","M","T","R","M","M","$","E","R","B",null,"M","?","?","?","$","E"],"character_chosen":"IRONCLAD","items_purchased":["Armaments","Cleave","Impatience","Impervious","Searing Blow","Infernal Blade"],"campfire_rested":2,"item_purchase_floors":[13,13,13,22,22,22],"current_hp_per_floor":[77,85,85,73,73,52,60,60,60,85,85,76,76,67,90,35,90,75,49,49,49,49,0],"gold":1,"neow_bonus":"BOSS_RELIC","is_prod":false,"is_daily":false,"chose_seed":false,"campfire_upgraded":0,"win_rate":0.0,"timestamp":1558543167,"path_taken":["M","?","?","?","M","E","M","M","T","R","M","M","$","E","R","BOSS","M","?","?","?","$","E"],"build_version":"2019-01-23","purchased_purges":1,"victory":false,"max_hp_per_floor":[85,85,85,85,85,85,85,85,85,85,85,85,85,90,90,90,90,90,90,90,90,90,90],"card_choices":[{"not_picked":["Armaments","Twin Strike"],"picked":"Pommel Strike","floor":0},{"not_picked":["Heavy Blade","True Grit"],"picked":"Headbutt","floor":1},{"not_picked":["Shrug It Off","Power Through"],"picked":"Armaments","floor":3},{"not_picked":["Iron Wave","Clothesline"],"picked":"Whirlwind","floor":5},{"not_picked":["Clash","Combust"],"picked":"Shockwave","floor":6},{"not_picked":["Headbutt","Pommel Strike"],"picked":"Flame Barrier","floor":7},{"not_picked":["Flex","Dark Embrace"],"picked":"Metallicize","floor":8},{"not_picked":["Clothesline","Warcry"],"picked":"Blood for Blood","floor":11},{"not_picked":["Clash","True Grit"],"picked":"Headbutt","floor":12},{"not_picked":["Combust","Sword Boomerang"],"picked":"Anger","floor":14},{"not_picked":["Berserk","Juggernaut"],"picked":"Limit Break","floor":16},{"not_picked":["Sword Boomerang","Uppercut"],"picked":"Entrench","floor":17},{"not_picked":["Perfected Strike","Clothesline"],"picked":"Anger","floor":17},{"not_picked":["Twin Strike","Shockwave"],"picked":"Thunderclap","floor":17},{"not_picked":["Rampage","Body Slam"],"picked":"Flame Barrier","floor":17},{"not_picked":["Rupture","Body Slam"],"picked":"Feel No Pain","floor":17},{"not_picked":["Twin Strike","Inflame"],"picked":"Perfected Strike","floor":18},{"not_picked":["Sever Soul","Thunderclap+1"],"picked":"Shrug It Off","floor":19}],"player_experience":5203,"relics_obtained":[{"floor":6,"key":"MawBank"},{"floor":9,"key":"Oddly Smooth Stone"},{"floor":14,"key":"Pen Nib"},{"floor":19,"key":"Red Mask"}],"event_choices":[{"damage_healed":8,"gold_gain":0,"player_choice":"Full Heal","damage_taken":0,"max_hp_gain":0,"max_hp_loss":0,"event_name":"Wheel of Change","floor":2,"gold_loss":0},{"damage_healed":0,"gold_gain":0,"player_choice":"Success","damage_taken":12,"relics_obtained":["Sundial"],"max_hp_gain":0,"max_hp_loss":0,"event_name":"Scrap Ooze","floor":4,"gold_loss":0},{"damage_healed":0,"gold_gain":0,"player_choice":"Fought Bandits","damage_taken":0,"max_hp_gain":0,"max_hp_loss":0,"event_name":"Masked Bandits","floor":19,"gold_loss":0},{"damage_healed":0,"gold_gain":0,"player_choice":"Opened","damage_taken":0,"relics_obtained":["Lantern"],"max_hp_gain":0,"max_hp_loss":0,"event_name":"The Mausoleum","floor":20,"gold_loss":0,"cards_obtained":["Writhe"]},{"damage_healed":0,"gold_gain":0,"player_choice":"Obtained Relic","damage_taken":0,"relics_obtained":["Anchor"],"max_hp_gain":0,"max_hp_loss":0,"event_name":"Addict","floor":21,"gold_loss":85}],"is_beta":false,"boss_relics":[{"not_picked":["Empty Cage","Cursed Key"],"picked":"Orrery"}],"items_purged_floors":[13],"is_endless":false,"potions_floor_spawned":[6,7,8,11,16,18,19],"killed_by":"Gremlin Leader","ascension_level":0}