{"gold_per_floor":[110,129,101,101,112,112,147,147,147,147,2,20,48,65,65,170,170,190,203,217,236,335,335,360,360,360,360,373,147,165,182,182,287,287,305,324,63,83,83,83,83,83,83,103,103,123,134,151,151,151],"floor_reached":51,"playtime":5410,"items_purged":["Strike_G"],"score":705,"play_id":"4fea0f88-5310-4623-8824-ea66cdc5fcb4","local_time":"20190504013334","is_ascension_mode":true,"campfire_choices":[{"data":"Neutralize","floor":6.0,"key":"SMITH"},{"floor":8.0,"key":"REST"},{"data":"Setup","floor":10.0,"key":"SMITH"},{"floor":15.0,"key":"REST"},{"data":"Strike_G","floor":23.0,"key":"PURGE"},{"floor":25.0,"key":"REST"},{"floor":32.0,"key":"REST"},{"data":"Blade Dance","floor":40.0,"key":"SMITH"},{"data":"Strike_G","floor":42,"key":"PURGE"},{"data":"Crippling Poison","floor":45,"key":"SMITH"},{"floor":49,"key":"REST"}],"neow_cost":"CURSE","seed_source_timestamp":98033520517253,"circlet_count":0,"master_deck":["Defend_G","Defend_G","Defend_G+1","Defend_G","Survivor","Neutralize+1","Leg Sweep+1","Setup+1","Backflip","Blade Dance+1","Bouncing Flask+1","Crippling Poison+1","Corpse Explosion","PiercingWail","Bane","Escape Plan+1","Leg Sweep+1","A Thousand Cuts+1","Prepared+1","Adrenaline+1","Endless Agony+1","Deflect","Well Laid Plans","Dodge and Roll+1"],"special_seed":0,"relics":["Ring of the Snake","Calipers","Pear","Snake Skull","Regal Pillow","Peace Pipe","Eternal Feather","Red Mask","Tough Bandages","Blue Candle","War Paint","Astrolabe","TheAbacus","Dodecahedron"],"potions_floor_usage":[50],"damage_taken":[{"damage":8.0,"enemies":"2 Louse","floor":1.0,"turns":4.0},{"damage":1.0,"enemies":"Cultist","floor":2.0,"turns":5.0},{"damage":4.0,"enemies":"Small Slimes","floor":5.0,"turns":6.0},{"damage":38.0,"enemies":"Lagavulin","floor":7.0,"turns":12.0},{"damage":3.0,"enemies":"2 Fungi Beasts","floor":12.0,"turns":4.0},{"damage":23.0,"enemies":"3 Sentries","floor":13.0,"turns":11.0},{"damage":4.0,"enemies":"Blue Slaver","floor":14.0,"turns":3.0},{"damage":64.0,"enemies":"Slime Boss","floor":16.0,"turns":14.0},{"damage":11.0,"enemies":"Shell Parasite","floor":18.0,"turns":6.0},{"damage":27.0,"enemies":"2 Thieves","floor":19.0,"turns":4.0},{"damage":1.0,"enemies":"Snecko","floor":20.0,"turns":6.0},{"damage":18.0,"enemies":"Snake Plant","floor":21.0,"turns":6.0},{"damage":4.0,"enemies":"Masked Bandits","floor":24.0,"turns":2.0},{"damage":46.0,"enemies":"Chosen and Byrds","floor":28.0,"turns":9.0},{"damage":12.0,"enemies":"Centurion and Healer","floor":30.0,"turns":7.0},{"damage":0.0,"enemies":"Snecko","floor":31.0,"turns":6.0},{"damage":48.0,"enemies":"Collector","floor":33.0,"turns":19.0},{"damage":12.0,"enemies":"3 Darklings","floor":35.0,"turns":3.0},{"damage":1.0,"enemies":"Orb Walker","floor":36.0,"turns":4.0},{"damage":3.0,"enemies":"3 Darklings","floor":38.0,"turns":3.0},{"damage":9,"enemies":"Sphere and 2 Shapes","floor":44,"turns":4},{"damage":26,"enemies":"Transient","floor":46,"turns":5},{"damage":0,"enemies":"Maw","floor":47,"turns":9},{"damage":0,"enemies":"3 Darklings","floor":48,"turns":2},{"damage":66,"enemies":"Time Eater","floor":50,"turns":13}],"seed_played":"2049629140254176148","potions_obtained":[{"floor":1.0,"key":"Poison Potion"},{"floor":2.0,"key":"FairyPotion"},{"floor":12.0,"key":"Explosive Potion"},{"floor":14.0,"key":"Energy Potion"},{"floor":16.0,"key":"FearPotion"},{"floor":18.0,"key":"SteroidPotion"},{"floor":24.0,"key":"SneckoOil"},{"floor":30.0,"key":"Dexterity Potion"},{"floor":31.0,"key":"Explosive Potion"},{"floor":35.0,"key":"SmokeBomb"},{"floor":48,"key":"LiquidBronze"}],"is_trial":false,"path_per_floor":["M","M","?","?","M","R","E","R","T","R","$","M","E","M","R","B",null,"M","M","M","M","?","R","?","R","T","T","M","$","M","M","R","B",null,"M","M","$","M","?","R","$","R","T","M","R","M","M","M","R","B",null],"character_chosen":"THE_SILENT","items_purchased":["Regal Pillow","War Paint","Deflect","TheAbacus"],"campfire_rested":5,"item_purchase_floors":[11,29,37,37],"current_hp_per_floor":[62,61,61,61,57,57,29,52,52,52,52,49,26,22,60,3,77,66,39,38,20,20,32,28,77,77,77,31,31,19,19,69,21,77,65,64,64,61,61,73,73,77,77,68,77,51,51,51,77,11],"gold":151,"neow_bonus":"ONE_RARE_RELIC","is_prod":false,"is_daily":false,"chose_seed":false,"campfire_upgraded":4,"win_rate":0,"timestamp":1556922814,"path_taken":["M","M","?","?","M","R","E","R","T","R","$","M","E","M","R","BOSS","M","?","M","M","?","R","?","R","T","?","M","$","?","M","R","BOSS","M","M","$","M","?","R","$","R","T","M","R","M","?","M","R","BOSS"],"build_version":"2019-01-23","purchased_purges":1,"victory":true,"max_hp_per_floor":[70,70,70,67,67,67,77,77,77,77,77,77,77,77,77,77,77,77,77,77,77,77,77,77,77,77,77,77,77,77,77,77,77,77,77,77,77,77,77,77,77,77,77,77,77,77,77,77,77,77],"card_choices":[{"not_picked":["Underhanded Strike","Poisoned Stab"],"picked":"Leg Sweep","floor":1.0},{"not_picked":["Expertise","Prepared","Poisoned Stab"],"picked":"SKIP","floor":2.0},{"not_picked":["Expertise","Prepared","Poisoned Stab"],"picked":"SKIP","floor":2.0},{"not_picked":["Quick Slash","Prepared"],"picked":"Setup","floor":5.0},{"not_picked":["Finisher","Eviscerate"],"picked":"Backflip","floor":7.0},{"not_picked":["Outmaneuver","Prepared"],"picked":"Blade Dance","floor":12.0},{"not_picked":["Backflip","Sucker Punch"],"picked":"Bouncing Flask","floor":13.0},{"not_picked":["PiercingWail","Prepared"],"picked":"Crippling Poison","floor":14.0},{"not_picked":["Malaise","Burst"],"picked":"Corpse Explosion","floor":16.0},{"not_picked":["Eviscerate","Poisoned Stab"],"picked":"PiercingWail","floor":18.0},{"not_picked":["Acrobatics+1","Masterful Stab","Finisher"],"picked":"SKIP","floor":19.0},{"not_picked":["Dagger Throw","PiercingWail"],"picked":"Bane","floor":20.0},{"not_picked":["Outmaneuver+1","Dodge and Roll"],"picked":"Escape Plan+1","floor":21.0},{"not_picked":["Underhanded Strike","Skewer"],"picked":"Leg Sweep+1","floor":24.0},{"not_picked":["Poisoned Stab","Dagger Throw","Cloak And Dagger"],"picked":"SKIP","floor":28.0},{"not_picked":["Dagger Spray","Unload","Accuracy+1"],"picked":"SKIP","floor":30.0},{"not_picked":["Bane+1","Deadly Poison","Sucker Punch"],"picked":"SKIP","floor":31.0},{"not_picked":["Acrobatics+1","Outmaneuver+1"],"picked":"Endless Agony+1","floor":35.0},{"not_picked":["Eviscerate+1","Cloak And Dagger","Endless Agony+1"],"picked":"SKIP","floor":36.0},{"not_picked":["Flechettes+1","PiercingWail+1","Sucker Punch+1"],"picked":"SKIP","floor":38.0},{"not_picked":["Prepared+1","Acrobatics","Backflip+1"],"picked":"SKIP","floor":44},{"not_picked":["Poisoned Stab+1","Dagger Spray+1"],"picked":"Well Laid Plans","floor":46},{"not_picked":["Acrobatics+1","Leg Sweep","Concentrate+1"],"picked":"SKIP","floor":47},{"not_picked":["Riddle With Holes","Corpse Explosion"],"picked":"Dodge and Roll+1","floor":48}],"player_experience":749331,"relics_obtained":[{"floor":7.0,"key":"Pear"},{"floor":9.0,"key":"Snake Skull"},{"floor":13.0,"key":"Peace Pipe"},{"floor":24.0,"key":"Red Mask"},{"floor":26.0,"key":"Tough Bandages"},{"floor":27.0,"key":"Blue Candle"},{"floor":43,"key":"Dodecahedron"}],"event_choices":[{"damage_healed":0.0,"max_hp_gain":0.0,"max_hp_loss":0.0,"gold_gain":0.0,"event_name":"World of Goop","player_choice":"Left Gold","floor":3.0,"gold_loss":28.0,"damage_taken":0.0},{"cards_removed":["Parasite"],"damage_healed":0.0,"max_hp_gain":0.0,"max_hp_loss":0.0,"gold_gain":0.0,"event_name":"Purifier","player_choice":"Purged","floor":4.0,"gold_loss":0.0,"damage_taken":0.0},{"damage_healed":0.0,"max_hp_gain":0.0,"max_hp_loss":0.0,"gold_gain":99.0,"event_name":"Nest","player_choice":"Stole From Cult","floor":22.0,"gold_loss":0.0,"damage_taken":0.0},{"damage_healed":0.0,"max_hp_gain":0.0,"max_hp_loss":0.0,"gold_gain":0.0,"event_name":"Masked Bandits","player_choice":"Fought Bandits","floor":24.0,"gold_loss":0.0,"damage_taken":0.0},{"damage_healed":0.0,"max_hp_gain":0.0,"max_hp_loss":0.0,"gold_gain":0.0,"event_name":"Accursed Blacksmith","player_choice":"Forge","floor":39.0,"gold_loss":0.0,"damage_taken":0.0,"cards_upgraded":["Bouncing Flask"]}],"is_beta":false,"boss_relics":[{"not_picked":["Tiny House","Ring of the Serpent"],"picked":"Eternal Feather"},{"not_picked":["Philosopher\u0027s Stone","Runic Pyramid"],"picked":"Astrolabe"}],"items_purged_floors":[29],"is_endless":false,"potions_floor_spawned":[1,2,12,14,16,18,24,30,31,35,48],"ascension_level":3}