{"gold_per_floor":[112,142,142,142,40,68,68,42,67,93,93,93,127,141,141,217,217,237,237,237,237,237,237,250,277,327,354,354,382,382,398,398,473,473,490,510,510,537,174,174,174,174,174,174,190,290,317,332,332,332,332,332,332,42,77,77],"floor_reached":56,"playtime":5865,"items_purged":["Writhe","Pain"],"score":2221,"play_id":"1ae11bbc-a90d-4256-9197-58e707ea2259","local_time":"20190609100630","is_ascension_mode":true,"campfire_choices":[{"floor":7.0,"key":"REST"},{"data":"Streamline","floor":12.0,"key":"SMITH"},{"data":"Capacitor","floor":15.0,"key":"SMITH"},{"data":"Buffer","floor":23.0,"key":"SMITH"},{"data":"Defragment","floor":28.0,"key":"SMITH"},{"data":"Ghostly","floor":30.0,"key":"SMITH"},{"data":"Ghostly","floor":32.0,"key":"SMITH"},{"data":"Heatsinks","floor":40.0,"key":"SMITH"},{"floor":44.0,"key":"RECALL"},{"floor":49.0,"key":"REST"},{"floor":53.0,"key":"REST"}],"neow_cost":"NONE","seed_source_timestamp":919709459235485,"circlet_count":0,"master_deck":["AscendersBane","Strike_B","Defend_B","Defend_B","Defend_B","Defend_B","Zap","Dualcast","Conserve Battery","Ball Lightning","Capacitor+1","FTL","Streamline+1","Sweeping Beam","Steam","Cold Snap","Buffer+1","Chill+1","Static Discharge+1","Meteor Strike+1","Conserve Battery","Ghostly+1","Ghostly+1","Ghostly","Defragment+1","Heatsinks+1","Glacier","Creative AI+1","Capacitor+1","Conserve Battery"],"special_seed":0,"relics":["Cracked Core","NeowsBlessing","Tiny Chest","Mummified Hand","Ancient Tea Set","Juzu Bracelet","Mercury Hourglass","WarpedTongs","Blue Candle","Astrolabe","Nilry\u0027s Codex","Mango","Frozen Egg 2","Bag of Marbles","Strawberry","Busted Crown","Orichalcum","Bottled Tornado","Cables","Kunai","Du-Vu Doll","Dodecahedron","Shuriken"],"potions_floor_usage":[56,56],"damage_taken":[{"damage":0.0,"enemies":"Cultist","floor":1.0,"turns":1.0},{"damage":0.0,"enemies":"3 Sentries","floor":6.0,"turns":1.0},{"damage":0.0,"enemies":"Gremlin Nob","floor":10.0,"turns":1.0},{"damage":8.0,"enemies":"3 Sentries","floor":13.0,"turns":4.0},{"damage":0.0,"enemies":"2 Louse","floor":14.0,"turns":2.0},{"damage":12.0,"enemies":"Hexaghost","floor":16.0,"turns":8.0},{"damage":1.0,"enemies":"Chosen","floor":18.0,"turns":5.0},{"damage":2.0,"enemies":"3 Byrds","floor":24.0,"turns":5.0},{"damage":1.0,"enemies":"Gremlin Leader","floor":25.0,"turns":9.0},{"damage":7.0,"enemies":"Slavers","floor":29.0,"turns":11.0},{"damage":9.0,"enemies":"Snake Plant","floor":31.0,"turns":3.0},{"damage":25.0,"enemies":"Collector","floor":33.0,"turns":10.0},{"damage":4.0,"enemies":"3 Shapes","floor":35.0,"turns":6.0},{"damage":8.0,"enemies":"3 Darklings","floor":36.0,"turns":5.0},{"damage":1.0,"enemies":"Writhing Mass","floor":45.0,"turns":7.0},{"damage":1.0,"enemies":"Mind Bloom Boss Battle","floor":46.0,"turns":8.0},{"damage":1.0,"enemies":"Reptomancer","floor":47.0,"turns":7.0},{"damage":13.0,"enemies":"Jaw Worm Horde","floor":48.0,"turns":5.0},{"damage":1.0,"enemies":"Awakened One","floor":50.0,"turns":10.0},{"damage":1.0,"enemies":"Donu and Deca","floor":51.0,"turns":10.0},{"damage":39.0,"enemies":"Shield and Spear","floor":55.0,"turns":8.0},{"damage":18,"enemies":"The Heart","floor":56,"turns":11}],"seed_played":"5404331106327538150","potions_obtained":[{"floor":10.0,"key":"FocusPotion"},{"floor":14.0,"key":"EssenceOfSteel"},{"floor":31.0,"key":"SkillPotion"},{"floor":36.0,"key":"Ancient Potion"},{"floor":46.0,"key":"Ancient Potion"},{"floor":48.0,"key":"Explosive Potion"}],"is_trial":false,"path_per_floor":["M","?","?","T","$","E","R","$","T","E","?","R","E","M","R","B",null,"M","?","?","?","?","R","M","E","T","T","R","E","R","M","R","B",null,"M","M","?","T","$","R","T","?","T","R","M","?","E","M","R","B","B",null,"R","$","E","B"],"character_chosen":"DEFECT","items_purchased":["Ball Lightning","Capacitor","Streamline","Bottled Tornado","Capacitor+1","Ancient Potion","Conserve Battery"],"campfire_rested":3,"item_purchase_floors":[5,5,8,39,54,54,54],"current_hp_per_floor":[64,19,19,19,19,19,40,40,40,40,40,40,32,32,32,20,58,57,36,35,49,49,49,47,46,46,46,46,46,46,37,37,12,45,41,33,33,33,33,33,33,33,33,33,32,31,30,17,32,31,30,47,53,53,14,0],"gold":77,"neow_bonus":"THREE_ENEMY_KILL","is_prod":false,"is_daily":false,"chose_seed":false,"campfire_upgraded":7,"win_rate":0,"timestamp":1560099990,"path_taken":["M","?","?","?","$","E","R","$","T","E","?","R","E","M","R","BOSS","M","?","?","?","?","R","M","E","T","?","R","E","R","M","R","BOSS","M","M","?","?","?","R","?","?","T","R","M","?","E","M","R","BOSS","BOSS","R","$","E","BOSS"],"build_version":"2019-06-07","purchased_purges":2,"victory":false,"max_hp_per_floor":[71,71,71,71,71,71,71,71,71,71,71,71,71,71,71,71,71,71,71,35,49,49,49,49,49,49,49,49,56,56,56,56,56,56,56,56,53,53,53,53,53,53,53,53,53,53,53,53,53,53,53,53,53,53,53,53],"card_choices":[{"not_picked":["Hologram","Consume"],"picked":"Conserve Battery","floor":1.0},{"not_picked":["White Noise","Conserve Battery"],"picked":"FTL","floor":6.0},{"not_picked":["White Noise","Double Energy"],"picked":"Sweeping Beam","floor":10.0},{"not_picked":["Lockon","Rip and Tear"],"picked":"Steam","floor":13.0},{"not_picked":["Steam","Compile Driver"],"picked":"Cold Snap","floor":14.0},{"not_picked":["Meteor Strike","Amplify"],"picked":"Buffer","floor":16.0},{"not_picked":["Barrage","Coolheaded"],"picked":"Conserve Battery","floor":18.0},{"not_picked":["Darkness","Melter"],"picked":"Heatsinks","floor":24.0},{"not_picked":["Sunder","Coolheaded","Redo"],"picked":"SKIP","floor":25.0},{"not_picked":["Gash","Cold Snap+1","Amplify"],"picked":"SKIP","floor":29.0},{"not_picked":["Sweeping Beam","Go for the Eyes"],"picked":"Glacier","floor":31.0},{"not_picked":["Fission","Hyperbeam"],"picked":"Creative AI+1","floor":33.0},{"not_picked":["Gash"],"picked":"SKIP","floor":35.0},{"not_picked":["Steam"],"picked":"SKIP","floor":36.0},{"not_picked":["Rip and Tear"],"picked":"SKIP","floor":45.0},{"not_picked":["Leap"],"picked":"SKIP","floor":47.0},{"not_picked":["Sweeping Beam"],"picked":"SKIP","floor":48.0},{"not_picked":["Beam Cell"],"picked":"SKIP","floor":55.0}],"player_experience":1624909,"relics_obtained":[{"floor":4.0,"key":"Mummified Hand"},{"floor":6.0,"key":"Ancient Tea Set"},{"floor":9.0,"key":"Juzu Bracelet"},{"floor":10.0,"key":"Mercury Hourglass"},{"floor":13.0,"key":"Blue Candle"},{"floor":19.0,"key":"Nilry\u0027s Codex"},{"floor":25.0,"key":"Frozen Egg 2"},{"floor":26.0,"key":"Bag of Marbles"},{"floor":29.0,"key":"Strawberry"},{"floor":38.0,"key":"Orichalcum"},{"floor":41.0,"key":"Cables"},{"floor":43.0,"key":"Kunai"},{"floor":46.0,"key":"Du-Vu Doll"},{"floor":47.0,"key":"Dodecahedron"},{"floor":55.0,"key":"Shuriken"}],"event_choices":[{"damage_healed":0.0,"max_hp_gain":0.0,"max_hp_loss":0.0,"gold_gain":0.0,"event_name":"Scrap Ooze","player_choice":"Success","floor":2.0,"gold_loss":0.0,"damage_taken":45.0,"relics_obtained":["Tiny Chest"]},{"damage_healed":0.0,"max_hp_gain":0.0,"max_hp_loss":0.0,"gold_gain":0.0,"event_name":"Shining Light","player_choice":"Ignored","floor":3.0,"gold_loss":0.0,"damage_taken":0.0},{"damage_healed":0.0,"max_hp_gain":0.0,"max_hp_loss":0.0,"gold_gain":0.0,"event_name":"Accursed Blacksmith","player_choice":"Rummage","floor":11.0,"gold_loss":0.0,"damage_taken":0.0,"relics_obtained":["WarpedTongs"],"cards_obtained":["Pain"]},{"damage_healed":0.0,"max_hp_gain":0.0,"max_hp_loss":0.0,"gold_gain":0.0,"event_name":"Cursed Tome","player_choice":"Obtained Book","floor":19.0,"gold_loss":0.0,"damage_taken":21.0},{"damage_healed":0.0,"max_hp_gain":0.0,"max_hp_loss":36.0,"gold_gain":0.0,"event_name":"Ghosts","player_choice":"Became a Ghost","floor":20.0,"gold_loss":0.0,"damage_taken":0.0,"cards_obtained":["Ghostly","Ghostly","Ghostly"]},{"damage_healed":0.0,"max_hp_gain":0.0,"max_hp_loss":0.0,"gold_gain":0.0,"event_name":"The Mausoleum","player_choice":"Opened","floor":21.0,"gold_loss":0.0,"damage_taken":0.0,"relics_obtained":["Mango"],"cards_obtained":["Writhe"]},{"damage_healed":0.0,"max_hp_gain":0.0,"max_hp_loss":0.0,"gold_gain":0.0,"event_name":"The Library","player_choice":"Read","floor":22.0,"gold_loss":0.0,"damage_taken":0.0,"cards_obtained":["Defragment"]},{"damage_healed":0.0,"max_hp_gain":0.0,"max_hp_loss":3.0,"gold_gain":0.0,"event_name":"Winding Halls","player_choice":"Max HP","floor":37.0,"gold_loss":0.0,"damage_taken":0.0},{"damage_healed":0.0,"max_hp_gain":0.0,"max_hp_loss":0.0,"gold_gain":0.0,"event_name":"SensoryStone","player_choice":"Memory 1","floor":42.0,"gold_loss":0.0,"damage_taken":0.0},{"damage_healed":0.0,"max_hp_gain":0.0,"max_hp_loss":0.0,"gold_gain":0.0,"event_name":"MindBloom","player_choice":"Fight","floor":46.0,"gold_loss":0.0,"damage_taken":0.0}],"is_beta":true,"boss_relics":[{"not_picked":["Sozu","Velvet Choker"],"picked":"Astrolabe"},{"not_picked":["Pandora\u0027s Box","Coffee Dripper"],"picked":"Busted Crown"}],"items_purged_floors":[39,54],"is_endless":false,"potions_floor_spawned":[10,14,31,36,46,48,55],"killed_by":"The Heart","ascension_level":20}