{"gold_per_floor":[113,38,213,232,232,232,307,49,49,49,49,64,98,116,116,213,213,229,229,328,338,3,34,34,34],"floor_reached":25,"playtime":1150,"items_purged":["Strike_B","Regret"],"score":260,"play_id":"8b660b79-6ad0-4555-8b6e-17faaae57644","local_time":"20181014144115","is_ascension_mode":true,"campfire_choices":[{"data":"Redo","floor":6,"key":"SMITH"},{"data":"Strike_B","floor":11,"key":"SMITH"},{"floor":15,"key":"REST"},{"floor":24,"key":"REST"}],"neow_cost":"","seed_source_timestamp":166380326481710,"circlet_count":0,"master_deck":["Strike_B","Strike_B","Strike_B+1","Defend_B","Defend_B","Defend_B","Zap","Dualcast","Darkness","Redo+1","Go for the Eyes","Leap","Cold Snap","Electrodynamics","White Noise","Melter","Conserve Battery","Capacitor"],"relics":["FrozenCore","Question Card","DataDisk","Smiling Mask","Ancient Tea Set","FossilizedHelix","Dead Branch"],"potions_floor_usage":[13,16,18],"damage_taken":[{"damage":2,"enemies":"2 Louse","floor":1,"turns":2},{"damage":7,"enemies":"Jaw Worm","floor":4,"turns":3},{"damage":1,"enemies":"Cultist","floor":12,"turns":3},{"damage":30,"enemies":"Gremlin Nob","floor":13,"turns":4},{"damage":5,"enemies":"3 Louse","floor":14,"turns":3},{"damage":24,"enemies":"Slime Boss","floor":16,"turns":7},{"damage":23,"enemies":"2 Thieves","floor":18,"turns":4},{"damage":0,"enemies":"Spheric Guardian","floor":21,"turns":2},{"damage":43,"enemies":"Gremlin Leader","floor":23,"turns":6},{"damage":37,"enemies":"Book of Stabbing","floor":25,"turns":5}],"seed_played":"-8875025640358408256","potions_obtained":[{"floor":12,"key":"PowerPotion"},{"floor":13,"key":"Fire Potion"},{"floor":16,"key":"Poison Potion"}],"is_trial":false,"path_per_floor":["M","$","?","M","?","R","?","$","T","?","R","M","E","M","R","B",null,"M","?","?","M","$","E","R"],"character_chosen":"DEFECT","items_purchased":["Question Card","FossilizedHelix"],"campfire_rested":2,"item_purchase_floors":[8,22],"current_hp_per_floor":[73,73,73,66,59,59,48,48,48,48,48,47,17,12,34,10,75,52,52,52,52,52,9,31,0],"gold":34,"neow_bonus":"","is_prod":false,"is_daily":false,"chose_seed":false,"campfire_upgraded":2,"win_rate":0,"timestamp":1539542475,"path_taken":["M","$","?","M","?","R","?","$","T","?","R","?","E","M","R","BOSS","M","?","?","M","$","E","R","E"],"build_version":"2018-10-11","purchased_purges":2,"victory":false,"max_hp_per_floor":[75,75,75,75,75,75,75,75,75,75,75,75,75,75,75,75,75,75,75,75,75,75,75,75,75],"card_choices":[{"not_picked":["Sweeping Beam","Hologram"],"picked":"Darkness","floor":1},{"not_picked":["Gash","Sweeping Beam"],"picked":"Redo","floor":4},{"not_picked":["Hologram","Barrage","Blizzard"],"picked":"Go for the Eyes","floor":12},{"not_picked":["Fusion","Barrage","Genetic Algorithm"],"picked":"Leap","floor":13},{"not_picked":["Go for the Eyes","Sweeping Beam","Streamline"],"picked":"Cold Snap","floor":14},{"not_picked":["Amplify","Biased Cognition","Thunder Strike"],"picked":"Electrodynamics","floor":16},{"not_picked":["Recycle","Beam Cell+1","Melter"],"picked":"White Noise","floor":18},{"not_picked":["Loop","Stack","Streamline"],"picked":"Conserve Battery","floor":21},{"not_picked":["Auto Shields","Reprogram+1","Streamline"],"picked":"Capacitor","floor":23}],"player_experience":172207,"relics_obtained":[{"floor":9,"key":"DataDisk"},{"floor":13,"key":"Ancient Tea Set"},{"floor":23,"key":"Dead Branch"}],"event_choices":[{"event_name":"Liars Game","player_choice":"agreed","floor":3,"damage_taken":0},{"event_name":"Golden Wing","player_choice":"Card Removal","floor":5,"damage_taken":0},{"event_name":"World of Goop","player_choice":"Gather Gold","floor":7,"damage_taken":0},{"event_name":"Big Fish","player_choice":"Box","floor":10,"damage_taken":0},{"event_name":"Transmorgrifier","player_choice":"Transform","floor":19,"damage_taken":0},{"event_name":"Nest","player_choice":"Stole From Cult","floor":20,"damage_taken":0}],"is_beta":false,"boss_relics":[{"not_picked":["Inserter","Runic Dome"],"picked":"FrozenCore"}],"items_purged_floors":[2,22],"is_endless":false,"potions_floor_spawned":[12,13,16],"killed_by":"Book of Stabbing","ascension_level":4}