{"gold_per_floor":[116,116,131,146,166,166,193,193,193,193,207,207],"floor_reached":12,"playtime":427,"items_purged":[],"score":88,"play_id":"20bd12e2-2f68-46ca-a657-33485c7b3552","local_time":"20190412223902","is_ascension_mode":true,"campfire_choices":[{"data":"Searing Blow","floor":6,"key":"SMITH"},{"data":"Searing Blow+1","floor":8,"key":"SMITH"},{"data":"Searing Blow+2","floor":10,"key":"SMITH"}],"neow_cost":"NONE","seed_source_timestamp":75648038824239,"circlet_count":0,"master_deck":["Strike_R","Strike_R","Strike_R","Strike_R","Strike_R","Defend_R","Defend_R","Defend_R","Defend_R","Bash+1","Headbutt","Warcry","Searing Blow+3"],"relics":["Burning Blood","Ornamental Fan"],"potions_floor_usage":[7,12],"damage_taken":[{"damage":7,"enemies":"Small Slimes","floor":1,"turns":4},{"damage":6,"enemies":"Cultist","floor":3,"turns":3},{"damage":4,"enemies":"Jaw Worm","floor":4,"turns":4},{"damage":33,"enemies":"Large Slime","floor":5,"turns":7},{"damage":48,"enemies":"3 Sentries","floor":7,"turns":9},{"damage":5,"enemies":"2 Fungi Beasts","floor":11,"turns":4},{"damage":31,"enemies":"Lagavulin","floor":12,"turns":3}],"seed_played":"-8465789246421908375","potions_obtained":[{"floor":1,"key":"LiquidBronze"},{"floor":11,"key":"AttackPotion"}],"is_trial":false,"path_per_floor":["M","?","M","M","M","R","E","R","T","R","M","E"],"character_chosen":"IRONCLAD","items_purchased":[],"campfire_rested":0,"item_purchase_floors":[],"current_hp_per_floor":[87,87,87,88,61,61,19,19,19,19,20,0],"gold":207,"neow_bonus":"TEN_PERCENT_HP_BONUS","is_prod":false,"is_daily":false,"chose_seed":false,"campfire_upgraded":3,"win_rate":0,"timestamp":1555123142,"path_taken":["M","?","M","M","?","R","E","R","T","R","M","E"],"build_version":"2019-01-23","purchased_purges":0,"victory":false,"max_hp_per_floor":[88,88,88,88,88,88,88,88,88,88,88,88],"card_choices":[{"not_picked":["Ghostly Armor","Armaments"],"picked":"Headbutt","floor":1},{"not_picked":["Havoc","Clothesline"],"picked":"Warcry","floor":3},{"not_picked":["Combust","Spot Weakness"],"picked":"Searing Blow","floor":4},{"not_picked":["Bludgeon","Twin Strike","Perfected Strike"],"picked":"SKIP","floor":5},{"not_picked":["Flame Barrier","Rupture","Sword Boomerang"],"picked":"SKIP","floor":7},{"not_picked":["Anger","Cleave","Heavy Blade"],"picked":"SKIP","floor":11}],"player_experience":136682,"relics_obtained":[{"floor":7,"key":"Ornamental Fan"}],"event_choices":[{"damage_healed":0,"gold_gain":0,"player_choice":"Upgraded","damage_taken":0,"max_hp_gain":0,"max_hp_loss":0,"event_name":"Upgrade Shrine","floor":2,"gold_loss":0,"cards_upgraded":["Bash"]}],"is_beta":false,"boss_relics":[],"items_purged_floors":[],"is_endless":false,"potions_floor_spawned":[1,11],"killed_by":"Lagavulin","ascension_level":2}