{"gold_per_floor":[115,9,9,25,39,39,54,85,133,133,154,154,154,178,178,306,306,329,354,377,13,29,73,93,93,93,93,108,108,143,143,143,268,268,282,305,328,353,86,86,119,119,119,142,142,162,180,180],"floor_reached":48,"playtime":5166,"items_purged":[],"score":558,"play_id":"3cb901d7-a0e1-4a0b-b681-4e1c08e1da36","local_time":"20190531105752","is_ascension_mode":false,"campfire_choices":[{"data":"Rage","floor":6,"key":"SMITH"},{"floor":10,"key":"REST"},{"data":"Flame Barrier","floor":12,"key":"SMITH"},{"floor":15,"key":"REST"},{"floor":25,"key":"REST"},{"data":"Inflame","floor":29,"key":"SMITH"},{"floor":32,"key":"REST"},{"floor":40,"key":"REST"},{"floor":42,"key":"REST"}],"neow_cost":"","seed_source_timestamp":7021321802134,"circlet_count":0,"master_deck":["Strike_R","Strike_R","Strike_R","Strike_R","Strike_R","Defend_R","Defend_R","Defend_R","Defend_R","Bash","Infernal Blade","Pommel Strike","Rage+1","Inflame+1","Anger","Twin Strike","Flame Barrier+1","Rage","Shrug It Off","Feed","Pummel+1","Carnage","Whirlwind","Thunderclap","Flash of Steel","Pommel Strike+1","Twin Strike","Ghostly","Ghostly","Ghostly","Ghostly","Ghostly","Cleave","Pommel Strike+1","J.A.X.","Demon Form","Uppercut+1","Inflame+1","Sever Soul+1","Flame Barrier+1","Deep Breath","Headbutt","Perfected Strike+1","Barricade+1","Iron Wave","Cleave+1","Dual Wield"],"relics":["Burning Blood","Golden Idol","Question Card","Centennial Puzzle","Sozu","Bottled Lightning","Red Skull","Pear","Mango","Runic Pyramid","Happy Flower","Darkstone Periapt","Frozen Egg 2"],"potions_floor_usage":[8,16,16],"damage_taken":[{"damage":5,"enemies":"2 Louse","floor":1,"turns":4},{"damage":3,"enemies":"Small Slimes","floor":4,"turns":4},{"damage":2,"enemies":"Jaw Worm","floor":5,"turns":3},{"damage":11,"enemies":"Red Slaver","floor":7,"turns":4},{"damage":21,"enemies":"Lagavulin","floor":8,"turns":5},{"damage":5,"enemies":"3 Louse","floor":11,"turns":4},{"damage":15,"enemies":"Exordium Thugs","floor":14,"turns":5},{"damage":81,"enemies":"The Guardian","floor":16,"turns":10},{"damage":7,"enemies":"Spheric Guardian","floor":18,"turns":4},{"damage":0,"enemies":"3 Byrds","floor":19,"turns":4},{"damage":13,"enemies":"Cultist and Chosen","floor":20,"turns":5},{"damage":0,"enemies":"Centurion and Healer","floor":22,"turns":5},{"damage":38,"enemies":"Gremlin Leader","floor":23,"turns":6},{"damage":7,"enemies":"Shelled Parasite and Fungi","floor":24,"turns":5},{"damage":3,"enemies":"Snake Plant","floor":28,"turns":4},{"damage":28,"enemies":"Book of Stabbing","floor":30,"turns":5},{"damage":26,"enemies":"Champ","floor":33,"turns":14},{"damage":39,"enemies":"3 Shapes","floor":35,"turns":5},{"damage":2,"enemies":"Orb Walker","floor":36,"turns":5},{"damage":7,"enemies":"Writhing Mass","floor":37,"turns":5},{"damage":10,"enemies":"Sphere and 2 Shapes","floor":38,"turns":5},{"damage":47,"enemies":"Nemesis","floor":41,"turns":9},{"damage":42,"enemies":"Spire Growth","floor":44,"turns":7},{"damage":0,"enemies":"Maw","floor":46,"turns":8},{"damage":17,"enemies":"Transient","floor":47,"turns":5},{"damage":13,"enemies":"Sphere and 2 Shapes","floor":48,"turns":1}],"seed_played":"-4013260451210826410","potions_obtained":[{"floor":1,"key":"Fire Potion"},{"floor":8,"key":"FairyPotion"},{"floor":11,"key":"AttackPotion"},{"floor":14,"key":"Fruit Juice"}],"is_trial":false,"path_per_floor":["M","$","?","M","M","R","M","E","T","R","M","R","?","M","R","B",null,"M","M","M","$","M","E","M","R","T","?","M","R","E","?","R","B",null,"M","M","M","M","$","R","E","R","T","M","?","M","M","M"],"character_chosen":"IRONCLAD","items_purchased":["Pommel Strike","Rage","Thunderclap","Flash of Steel","Bottled Lightning","Deep Breath","Happy Flower","Headbutt"],"campfire_rested":6,"item_purchase_floors":[2,2,21,21,21,39,39,39],"current_hp_per_floor":[80,80,60,63,67,67,62,47,47,71,72,72,72,63,80,10,85,84,88,81,81,90,58,57,84,94,50,50,50,45,45,65,45,67,37,41,40,39,39,60,22,44,44,8,8,17,13,0],"gold":180,"neow_bonus":"","is_prod":false,"is_daily":false,"chose_seed":false,"campfire_upgraded":3,"win_rate":0.0,"timestamp":1559318272,"path_taken":["M","$","?","M","M","R","M","E","T","R","M","R","?","M","R","BOSS","M","M","M","$","M","E","M","R","T","?","M","R","E","?","R","BOSS","M","M","M","M","$","R","E","R","T","M","?","M","M","?"],"build_version":"2019-01-23","purchased_purges":0,"victory":false,"max_hp_per_floor":[80,80,80,80,80,80,80,80,80,80,80,80,80,80,80,85,85,85,88,88,88,91,91,91,91,101,50,50,50,67,67,67,67,67,70,70,70,73,73,73,76,76,76,76,76,79,79,79],"card_choices":[{"not_picked":["Twin Strike","Hemokinesis"],"picked":"Infernal Blade","floor":1},{"not_picked":["Clash","Thunderclap"],"picked":"Inflame","floor":4},{"not_picked":["Combust","True Grit"],"picked":"Anger","floor":5},{"not_picked":["Headbutt","Clash"],"picked":"Twin Strike","floor":7},{"not_picked":["Flex","Hemokinesis"],"picked":"Flame Barrier","floor":8},{"not_picked":["Sword Boomerang","Feel No Pain","Clothesline"],"picked":"Rage","floor":11},{"not_picked":["Ghostly Armor","Twin Strike","Warcry"],"picked":"Shrug It Off","floor":14},{"not_picked":["Berserk","Dark Embrace","Impervious"],"picked":"Feed","floor":16},{"not_picked":["True Grit","Body Slam+1","Rupture"],"picked":"Pummel+1","floor":18},{"not_picked":["Anger","Sword Boomerang","Hemokinesis"],"picked":"Carnage","floor":19},{"not_picked":["Infernal Blade","Shrug It Off","Sword Boomerang+1"],"picked":"Whirlwind","floor":20},{"not_picked":["Sword Boomerang","Anger","Shrug It Off"],"picked":"Pommel Strike+1","floor":22},{"not_picked":["Uppercut","Feel No Pain+1","Dual Wield"],"picked":"Barricade","floor":23},{"not_picked":["Ghostly Armor","Burning Pact","Shrug It Off"],"picked":"Twin Strike","floor":24},{"not_picked":["Whirlwind","Anger+1","Warcry"],"picked":"Cleave","floor":28},{"not_picked":["Sword Boomerang+1","Barricade","Reckless Charge"],"picked":"Pommel Strike+1","floor":30},{"not_picked":["Double Tap","Berserk","Offering"],"picked":"Demon Form","floor":33},{"not_picked":["Corruption","Second Wind+1","Flex"],"picked":"Uppercut+1","floor":35},{"not_picked":["Rupture","Sword Boomerang+1","Clothesline"],"picked":"Inflame+1","floor":36},{"not_picked":["Corruption","Anger","Warcry"],"picked":"Sever Soul+1","floor":37},{"not_picked":["Body Slam","Sword Boomerang+1","Disarm"],"picked":"Flame Barrier+1","floor":38},{"not_picked":["Pommel Strike","Sword Boomerang+1","Anger"],"picked":"Perfected Strike+1","floor":41},{"not_picked":["Headbutt+1","Disarm","Corruption+1"],"picked":"Barricade+1","floor":44},{"not_picked":["Anger","Sword Boomerang+1","Clash+1"],"picked":"Cleave+1","floor":46},{"not_picked":["Warcry","True Grit","Flex+1"],"picked":"Dual Wield","floor":47}],"player_experience":0,"relics_obtained":[{"floor":8,"key":"Question Card"},{"floor":9,"key":"Centennial Puzzle"},{"floor":23,"key":"Red Skull"},{"floor":26,"key":"Pear"},{"floor":30,"key":"Mango"},{"floor":41,"key":"Darkstone Periapt"},{"floor":43,"key":"Frozen Egg 2"}],"event_choices":[{"damage_healed":0,"gold_gain":0,"player_choice":"Take Damage","damage_taken":20,"relics_obtained":["Golden Idol"],"max_hp_gain":0,"max_hp_loss":0,"event_name":"Golden Idol","floor":3,"gold_loss":0},{"damage_healed":0,"gold_gain":0,"player_choice":"Ignored","damage_taken":0,"max_hp_gain":0,"max_hp_loss":0,"event_name":"Liars Game","floor":13,"gold_loss":0},{"damage_healed":0,"gold_gain":0,"player_choice":"Became a Ghost","damage_taken":0,"max_hp_gain":0,"max_hp_loss":51,"event_name":"Ghosts","floor":27,"gold_loss":0,"cards_obtained":["Ghostly","Ghostly","Ghostly","Ghostly","Ghostly"]},{"damage_healed":0,"gold_gain":0,"player_choice":"Obtain J.A.X.","damage_taken":0,"max_hp_gain":0,"max_hp_loss":0,"event_name":"Drug Dealer","floor":31,"gold_loss":0,"cards_obtained":["J.A.X."]},{"cards_removed":["Barricade"],"damage_healed":0,"gold_gain":0,"player_choice":"Took Card","damage_taken":0,"max_hp_gain":0,"max_hp_loss":0,"event_name":"NoteForYourself","floor":45,"gold_loss":0,"cards_obtained":["Iron Wave"]}],"is_beta":false,"boss_relics":[{"not_picked":["Coffee Dripper","Lizard Tail"],"picked":"Sozu"},{"not_picked":["Tiny House","Empty Cage"],"picked":"Runic Pyramid"}],"items_purged_floors":[],"is_endless":false,"potions_floor_spawned":[1,8,11,14,19,22,24,28,30,33,37,41,44,46],"killed_by":"Sphere and 2 Shapes","ascension_level":0}