{"gold_per_floor":[119,119,142,162,162,162,200,200,200,216,216,234,234,257,257,352,352,370,384,37,0,57,57],"floor_reached":23,"playtime":938,"items_purged":["Strike_R"],"score":382,"play_id":"0148b60f-54ca-4f28-bc1c-f6ed046e459c","local_time":"20190608085951","is_ascension_mode":true,"campfire_choices":[{"data":"Twin Strike","floor":6,"key":"SMITH"},{"data":"Armaments","floor":8,"key":"SMITH"},{"data":"True Grit","floor":13,"key":"SMITH"},{"data":"Disarm","floor":15,"key":"SMITH"}],"neow_cost":"NONE","seed_source_timestamp":23723668679499,"circlet_count":0,"master_deck":["AscendersBane","Strike_R+1","Strike_R","Strike_R","Strike_R","Defend_R","Defend_R","Defend_R","Defend_R","Bash","Twin Strike+1","Disarm+1","Clothesline+1","Armaments+1","True Grit+1","Iron Wave","Fiend Fire","Feel No Pain+1","True Grit"],"relics":["Burning Blood","Art of War","Golden Idol","Pantograph","Frozen Egg 2","PreservedInsect","Mark of Pain","Kunai","Tiny Chest"],"potions_floor_usage":[7,18,23],"damage_taken":[{"damage":2,"enemies":"2 Louse","floor":1,"turns":4},{"damage":6,"enemies":"Cultist","floor":3,"turns":4},{"damage":7,"enemies":"Jaw Worm","floor":4,"turns":4},{"damage":28,"enemies":"Gremlin Nob","floor":7,"turns":4},{"damage":3,"enemies":"Looter","floor":10,"turns":3},{"damage":1,"enemies":"Exordium Wildlife","floor":12,"turns":5},{"damage":18,"enemies":"Exordium Thugs","floor":14,"turns":6},{"damage":22,"enemies":"The Guardian","floor":16,"turns":16},{"damage":30,"enemies":"2 Thieves","floor":18,"turns":5},{"damage":18,"enemies":"Shell Parasite","floor":19,"turns":8},{"damage":25,"enemies":"Gremlin Leader","floor":23,"turns":4}],"seed_played":"-5797564722631438580","potions_obtained":[{"floor":1,"key":"PowerPotion"},{"floor":7,"key":"Energy Potion"},{"floor":12,"key":"SpeedPotion"},{"floor":16,"key":"EssenceOfSteel"}],"is_trial":false,"path_per_floor":["M","?","M","M","?","R","E","R","T","M","?","M","R","M","R","B",null,"M","M","$","?","T","E"],"character_chosen":"IRONCLAD","items_purchased":["Kunai"],"campfire_rested":0,"item_purchase_floors":[20],"current_hp_per_floor":[72,68,68,67,47,47,25,25,25,28,28,33,33,21,21,30,59,35,23,23,23,23,0],"gold":57,"neow_bonus":"RANDOM_COMMON_RELIC","is_prod":false,"is_daily":false,"chose_seed":false,"campfire_upgraded":4,"win_rate":0,"timestamp":1559998791,"path_taken":["M","?","M","M","?","R","E","R","T","M","?","M","R","M","R","BOSS","M","?","$","?","?","E"],"build_version":"2019-01-23","purchased_purges":1,"victory":false,"max_hp_per_floor":[75,68,68,68,68,68,68,68,68,68,68,68,68,68,68,68,68,68,68,68,68,68,68],"card_choices":[{"not_picked":["Burning Pact","Havoc"],"picked":"Twin Strike","floor":1},{"not_picked":["Heavy Blade","Feel No Pain"],"picked":"Disarm","floor":3},{"not_picked":["Iron Wave","Twin Strike"],"picked":"Clothesline","floor":4},{"not_picked":["Clash","Sentinel"],"picked":"Armaments","floor":7},{"not_picked":["Havoc","Rage","Double Tap"],"picked":"SKIP","floor":10},{"not_picked":["Pommel Strike","Body Slam"],"picked":"True Grit","floor":12},{"not_picked":["Pommel Strike","Sever Soul"],"picked":"Iron Wave","floor":14},{"not_picked":["Brutality+1","Barricade+1"],"picked":"Fiend Fire","floor":16},{"not_picked":["Headbutt","Iron Wave"],"picked":"Feel No Pain+1","floor":18},{"not_picked":["Wild Strike","Pommel Strike"],"picked":"True Grit","floor":19}],"player_experience":595247,"relics_obtained":[{"floor":7,"key":"Pantograph"},{"floor":9,"key":"Frozen Egg 2"},{"floor":22,"key":"Tiny Chest"}],"event_choices":[{"damage_healed":0,"gold_gain":0,"player_choice":"Lose Max HP","damage_taken":0,"relics_obtained":["Golden Idol"],"max_hp_gain":0,"max_hp_loss":7,"event_name":"Golden Idol","floor":2,"gold_loss":0},{"damage_healed":0,"gold_gain":0,"player_choice":"Entered Light","damage_taken":20,"max_hp_gain":0,"max_hp_loss":0,"event_name":"Shining Light","floor":5,"gold_loss":0,"cards_upgraded":["Strike_R","Clothesline"]},{"damage_healed":0,"gold_gain":0,"player_choice":"Gave Potion","damage_taken":0,"relics_obtained":["PreservedInsect"],"max_hp_gain":0,"max_hp_loss":0,"event_name":"WeMeetAgain","floor":11,"gold_loss":0},{"damage_healed":0,"gold_gain":0,"player_choice":"Paid Fearfully","damage_taken":0,"max_hp_gain":0,"max_hp_loss":0,"event_name":"Masked Bandits","floor":21,"gold_loss":37}],"is_beta":false,"boss_relics":[{"not_picked":["Pandora\u0027s Box","Lizard Tail"],"picked":"Mark of Pain"}],"items_purged_floors":[20],"is_endless":false,"potions_floor_spawned":[1,7,12,16],"killed_by":"Gremlin Leader","ascension_level":20}