{"gold_per_floor":[117,130,49,61,71,71,98,98,98,98,131,206,206,225,225,225],"floor_reached":16,"playtime":412,"items_purged":[],"score":127,"play_id":"24d194ef-c711-436a-be58-457afc49d332","local_time":"20190416084820","is_ascension_mode":true,"campfire_choices":[{"data":"Seeing Red","floor":6,"key":"SMITH"},{"data":"Sword Boomerang","floor":8,"key":"SMITH"},{"data":"Bash","floor":13,"key":"SMITH"},{"data":"Heavy Blade","floor":15,"key":"SMITH"}],"neow_cost":"NONE","seed_source_timestamp":183373632121313,"circlet_count":0,"master_deck":["Strike_R","Strike_R","Strike_R","Strike_R","Strike_R","Defend_R","Defend_R","Defend_R","Defend_R","Bash+1","Seeing Red+1","Warcry","Limit Break","Sword Boomerang+1","Heavy Blade+1","Shrug It Off","Cleave"],"relics":["Burning Blood","NeowsBlessing","Bag of Marbles","Meat on the Bone","Du-Vu Doll"],"potions_floor_usage":[7,16,16,16],"damage_taken":[{"damage":0,"enemies":"Cultist","floor":1,"turns":1},{"damage":0,"enemies":"2 Louse","floor":2,"turns":1},{"damage":0,"enemies":"Jaw Worm","floor":4,"turns":1},{"damage":10,"enemies":"2 Fungi Beasts","floor":5,"turns":4},{"damage":45,"enemies":"3 Sentries","floor":7,"turns":8},{"damage":10,"enemies":"Gremlin Nob","floor":11,"turns":3},{"damage":20,"enemies":"3 Louse","floor":14,"turns":3},{"damage":50,"enemies":"Slime Boss","floor":16,"turns":6}],"seed_played":"7879589450920392237","potions_obtained":[{"floor":1,"key":"LiquidBronze"},{"floor":5,"key":"LiquidBronze"},{"floor":11,"key":"Poison Potion"},{"floor":14,"key":"BloodPotion"}],"is_trial":false,"path_per_floor":["M","M","$","M","M","R","E","R","T","?","E","?","R","M","R","B"],"character_chosen":"IRONCLAD","items_purchased":["Limit Break"],"campfire_rested":0,"item_purchase_floors":[3],"current_hp_per_floor":[80,80,80,80,76,76,37,37,37,42,50,39,39,37,37,0],"gold":225,"neow_bonus":"THREE_ENEMY_KILL","is_prod":false,"is_daily":false,"chose_seed":false,"campfire_upgraded":4,"win_rate":0,"timestamp":1555418900,"path_taken":["M","M","?","M","M","R","E","R","T","?","E","?","R","M","R","BOSS"],"build_version":"2019-01-23","purchased_purges":0,"victory":false,"max_hp_per_floor":[80,80,80,80,80,80,80,80,80,85,85,85,85,85,85,85],"card_choices":[{"not_picked":["Blood for Blood","Whirlwind"],"picked":"Seeing Red","floor":1},{"not_picked":["Dual Wield","Fire Breathing"],"picked":"Warcry","floor":2},{"not_picked":["Wild Strike","Anger"],"picked":"Sword Boomerang","floor":4},{"not_picked":["Flame Barrier","Armaments"],"picked":"Heavy Blade","floor":5},{"not_picked":["Metallicize","Wild Strike"],"picked":"Shrug It Off","floor":7},{"not_picked":["Limit Break","True Grit"],"picked":"Cleave","floor":11},{"not_picked":["Wild Strike","Iron Wave","Uppercut"],"picked":"SKIP","floor":14}],"player_experience":156814,"relics_obtained":[{"floor":7,"key":"Bag of Marbles"},{"floor":9,"key":"Meat on the Bone"},{"floor":11,"key":"Du-Vu Doll"}],"event_choices":[{"damage_healed":0,"gold_gain":0,"player_choice":"Donut","damage_taken":0,"max_hp_gain":5,"max_hp_loss":0,"event_name":"Big Fish","floor":10,"gold_loss":0},{"damage_healed":0,"gold_gain":75,"player_choice":"Gather Gold","damage_taken":11,"max_hp_gain":0,"max_hp_loss":0,"event_name":"World of Goop","floor":12,"gold_loss":0}],"is_beta":false,"boss_relics":[],"items_purged_floors":[],"is_endless":false,"potions_floor_spawned":[1,5,11,14],"killed_by":"Slime Boss","ascension_level":3}