{"gold_per_floor":[110,125,143,155,155,155,175,188,188,113,113,125,152,162,162,267,267,280,298,314,27,45,45,76,93,93,93,105,105,123,152,152,256,556,567,253,268,285,210,244,244,261,284,284,315,315,326,343,343,343],"floor_reached":50,"playtime":2882,"items_purged":["Feel No Pain","Strike_R","Decay","Decay"],"score":652,"play_id":"ca02c88b-a901-4e09-9ad8-d9e83112311e","local_time":"20190415205203","is_ascension_mode":false,"campfire_choices":[{"data":"Bash","floor":6.0,"key":"SMITH"},{"data":"Dropkick","floor":11.0,"key":"SMITH"},{"data":"Shockwave","floor":15.0,"key":"SMITH"},{"data":"Double Tap","floor":23.0,"key":"SMITH"},{"data":"Dual Wield","floor":27.0,"key":"SMITH"},{"data":"Offering","floor":32.0,"key":"SMITH"},{"data":"Warcry","floor":41,"key":"SMITH"},{"floor":44,"key":"DIG"},{"floor":46,"key":"REST"},{"floor":49,"key":"RECALL"}],"neow_cost":"NONE","seed_source_timestamp":0,"circlet_count":0,"master_deck":["Strike_R","Strike_R","Strike_R","Strike_R","Defend_R","Defend_R","Defend_R","Defend_R","Bash+1","Impervious","Warcry+1","Dropkick+1","Pommel Strike+1","Dropkick+1","Shockwave+1","Offering+1","Double Tap+1","Headbutt+1","Trip","Dual Wield+1","Metallicize+1","Double Tap","Injury","Dropkick+1","Parasite"],"special_seed":0,"relics":["Burning Blood","Molten Egg 2","Shovel","Philosopher\u0027s Stone","Membership Card","Darkstone Periapt","Meat on the Bone","Bottled Flame","Calling Bell","Strawberry","Frozen Egg 2","Old Coin","Vajra","Frozen Eye","Ancient Tea Set","Anchor","Regal Pillow","Pen Nib","Pantograph"],"potions_floor_usage":[38,40,45,45],"damage_taken":[{"damage":5.0,"enemies":"Jaw Worm","floor":1.0,"turns":5.0},{"damage":1.0,"enemies":"Cultist","floor":2.0,"turns":3.0},{"damage":5.0,"enemies":"Small Slimes","floor":3.0,"turns":4.0},{"damage":8.0,"enemies":"2 Fungi Beasts","floor":4.0,"turns":5.0},{"damage":22.0,"enemies":"Exordium Wildlife","floor":7.0,"turns":8.0},{"damage":26.0,"enemies":"Large Slime","floor":8.0,"turns":9.0},{"damage":12.0,"enemies":"Looter","floor":12.0,"turns":4.0},{"damage":12.0,"enemies":"Gremlin Nob","floor":13.0,"turns":4.0},{"damage":7.0,"enemies":"Blue Slaver","floor":14.0,"turns":2.0},{"damage":28.0,"enemies":"The Guardian","floor":16.0,"turns":9.0},{"damage":26.0,"enemies":"Spheric Guardian","floor":18.0,"turns":4.0},{"damage":6.0,"enemies":"Chosen","floor":19.0,"turns":3.0},{"damage":0.0,"enemies":"Snecko","floor":20.0,"turns":3.0},{"damage":8.0,"enemies":"3 Cultists","floor":22.0,"turns":4.0},{"damage":16.0,"enemies":"Gremlin Leader","floor":24.0,"turns":4.0},{"damage":13.0,"enemies":"Sentry and Sphere","floor":25.0,"turns":4.0},{"damage":11.0,"enemies":"Centurion and Healer","floor":28.0,"turns":4.0},{"damage":12.0,"enemies":"Snecko","floor":30.0,"turns":5.0},{"damage":24.0,"enemies":"Slavers","floor":31.0,"turns":4.0},{"damage":19.0,"enemies":"Champ","floor":33.0,"turns":5.0},{"damage":56,"enemies":"3 Shapes","floor":35,"turns":5},{"damage":6,"enemies":"Orb Walker","floor":37,"turns":2},{"damage":39,"enemies":"Jaw Worm Horde","floor":38,"turns":6},{"damage":31,"enemies":"Giant Head","floor":40,"turns":6},{"damage":18,"enemies":"Writhing Mass","floor":42,"turns":6},{"damage":70,"enemies":"Reptomancer","floor":45,"turns":4},{"damage":14,"enemies":"Maw","floor":47,"turns":5},{"damage":39,"enemies":"Spire Growth","floor":48,"turns":4},{"damage":71,"enemies":"Time Eater","floor":50,"turns":6}],"seed_played":"-6682332084456993052","potions_obtained":[{"floor":3.0,"key":"Regen Potion"},{"floor":7.0,"key":"Strength Potion"},{"floor":8.0,"key":"BloodPotion"},{"floor":13.0,"key":"Dexterity Potion"},{"floor":14.0,"key":"Block Potion"},{"floor":18.0,"key":"SpeedPotion"},{"floor":19.0,"key":"EssenceOfSteel"},{"floor":28.0,"key":"Swift Potion"},{"floor":29.0,"key":"FairyPotion"},{"floor":30.0,"key":"Swift Potion"},{"floor":31.0,"key":"EntropicBrew"},{"floor":35,"key":"Regen Potion"},{"floor":40,"key":"Ancient Potion"},{"floor":42,"key":"Block Potion"},{"floor":48,"key":"FearPotion"}],"is_trial":false,"path_per_floor":["M","M","M","M","?","R","M","M","T","$","R","M","E","M","R","B",null,"M","M","M","$","M","R","E","M","T","R","M","?","M","E","R","B",null,"M","$","M","M","$","E","R","M","T","R","E","R","M","M","R","B"],"character_chosen":"IRONCLAD","items_purchased":["Membership Card","Trip","Vajra","Frozen Eye","Ancient Tea Set"],"campfire_rested":1,"item_purchase_floors":[21,21,36,36,36],"current_hp_per_floor":[80,80,80,78,78,78,62,42,42,42,42,36,38,37,37,15,80,60,60,66,66,64,64,54,47,47,47,54,54,48,42,42,41,105,67,67,67,60,60,47,47,53,53,53,23,71,63,42,42,0],"gold":343,"neow_bonus":"ONE_RANDOM_RARE_CARD","is_prod":false,"is_daily":false,"chose_seed":false,"campfire_upgraded":7,"win_rate":0,"timestamp":1555375923,"path_taken":["M","M","M","M","?","R","M","M","T","$","R","M","E","M","R","BOSS","M","M","M","$","M","R","E","M","T","R","M","?","M","E","R","BOSS","M","$","M","M","?","E","R","M","T","R","E","R","M","M","R","BOSS"],"build_version":"2019-01-23","purchased_purges":4,"victory":false,"max_hp_per_floor":[80,80,80,80,80,80,80,80,80,80,80,80,80,80,80,80,80,80,80,80,80,80,80,80,80,80,80,80,80,80,80,80,80,105,105,105,105,105,105,105,105,111,111,111,111,111,111,111,111,111],"card_choices":[{"not_picked":["Havoc","Sentinel"],"picked":"Warcry","floor":1.0},{"not_picked":["Havoc","Thunderclap"],"picked":"Feel No Pain","floor":2.0},{"not_picked":["Thunderclap","Anger"],"picked":"Dropkick","floor":3.0},{"not_picked":["Inflame","Anger","Evolve"],"picked":"SKIP","floor":4.0},{"not_picked":["Pummel+1","Cleave+1"],"picked":"Pommel Strike+1","floor":7.0},{"not_picked":["Iron Wave+1","Burning Pact"],"picked":"Dropkick+1","floor":8.0},{"not_picked":["Perfected Strike+1","True Grit"],"picked":"Shockwave","floor":12.0},{"not_picked":["Twin Strike+1","Flex","Body Slam+1"],"picked":"SKIP","floor":13.0},{"not_picked":["Ghostly Armor","Cleave+1"],"picked":"Offering","floor":14.0},{"not_picked":["Barricade","Impervious"],"picked":"Double Tap","floor":16.0},{"not_picked":["Havoc","Clash+1","Shrug It Off+1"],"picked":"SKIP","floor":18.0},{"not_picked":["Warcry","Iron Wave+1"],"picked":"Headbutt+1","floor":19.0},{"not_picked":["Sword Boomerang+1","True Grit","Disarm"],"picked":"SKIP","floor":20.0},{"not_picked":["Armaments","Rampage+1","Impervious"],"picked":"SKIP","floor":22.0},{"not_picked":["Sword Boomerang+1","Thunderclap+1"],"picked":"Dual Wield","floor":24.0},{"not_picked":["Sword Boomerang+1","Clothesline+1","Headbutt+1"],"picked":"SKIP","floor":25.0},{"not_picked":["Rage","Body Slam+1"],"picked":"Metallicize+1","floor":28.0},{"not_picked":["True Grit","Clothesline+1","Headbutt+1"],"picked":"SKIP","floor":30.0},{"not_picked":["Headbutt+1","True Grit"],"picked":"Double Tap","floor":31.0},{"not_picked":["Hemokinesis+1","Disarm+1"],"picked":"Dropkick+1","floor":35},{"not_picked":["Inflame+1","Power Through","Heavy Blade+1"],"picked":"SKIP","floor":37},{"not_picked":["Havoc+1","Wild Strike+1","Blood for Blood+1"],"picked":"SKIP","floor":38},{"not_picked":["Metallicize+1","Uppercut+1","Havoc"],"picked":"SKIP","floor":40},{"not_picked":["Wild Strike+1","Rampage+1","Havoc"],"picked":"SKIP","floor":42},{"not_picked":["Flame Barrier","Shockwave","Body Slam+1"],"picked":"SKIP","floor":45},{"not_picked":["Flame Barrier","Shockwave","Body Slam+1"],"picked":"SKIP","floor":45},{"not_picked":["Armaments+1","Sword Boomerang+1","Heavy Blade+1"],"picked":"SKIP","floor":47},{"not_picked":["Disarm","Reaper+1","Havoc"],"picked":"SKIP","floor":48}],"player_experience":152090,"relics_obtained":[{"floor":13.0,"key":"Shovel"},{"floor":24.0,"key":"Darkstone Periapt"},{"floor":26.0,"key":"Meat on the Bone"},{"floor":31.0,"key":"Bottled Flame"},{"floor":34.0,"key":"Strawberry"},{"floor":34.0,"key":"Frozen Egg 2"},{"floor":34.0,"key":"Old Coin"},{"floor":40,"key":"Anchor"},{"floor":43,"key":"Regal Pillow"},{"floor":44,"key":"Pen Nib"},{"floor":45,"key":"Pantograph"}],"event_choices":[{"damage_healed":0.0,"max_hp_gain":0.0,"max_hp_loss":0.0,"gold_gain":0.0,"event_name":"WeMeetAgain","player_choice":"Gave Potion","floor":5.0,"gold_loss":0.0,"damage_taken":0.0,"relics_obtained":["Molten Egg 2"]},{"damage_healed":0.0,"max_hp_gain":0.0,"max_hp_loss":0.0,"gold_gain":0.0,"event_name":"Lab","player_choice":"Got Potions","floor":29.0,"gold_loss":0.0,"damage_taken":0.0}],"is_beta":false,"boss_relics":[{"not_picked":["White Beast Statue","Runic Pyramid"],"picked":"Philosopher\u0027s Stone"},{"not_picked":["Orrery","Tiny House"],"picked":"Calling Bell"}],"items_purged_floors":[10,21,36,39],"is_endless":false,"potions_floor_spawned":[3,7,8,13,14,18,19,28,30,31,35,40,42,48],"killed_by":"Time Eater","ascension_level":0}