{"gold_per_floor":[18,33,33,43,59,59,84,84,84,9,9,9,9,25,25,103,103,120,170,29,29,43,43,54,54,54,87,87,187,187,187,187,264,264,278,289,33,133,0,0],"floor_reached":40,"playtime":3918,"items_purged":["Strike_G","Strike_G","Strike_G"],"score":780,"play_id":"89fc395f-2655-4fec-a91a-fc1b821fab2a","local_time":"20190524185300","is_ascension_mode":true,"campfire_choices":[{"data":"Noxious Fumes","floor":6.0,"key":"SMITH"},{"data":"Neutralize","floor":8.0,"key":"SMITH"},{"data":"Leg Sweep","floor":15.0,"key":"SMITH"},{"data":"Footwork","floor":23.0,"key":"SMITH"},{"data":"Corpse Explosion","floor":25.0,"key":"SMITH"},{"data":"PiercingWail","floor":28.0,"key":"SMITH"},{"floor":30.0,"key":"REST"},{"data":"Survivor","floor":32.0,"key":"SMITH"}],"neow_cost":"NO_GOLD","seed_source_timestamp":0,"circlet_count":0,"master_deck":["AscendersBane","Defend_G","Defend_G","Defend_G","Defend_G","Defend_G","Strike_G","Strike_G","Survivor+1","Neutralize+1","Flying Knee+1","Poisoned Stab+1","Unload","Leg Sweep+1","Noxious Fumes+1","Corpse Explosion+1","PiercingWail+1","Footwork+1","Escape Plan"],"special_seed":0,"relics":["Ring of the Snake","Mummified Hand","Bird Faced Urn","Centennial Puzzle","Unceasing Top","Ginger","Velvet Choker","Molten Egg 2","Whetstone","Nunchaku","Blue Candle","Busted Crown","Prayer Wheel","Red Mask"],"potions_floor_usage":[40],"damage_taken":[{"damage":3.0,"enemies":"2 Louse","floor":1.0,"turns":5.0},{"damage":1.0,"enemies":"Cultist","floor":2.0,"turns":5.0},{"damage":0.0,"enemies":"Jaw Worm","floor":4.0,"turns":3.0},{"damage":4.0,"enemies":"Blue Slaver","floor":5.0,"turns":4.0},{"damage":22.0,"enemies":"Lagavulin","floor":7.0,"turns":5.0},{"damage":0.0,"enemies":"Lots of Slimes","floor":14.0,"turns":2.0},{"damage":27.0,"enemies":"The Guardian","floor":16.0,"turns":10.0},{"damage":3.0,"enemies":"Shell Parasite","floor":18.0,"turns":6.0},{"damage":0.0,"enemies":"Spheric Guardian","floor":22.0,"turns":6.0},{"damage":2.0,"enemies":"Cultist and Chosen","floor":24.0,"turns":5.0},{"damage":18.0,"enemies":"Book of Stabbing","floor":27.0,"turns":8.0},{"damage":4.0,"enemies":"Colosseum Slavers","floor":29.0,"turns":3.0},{"damage":20.0,"enemies":"Colosseum Nobs","floor":29.0,"turns":4.0},{"damage":52.0,"enemies":"Automaton","floor":33.0,"turns":10.0},{"damage":0.0,"enemies":"3 Shapes","floor":35.0,"turns":3.0},{"damage":10.0,"enemies":"3 Darklings","floor":36.0,"turns":3.0},{"damage":7.0,"enemies":"Mind Bloom Boss Battle","floor":38.0,"turns":7.0},{"damage":63,"enemies":"Nemesis","floor":40,"turns":10}],"seed_played":"8837712301475304582","potions_obtained":[{"floor":4.0,"key":"AttackPotion"},{"floor":16.0,"key":"Ancient Potion"},{"floor":18.0,"key":"EntropicBrew"},{"floor":33.0,"key":"Dexterity Potion"}],"is_trial":false,"path_per_floor":["M","M","?","M","M","R","E","R","T","$","T","?","T","M","R","B",null,"M","?","$","?","M","R","M","R","T","E","R","?","R","?","R","B",null,"M","M","$","?","?","E"],"character_chosen":"THE_SILENT","items_purchased":["Footwork","Escape Plan","PowerPotion"],"campfire_rested":1,"item_purchase_floors":[20,37,37],"current_hp_per_floor":[68,67,67,67,63,63,41,41,41,41,41,30,30,30,30,5,60,59,59,59,52,56,56,56,56,56,42,42,33,56,56,56,8,61,65,59,59,58,58,0],"gold":0,"neow_bonus":"TWENTY_PERCENT_HP_BONUS","is_prod":false,"is_daily":false,"chose_seed":false,"campfire_upgraded":7,"win_rate":0,"timestamp":1558738380,"path_taken":["M","M","?","M","?","R","E","R","T","$","?","?","?","M","R","BOSS","M","?","$","?","?","R","M","R","T","E","R","?","R","?","R","BOSS","M","M","$","?","?","E"],"build_version":"2019-01-23","purchased_purges":3,"victory":false,"max_hp_per_floor":[78,78,78,78,78,78,78,78,78,78,78,78,78,78,78,78,78,78,78,78,78,78,78,78,78,78,78,78,78,78,78,78,78,78,78,78,78,78,78,78],"card_choices":[{"not_picked":["Heel Hook","Bane"],"picked":"Flying Knee","floor":1.0},{"not_picked":["Dagger Throw","Calculated Gamble"],"picked":"Poisoned Stab","floor":2.0},{"not_picked":["Poisoned Stab","Flying Knee"],"picked":"Noxious Fumes","floor":4.0},{"not_picked":["Cloak And Dagger","Blade Dance"],"picked":"Corpse Explosion","floor":5.0},{"not_picked":["Dodge and Roll","Deflect"],"picked":"PiercingWail","floor":7.0},{"not_picked":["PiercingWail","Dash","Caltrops"],"picked":"SKIP","floor":14.0},{"not_picked":["Tactician","Underhanded Strike","Outmaneuver"],"picked":"SKIP","floor":18.0},{"not_picked":["Dagger Throw","Setup","Underhanded Strike+1"],"picked":"SKIP","floor":22.0},{"not_picked":["Outmaneuver","Terror","Dagger Throw"],"picked":"SKIP","floor":24.0},{"not_picked":["Acrobatics","Burst","Predator+1"],"picked":"SKIP","floor":27.0},{"not_picked":["Masterful Stab+1"],"picked":"SKIP","floor":35.0},{"not_picked":["Quick Slash+1"],"picked":"SKIP","floor":36.0}],"player_experience":494774,"relics_obtained":[{"floor":7.0,"key":"Mummified Hand"},{"floor":9.0,"key":"Bird Faced Urn"},{"floor":11.0,"key":"Centennial Puzzle"},{"floor":13.0,"key":"Ginger"},{"floor":26.0,"key":"Molten Egg 2"},{"floor":27.0,"key":"Whetstone"},{"floor":29.0,"key":"Nunchaku"},{"floor":29.0,"key":"Blue Candle"},{"floor":38.0,"key":"Prayer Wheel"}],"event_choices":[{"damage_healed":0.0,"max_hp_gain":0.0,"max_hp_loss":0.0,"gold_gain":0.0,"event_name":"Match and Keep!","player_choice":"2 cards matched","floor":3.0,"gold_loss":0.0,"damage_taken":0.0,"cards_obtained":["Unload","Leg Sweep"]},{"damage_healed":0.0,"max_hp_gain":0.0,"max_hp_loss":0.0,"gold_gain":0.0,"event_name":"Scrap Ooze","player_choice":"Success","floor":12.0,"gold_loss":0.0,"damage_taken":11.0,"relics_obtained":["Unceasing Top"]},{"damage_healed":0.0,"max_hp_gain":0.0,"max_hp_loss":0.0,"gold_gain":50.0,"event_name":"Nest","player_choice":"Stole From Cult","floor":19.0,"gold_loss":0.0,"damage_taken":0.0},{"damage_healed":0.0,"max_hp_gain":0.0,"max_hp_loss":0.0,"gold_gain":0.0,"event_name":"Knowing Skull","player_choice":"","floor":21.0,"potions_obtained":[],"gold_loss":0.0,"damage_taken":7.0,"cards_obtained":[]},{"damage_healed":0.0,"max_hp_gain":0.0,"max_hp_loss":0.0,"gold_gain":0.0,"event_name":"Colosseum","player_choice":"Fight","floor":29.0,"gold_loss":0.0,"damage_taken":0.0},{"damage_healed":0.0,"max_hp_gain":0.0,"max_hp_loss":0.0,"gold_gain":0.0,"event_name":"Colosseum","player_choice":"Fought Nobs","floor":29.0,"gold_loss":0.0,"damage_taken":0.0},{"damage_healed":0.0,"max_hp_gain":0.0,"max_hp_loss":0.0,"gold_gain":0.0,"event_name":"Ghosts","player_choice":"Ignored","floor":31.0,"gold_loss":0.0,"damage_taken":0.0},{"damage_healed":0.0,"max_hp_gain":0.0,"max_hp_loss":0.0,"gold_gain":0.0,"event_name":"MindBloom","player_choice":"Fight","floor":38.0,"gold_loss":0.0,"damage_taken":0.0},{"damage_healed":0.0,"max_hp_gain":0.0,"max_hp_loss":0.0,"gold_gain":0.0,"event_name":"Tomb of Lord Red Mask","player_choice":"Paid","floor":39.0,"gold_loss":133.0,"damage_taken":0.0,"relics_obtained":["Red Mask"]}],"is_beta":false,"boss_relics":[{"not_picked":["Tiny House","Lizard Tail"],"picked":"Velvet Choker"},{"not_picked":["Orrery","Runic Pyramid"],"picked":"Busted Crown"}],"items_purged_floors":[10,20,37],"is_endless":false,"potions_floor_spawned":[4,16,18,29,33],"killed_by":"Nemesis","ascension_level":19}