{"gold_per_floor":[114,114,114,133,144,144,177,177,225,225,242,269,26,56,56,152,152,165,182,211,230,243,243,42,42,42,42],"floor_reached":27,"playtime":1644,"items_purged":[],"score":243,"play_id":"b94bd453-5c02-4543-85b8-12e4ec106a4b","local_time":"20190408094839","is_ascension_mode":true,"campfire_choices":[{"data":"Quick Slash","floor":6,"key":"SMITH"},{"floor":8,"key":"REST"},{"floor":10,"key":"RECALL"},{"data":"Cloak And Dagger","floor":15,"key":"SMITH"},{"data":"Accuracy","floor":23,"key":"SMITH"},{"data":"Cloak And Dagger","floor":25,"key":"SMITH"}],"neow_cost":"PERCENT_DAMAGE","seed_source_timestamp":536925850212350,"circlet_count":0,"master_deck":["Defend_G","Defend_G","Defend_G","Defend_G","Defend_G","Strike_G","Strike_G","Strike_G","Strike_G","Strike_G","Survivor","Neutralize+1","Underhanded Strike","Finisher","Quick Slash+1","Heel Hook","Blade Dance","Cloak And Dagger+1","Poisoned Stab","Malaise","Reflex","Distraction","Accuracy+1","Cloak And Dagger+1","Calculated Gamble","Adrenaline","Dagger Throw","Accuracy","Noxious Fumes","Accuracy"],"relics":["Ring of the Snake","Smiling Mask","Art of War","Meat on the Bone","Bronze Scales","Orrery","Red Mask","Membership Card","Letter Opener"],"potions_floor_usage":[16,19,21],"damage_taken":[{"damage":3,"enemies":"2 Louse","floor":1,"turns":4},{"damage":0,"enemies":"Cultist","floor":4,"turns":3},{"damage":0,"enemies":"Jaw Worm","floor":5,"turns":3},{"damage":13,"enemies":"3 Sentries","floor":7,"turns":8},{"damage":3,"enemies":"Exordium Wildlife","floor":11,"turns":5},{"damage":24,"enemies":"Gremlin Nob","floor":12,"turns":4},{"damage":12,"enemies":"Lagavulin","floor":14,"turns":5},{"damage":20,"enemies":"Slime Boss","floor":16,"turns":7},{"damage":3,"enemies":"Shell Parasite","floor":18,"turns":6},{"damage":0,"enemies":"Chosen","floor":19,"turns":4},{"damage":40,"enemies":"Masked Bandits","floor":20,"turns":6},{"damage":19,"enemies":"Centurion and Healer","floor":21,"turns":6},{"damage":34,"enemies":"Snecko","floor":22,"turns":6},{"damage":26,"enemies":"Snake Plant","floor":27,"turns":3}],"seed_played":"-6741676801736831515","potions_obtained":[{"floor":5,"key":"SpeedPotion"},{"floor":7,"key":"AttackPotion"},{"floor":14,"key":"Explosive Potion"},{"floor":19,"key":"Strength Potion"},{"floor":22,"key":"Strength Potion"}],"is_trial":false,"path_per_floor":["M","?","?","M","M","R","E","R","T","R","M","E","$","E","R","B",null,"M","M","?","M","M","R","$","R","T","M"],"character_chosen":"THE_SILENT","items_purchased":["Meat on the Bone","Membership Card"],"campfire_rested":1,"item_purchase_floors":[13,24],"current_hp_per_floor":[60,60,52,52,52,52,39,64,64,64,61,37,37,37,37,29,84,81,81,53,46,24,24,24,24,24,0],"gold":42,"neow_bonus":"TWENTY_PERCENT_HP_BONUS","is_prod":false,"is_daily":false,"chose_seed":false,"campfire_upgraded":4,"win_rate":0,"timestamp":1554731319,"path_taken":["M","?","?","M","M","R","E","R","T","R","?","E","?","E","R","BOSS","M","M","?","M","M","R","$","R","T","M"],"build_version":"2019-01-23","purchased_purges":0,"victory":false,"max_hp_per_floor":[84,84,84,84,84,84,84,84,84,84,84,84,84,84,84,84,84,84,84,84,84,84,84,84,84,84,84],"card_choices":[{"not_picked":["Setup","Outmaneuver"],"picked":"Underhanded Strike","floor":1},{"not_picked":["Slice","Backflip"],"picked":"Finisher","floor":4},{"not_picked":["Bane","Choke"],"picked":"Quick Slash","floor":5},{"not_picked":["Phantasmal Killer","Underhanded Strike"],"picked":"Heel Hook","floor":7},{"not_picked":["Quick Slash","Choke"],"picked":"Blade Dance","floor":11},{"not_picked":["Deflect","Dagger Throw"],"picked":"Cloak And Dagger","floor":12},{"not_picked":["Finisher","PiercingWail"],"picked":"Poisoned Stab","floor":14},{"not_picked":["Burst","Glass Knife"],"picked":"Malaise","floor":16},{"not_picked":["Underhanded Strike","Dash"],"picked":"Reflex","floor":17},{"not_picked":["Deflect","Outmaneuver"],"picked":"Distraction","floor":17},{"not_picked":["Deadly Poison","Sucker Punch"],"picked":"Accuracy","floor":17},{"not_picked":["Poisoned Stab","Dagger Throw"],"picked":"Cloak And Dagger","floor":17},{"not_picked":["Masterful Stab","Deadly Poison"],"picked":"Calculated Gamble","floor":17},{"not_picked":["Outmaneuver","Backflip"],"picked":"Adrenaline","floor":18},{"not_picked":["Setup+1","Underhanded Strike"],"picked":"Dagger Throw","floor":19},{"not_picked":["Noxious Fumes","Backstab+1"],"picked":"Accuracy","floor":20},{"not_picked":["Tools of the Trade","Deflect"],"picked":"Noxious Fumes","floor":21},{"not_picked":["Setup","Well Laid Plans"],"picked":"Accuracy","floor":22}],"player_experience":113577,"relics_obtained":[{"floor":7,"key":"Smiling Mask"},{"floor":12,"key":"Art of War"},{"floor":14,"key":"Bronze Scales"},{"floor":20,"key":"Red Mask"},{"floor":26,"key":"Letter Opener"}],"event_choices":[{"damage_healed":0,"gold_gain":0,"player_choice":"Grow","damage_taken":0,"max_hp_gain":0,"max_hp_loss":0,"event_name":"Living Wall","floor":2,"gold_loss":0,"cards_upgraded":["Neutralize"]},{"damage_healed":0,"gold_gain":0,"player_choice":"Damaged","damage_taken":8,"max_hp_gain":0,"max_hp_loss":0,"event_name":"Wheel of Change","floor":3,"gold_loss":0},{"damage_healed":0,"gold_gain":0,"player_choice":"Fought Bandits","damage_taken":0,"max_hp_gain":0,"max_hp_loss":0,"event_name":"Masked Bandits","floor":20,"gold_loss":0}],"is_beta":false,"boss_relics":[{"not_picked":["Runic Dome","Sozu"],"picked":"Orrery"}],"items_purged_floors":[],"is_endless":false,"potions_floor_spawned":[5,7,14,19,22],"killed_by":"Snake Plant","ascension_level":1}