{"gold_per_floor":[115,64,82,93,93,93,126,126,126,140,140,120,136,154,154,154],"floor_reached":16,"playtime":647,"items_purged":[],"score":204,"play_id":"925731ea-d513-4641-af3d-c1c8cc8b4196","local_time":"20190606080622","is_ascension_mode":true,"campfire_choices":[{"data":"True Grit","floor":6,"key":"SMITH"},{"data":"Armaments","floor":8,"key":"SMITH"},{"data":"Bash","floor":11,"key":"SMITH"},{"floor":15,"key":"REST"}],"neow_cost":"NONE","seed_source_timestamp":1916715554394411,"circlet_count":0,"master_deck":["AscendersBane","Strike_R","Strike_R","Strike_R","Strike_R","Strike_R","Defend_R","Defend_R","Defend_R","Defend_R","Bash+1","Perfected Strike","True Grit+1","Armaments+1","True Grit","Feel No Pain","Rampage"],"relics":["Burning Blood","Thread and Needle","Torii"],"potions_floor_usage":[16,16],"damage_taken":[{"damage":12,"enemies":"Small Slimes","floor":1,"turns":5},{"damage":11,"enemies":"2 Louse","floor":3,"turns":2},{"damage":6,"enemies":"Cultist","floor":4,"turns":3},{"damage":41,"enemies":"3 Sentries","floor":7,"turns":9},{"damage":1,"enemies":"Looter","floor":10,"turns":4},{"damage":9,"enemies":"Blue Slaver","floor":13,"turns":4},{"damage":2,"enemies":"Exordium Wildlife","floor":14,"turns":6},{"damage":65,"enemies":"Hexaghost","floor":16,"turns":12}],"seed_played":"5224252135962448702","potions_obtained":[{"floor":1,"key":"FairyPotion"},{"floor":7,"key":"EssenceOfSteel"},{"floor":12,"key":"PowerPotion"}],"is_trial":false,"path_per_floor":["M","$","M","M","?","R","E","R","T","M","R","?","M","M","R","B"],"character_chosen":"IRONCLAD","items_purchased":["True Grit"],"campfire_rested":1,"item_purchase_floors":[2],"current_hp_per_floor":[69,69,64,64,64,64,29,29,29,34,34,34,31,35,59,0],"gold":154,"neow_bonus":"TEN_PERCENT_HP_BONUS","is_prod":false,"is_daily":false,"chose_seed":false,"campfire_upgraded":3,"win_rate":0,"timestamp":1559822782,"path_taken":["M","$","M","M","?","R","E","R","T","M","R","?","M","?","R","BOSS"],"build_version":"2019-01-23","purchased_purges":0,"victory":false,"max_hp_per_floor":[82,82,82,82,82,82,82,82,82,82,82,82,82,82,82,82],"card_choices":[{"not_picked":["Bloodletting","Headbutt"],"picked":"Perfected Strike","floor":1},{"not_picked":["Sword Boomerang","Clash","Berserk"],"picked":"SKIP","floor":3},{"not_picked":["Twin Strike","Havoc"],"picked":"Armaments","floor":4},{"not_picked":["Havoc","Armaments"],"picked":"True Grit","floor":7},{"not_picked":["Infernal Blade","Evolve","Armaments"],"picked":"SKIP","floor":10},{"not_picked":["Infernal Blade","Evolve","Armaments"],"picked":"SKIP","floor":10},{"not_picked":["Ghostly Armor","Headbutt"],"picked":"Feel No Pain","floor":13},{"not_picked":["Heavy Blade","Wild Strike"],"picked":"Rampage","floor":14}],"player_experience":568674,"relics_obtained":[{"floor":7,"key":"Thread and Needle"},{"floor":9,"key":"Torii"}],"event_choices":[{"damage_healed":0,"gold_gain":0,"player_choice":"Ignored","damage_taken":0,"max_hp_gain":0,"max_hp_loss":0,"event_name":"Shining Light","floor":5,"gold_loss":0},{"damage_healed":0,"gold_gain":0,"player_choice":"Bought 1 Potion","damage_taken":0,"max_hp_gain":0,"max_hp_loss":0,"event_name":"The Woman in Blue","floor":12,"gold_loss":0}],"is_beta":false,"boss_relics":[],"items_purged_floors":[],"is_endless":false,"potions_floor_spawned":[1,7],"killed_by":"Hexaghost","ascension_level":20}