{"gold_per_floor":[15,28,28,203,128,128,156,156,156,156,171,201,201,64,64,167,167,167,167,167,167,167,167,167,167,167,167,42,42,42,42,42,42,42,42,0,0,0,0,0,0,0,0,0,0,0,0,0,0,0],"floor_reached":50,"playtime":3537,"items_purged":["Doubt","Strike_R","Strike_R+1"],"score":575,"play_id":"55bb36dc-86fb-42d3-8ab6-76d39e556f35","local_time":"20190521233408","is_ascension_mode":false,"campfire_choices":[{"data":"Blood for Blood","floor":6,"key":"SMITH"},{"data":"Metallicize","floor":8,"key":"SMITH"},{"data":"Bash","floor":10,"key":"SMITH"},{"data":"Blood for Blood","floor":15,"key":"SMITH"},{"data":"Demon Form","floor":23,"key":"SMITH"},{"data":"Heavy Blade","floor":25,"key":"SMITH"},{"data":"Metallicize","floor":30,"key":"SMITH"},{"data":"Flex","floor":32,"key":"SMITH"},{"data":"Rampage","floor":40,"key":"SMITH"},{"floor":42,"key":"REST"},{"data":"Headbutt","floor":46,"key":"SMITH"},{"floor":49,"key":"REST"}],"neow_cost":"NO_GOLD","seed_source_timestamp":512015886987600,"circlet_count":0,"master_deck":["Defend_R+1","Defend_R+1","Defend_R+1","Bash+1","Metallicize+1","Blood for Blood+1","Headbutt+1","Rampage+1","Blood for Blood+1","Demon Form+1","Shrug It Off+1","Armaments+1","Metallicize+1","Heavy Blade+1","Flex+1","Pain","Decay","Decay","Rampage+1","Parasite","Parasite"],"relics":["Burning Blood","Ornamental Fan","Blue Candle","Question Card","Ectoplasm","Whetstone","Pear","Calling Bell","Smiling Mask","Meat on the Bone","Champion Belt","Red Mask","Happy Flower"],"potions_floor_usage":[12,20,20,21,35,37,41,47,50],"damage_taken":[{"damage":4,"enemies":"2 Louse","floor":1,"turns":3},{"damage":2,"enemies":"Small Slimes","floor":2,"turns":4},{"damage":25,"enemies":"3 Sentries","floor":7,"turns":8},{"damage":3,"enemies":"Jaw Worm","floor":11,"turns":4},{"damage":18,"enemies":"Lagavulin","floor":12,"turns":6},{"damage":19,"enemies":"Hexaghost","floor":16,"turns":6},{"damage":17,"enemies":"Spheric Guardian","floor":18,"turns":4},{"damage":0,"enemies":"Shell Parasite","floor":20,"turns":7},{"damage":5,"enemies":"Snake Plant","floor":21,"turns":4},{"damage":17,"enemies":"Centurion and Healer","floor":24,"turns":5},{"damage":2,"enemies":"Chosen and Byrds","floor":31,"turns":7},{"damage":33,"enemies":"Automaton","floor":33,"turns":7},{"damage":6,"enemies":"3 Shapes","floor":35,"turns":3},{"damage":28,"enemies":"3 Darklings","floor":37,"turns":6},{"damage":17,"enemies":"Writhing Mass","floor":39,"turns":6},{"damage":24,"enemies":"Transient","floor":41,"turns":5},{"damage":24,"enemies":"Sphere and 2 Shapes","floor":45,"turns":6},{"damage":65,"enemies":"Jaw Worm Horde","floor":47,"turns":7},{"damage":19,"enemies":"Writhing Mass","floor":48,"turns":6},{"damage":51,"enemies":"Donu and Deca","floor":50,"turns":3}],"seed_played":"-2494639867290575002","potions_obtained":[{"floor":1,"key":"Weak Potion"},{"floor":7,"key":"GamblersBrew"},{"floor":11,"key":"SpeedPotion"},{"floor":20,"key":"Block Potion"},{"floor":21,"key":"SteroidPotion"},{"floor":31,"key":"Regen Potion"},{"floor":33,"key":"Explosive Potion"},{"floor":35,"key":"SpeedPotion"},{"floor":39,"key":"Weak Potion"}],"is_trial":false,"path_per_floor":["M","M","?","?","$","R","E","R","T","R","M","E","?","$","R","B",null,"M","$","M","M","?","R","M","R","T","?","$","T","R","M","R","B",null,"M","?","M","$","M","R","M","R","T","?","M","R","M","M","R","B"],"character_chosen":"IRONCLAD","items_purchased":["Blood for Blood"],"campfire_rested":2,"item_purchase_floors":[14],"current_hp_per_floor":[80,80,73,73,73,73,54,54,54,54,57,45,45,45,45,32,80,69,69,75,76,60,60,49,49,49,49,49,59,59,63,63,36,90,90,90,79,79,68,68,62,89,89,89,71,71,24,23,50,0],"gold":0,"neow_bonus":"REMOVE_TWO","is_prod":false,"is_daily":false,"chose_seed":false,"campfire_upgraded":10,"win_rate":0,"timestamp":1558496048,"path_taken":["M","M","?","?","?","R","E","R","T","R","?","E","?","$","R","BOSS","M","?","M","M","?","R","M","R","T","?","?","?","R","M","R","BOSS","M","?","M","$","M","R","M","R","T","?","M","R","M","?","R","BOSS"],"build_version":"2019-01-23","purchased_purges":3,"victory":false,"max_hp_per_floor":[80,80,80,80,80,80,80,80,80,80,80,80,80,80,80,80,80,80,80,80,80,80,80,80,80,80,80,80,90,90,90,90,90,90,90,90,90,90,90,90,90,90,90,90,90,90,90,90,90,90],"card_choices":[{"not_picked":["Burning Pact","Headbutt"],"picked":"Metallicize","floor":1},{"not_picked":["Headbutt","True Grit"],"picked":"Blood for Blood","floor":2},{"not_picked":["Havoc","Whirlwind","Hemokinesis"],"picked":"SKIP","floor":7},{"not_picked":["Cleave","Battle Trance"],"picked":"Headbutt","floor":11},{"not_picked":["Burning Pact","Sword Boomerang"],"picked":"Rampage","floor":12},{"not_picked":["Dark Embrace","Double Tap","Feed"],"picked":"Demon Form","floor":16},{"not_picked":["Rage+1","Cleave","True Grit"],"picked":"Shrug It Off+1","floor":18},{"not_picked":["True Grit+1","Wild Strike+1","Second Wind"],"picked":"Armaments+1","floor":20},{"not_picked":["Cleave","Sentinel","Clothesline"],"picked":"Metallicize","floor":21},{"not_picked":["True Grit","Wild Strike+1","Iron Wave+1"],"picked":"Heavy Blade","floor":24},{"not_picked":["Thunderclap","Bludgeon","True Grit"],"picked":"Flex","floor":31},{"not_picked":["Thunderclap+1","Pommel Strike+1","Twin Strike+1","Wild Strike"],"picked":"SKIP","floor":35},{"not_picked":["Sever Soul","Disarm","Headbutt+1"],"picked":"Rampage","floor":37},{"not_picked":["Bloodletting+1","Heavy Blade+1","Anger","Iron Wave"],"picked":"SKIP","floor":39},{"not_picked":["Reckless Charge","Anger","Cleave+1","Body Slam"],"picked":"SKIP","floor":41},{"not_picked":["Headbutt+1","Dual Wield+1","True Grit+1","Perfected Strike+1"],"picked":"SKIP","floor":45},{"not_picked":["Juggernaut","Flame Barrier+1","Havoc+1","Clash"],"picked":"SKIP","floor":47},{"not_picked":["Headbutt","Seeing Red","Twin Strike","Ghostly Armor+1"],"picked":"SKIP","floor":48}],"player_experience":828889,"relics_obtained":[{"floor":7,"key":"Ornamental Fan"},{"floor":9,"key":"Blue Candle"},{"floor":12,"key":"Question Card"},{"floor":26,"key":"Whetstone"},{"floor":29,"key":"Pear"},{"floor":34,"key":"Smiling Mask"},{"floor":34,"key":"Meat on the Bone"},{"floor":34,"key":"Champion Belt"},{"floor":43,"key":"Happy Flower"}],"event_choices":[{"cards_removed":["Strike_R"],"damage_healed":0,"gold_gain":0,"player_choice":"Card Removal","damage_taken":7,"max_hp_gain":0,"max_hp_loss":0,"event_name":"Golden Wing","floor":3,"gold_loss":0},{"damage_healed":0,"gold_gain":175,"player_choice":"AGREE","damage_taken":0,"max_hp_gain":0,"max_hp_loss":0,"event_name":"Liars Game","floor":4,"gold_loss":0,"cards_obtained":["Doubt"]},{"cards_removed":["Strike_R"],"damage_healed":0,"gold_gain":0,"player_choice":"Purged","damage_taken":0,"max_hp_gain":0,"max_hp_loss":0,"event_name":"Purifier","floor":13,"gold_loss":0},{"damage_healed":0,"gold_gain":0,"player_choice":"Obtained Book","damage_taken":16,"max_hp_gain":0,"max_hp_loss":0,"event_name":"Cursed Tome","floor":22,"gold_loss":0},{"damage_healed":0,"gold_gain":0,"player_choice":"Simplicity","damage_taken":0,"max_hp_gain":0,"max_hp_loss":0,"event_name":"Back to Basics","floor":27,"gold_loss":0,"cards_upgraded":["Defend_R","Defend_R","Defend_R"]},{"damage_healed":0,"gold_gain":0,"player_choice":"Paid","damage_taken":0,"relics_obtained":["Red Mask"],"max_hp_gain":0,"max_hp_loss":0,"event_name":"Tomb of Lord Red Mask","floor":36,"gold_loss":42},{"damage_healed":0,"gold_gain":0,"player_choice":"Ignored","damage_taken":0,"max_hp_gain":0,"max_hp_loss":0,"event_name":"Mysterious Sphere","floor":44,"gold_loss":0}],"is_beta":false,"boss_relics":[{"not_picked":["Empty Cage","Cursed Key"],"picked":"Ectoplasm"},{"not_picked":["White Beast Statue","Astrolabe"],"picked":"Calling Bell"}],"items_purged_floors":[5,14,28],"is_endless":false,"potions_floor_spawned":[1,7,11,20,21,31,33,35,39],"killed_by":"Donu and Deca","ascension_level":0}