{"gold_per_floor":[109,109,109,51,69,69,98,98,125,125,138,138,148,161,161,240,240,259,273,300,300,225,252,252,302,302,302,302,329,329,339,339,413,413,432,357,357,371,383,119,148,148,173,173],"floor_reached":44,"playtime":2271,"items_purged":["Strike_R","Strike_R"],"score":1044,"play_id":"543f8ee2-a3c0-4de5-ad23-8a9c6dcc3364","local_time":"20190606205207","is_ascension_mode":true,"campfire_choices":[{"data":"Clothesline","floor":6.0,"key":"SMITH"},{"data":"Iron Wave","floor":8.0,"key":"SMITH"},{"data":"Disarm","floor":10.0,"key":"SMITH"},{"data":"Iron Wave","floor":12.0,"key":"SMITH"},{"data":"Spot Weakness","floor":15.0,"key":"SMITH"},{"floor":24,"key":"REST"},{"data":"Limit Break","floor":28,"key":"SMITH"},{"floor":30,"key":"REST"},{"floor":32,"key":"REST"},{"floor":42,"key":"REST"}],"neow_cost":"NONE","seed_source_timestamp":0,"circlet_count":0,"master_deck":["AscendersBane","Strike_R+1","Defend_R","Defend_R+1","Defend_R+1","Defend_R","Bash+1","Clothesline+1","Disarm+1","Iron Wave+1","Iron Wave+1","Spot Weakness+1","Fiend Fire","Limit Break+1","Cleave","Whirlwind","Heavy Blade","Shockwave","Flame Barrier+1","True Grit+1","Shrug It Off"],"special_seed":0,"relics":["Burning Blood","NeowsBlessing","Whetstone","Anchor","Philosopher\u0027s Stone","Red Mask","Magic Flower","Sundial","Red Skull","Singing Bowl","Ornamental Fan","Velvet Choker","Bronze Scales","War Paint","Art of War"],"potions_floor_usage":[23,33,39,41,41,44],"damage_taken":[{"damage":0.0,"enemies":"2 Louse","floor":1.0,"turns":1.0},{"damage":0.0,"enemies":"Small Slimes","floor":5.0,"turns":1.0},{"damage":0.0,"enemies":"Gremlin Nob","floor":7.0,"turns":1.0},{"damage":1.0,"enemies":"Cultist","floor":11.0,"turns":4.0},{"damage":2.0,"enemies":"Red Slaver","floor":13.0,"turns":4.0},{"damage":10.0,"enemies":"Exordium Wildlife","floor":14.0,"turns":4.0},{"damage":12.0,"enemies":"Hexaghost","floor":16.0,"turns":8.0},{"damage":26.0,"enemies":"3 Byrds","floor":18.0,"turns":7.0},{"damage":9.0,"enemies":"Chosen","floor":19.0,"turns":4.0},{"damage":37,"enemies":"Masked Bandits","floor":20,"turns":4},{"damage":30,"enemies":"Book of Stabbing","floor":23,"turns":6},{"damage":28,"enemies":"Slavers","floor":29,"turns":3},{"damage":3,"enemies":"Snake Plant","floor":31,"turns":3},{"damage":52,"enemies":"Automaton","floor":33,"turns":8},{"damage":20,"enemies":"Orb Walker","floor":35,"turns":4},{"damage":0,"enemies":"3 Shapes","floor":38,"turns":3},{"damage":34,"enemies":"Spire Growth","floor":39,"turns":5},{"damage":37,"enemies":"Giant Head","floor":41,"turns":6},{"damage":38,"enemies":"Reptomancer","floor":44,"turns":5}],"seed_played":"-5209544182477932553","potions_obtained":[{"floor":1.0,"key":"Poison Potion"},{"floor":13.0,"key":"Block Potion"},{"floor":16.0,"key":"BloodPotion"},{"floor":18.0,"key":"SpeedPotion"},{"floor":31,"key":"PowerPotion"},{"floor":33,"key":"Dexterity Potion"},{"floor":35,"key":"Block Potion"},{"floor":39,"key":"Swift Potion"},{"floor":41,"key":"GamblersBrew"}],"is_trial":false,"path_per_floor":["M","?","?","$","M","R","E","R","T","R","M","R","M","M","R","B",null,"M","M","?","T","?","E","R","T","T","?","R","E","R","M","R","B",null,"M","$","?","M","M","$","E","R","T","E"],"character_chosen":"IRONCLAD","items_purchased":["Clothesline","Bronze Scales"],"campfire_rested":4,"item_purchase_floors":[4,40],"current_hp_per_floor":[74,79,79,79,80,80,80,80,80,80,80,80,80,76,76,70,78,66,63,32,32,32,11,35,35,35,35,35,16,40,46,70,27,67,56,56,56,65,42,42,14,38,38,0],"gold":173,"neow_bonus":"THREE_ENEMY_KILL","is_prod":false,"is_daily":false,"chose_seed":false,"campfire_upgraded":6,"win_rate":0,"timestamp":1559868727,"path_taken":["M","?","?","$","M","R","E","R","T","R","M","R","M","?","R","BOSS","M","M","?","?","?","E","R","?","T","?","R","E","R","M","R","BOSS","M","$","?","M","M","$","E","R","T","E"],"build_version":"2019-01-23","purchased_purges":2,"victory":false,"max_hp_per_floor":[75,80,80,80,80,80,80,80,80,80,80,80,80,80,80,80,80,80,80,80,80,80,80,80,80,80,80,80,80,80,80,80,80,80,80,80,80,80,82,82,82,82,82,82],"card_choices":[{"not_picked":["Sever Soul","Thunderclap","Pummel"],"picked":"SKIP","floor":1.0},{"not_picked":["Shrug It Off","Warcry"],"picked":"Disarm","floor":5.0},{"not_picked":["Wild Strike","Blood for Blood"],"picked":"Iron Wave","floor":7.0},{"not_picked":["Warcry","Ghostly Armor"],"picked":"Iron Wave","floor":11.0},{"not_picked":["Second Wind","Evolve"],"picked":"Spot Weakness","floor":13.0},{"not_picked":["Clothesline","Thunderclap"],"picked":"Fiend Fire","floor":14.0},{"not_picked":["Fiend Fire","Berserk"],"picked":"Limit Break","floor":16.0},{"not_picked":["Twin Strike","Warcry","Flex"],"picked":"SKIP","floor":18.0},{"not_picked":["Bloodletting","Shrug It Off+1"],"picked":"Cleave","floor":19},{"not_picked":["Body Slam","Inflame"],"picked":"Whirlwind","floor":23},{"not_picked":["Warcry","Juggernaut"],"picked":"Heavy Blade","floor":29},{"not_picked":["Rage","Shrug It Off"],"picked":"Shockwave","floor":31},{"not_picked":["Bludgeon","Limit Break"],"picked":"Demon Form","floor":33},{"not_picked":["Anger","Dropkick"],"picked":"Flame Barrier+1","floor":35},{"not_picked":["Flex+1","Armaments"],"picked":"True Grit+1","floor":38},{"not_picked":["Anger+1","True Grit+1","Shockwave"],"picked":"Singing Bowl","floor":39},{"not_picked":["Clothesline","Power Through+1"],"picked":"Shrug It Off","floor":41}],"player_experience":571299,"relics_obtained":[{"floor":7.0,"key":"Whetstone"},{"floor":9.0,"key":"Anchor"},{"floor":20,"key":"Red Mask"},{"floor":21,"key":"Magic Flower"},{"floor":23,"key":"Sundial"},{"floor":25,"key":"Red Skull"},{"floor":26,"key":"Singing Bowl"},{"floor":29,"key":"Ornamental Fan"},{"floor":41,"key":"War Paint"},{"floor":43,"key":"Art of War"}],"event_choices":[{"damage_healed":0.0,"max_hp_gain":5.0,"max_hp_loss":0.0,"gold_gain":0.0,"event_name":"Big Fish","player_choice":"Donut","floor":2.0,"gold_loss":0.0,"damage_taken":0.0},{"cards_removed":["Strike_R"],"damage_healed":0.0,"max_hp_gain":0.0,"max_hp_loss":0.0,"gold_gain":0.0,"event_name":"Wheel of Change","player_choice":"Card Removal","floor":3.0,"gold_loss":0.0,"damage_taken":0.0},{"damage_healed":0,"gold_gain":0,"player_choice":"Fought Bandits","damage_taken":0,"max_hp_gain":0,"max_hp_loss":0,"event_name":"Masked Bandits","floor":20,"gold_loss":0},{"cards_removed":["Strike_R"],"damage_healed":0,"gold_gain":0,"player_choice":"Gave Gold","damage_taken":0,"max_hp_gain":0,"max_hp_loss":0,"event_name":"Beggar","floor":22,"gold_loss":75},{"damage_healed":0,"gold_gain":0,"player_choice":"Ignored","damage_taken":0,"max_hp_gain":0,"max_hp_loss":0,"event_name":"The Mausoleum","floor":27,"gold_loss":0},{"cards_removed":["Demon Form"],"damage_healed":0,"gold_gain":0,"player_choice":"Removed Power","damage_taken":0,"max_hp_gain":0,"max_hp_loss":0,"event_name":"Falling","floor":37,"gold_loss":0}],"is_beta":false,"boss_relics":[{"not_picked":["Runic Cube","Pandora\u0027s Box"],"picked":"Philosopher\u0027s Stone"},{"not_picked":["White Beast Statue","Mark of Pain"],"picked":"Velvet Choker"}],"items_purged_floors":[36,40],"is_endless":false,"potions_floor_spawned":[1,13,14,16,18,31,33,35,39,41],"killed_by":"Reptomancer","ascension_level":20}