{"gold_per_floor":[116,133,149,149,224,252,252,284,284,300,300,326,121,147,147,243,243,260,260,260,274,284,284,315,315,315,326,326,61,80,80,80,177,177,194,206,206,206,225,225,259,259,286,0,19,39,59,159,159,159,159,159,9,39,39],"floor_reached":55,"playtime":2869,"items_purged":["Strike_R"],"score":792,"play_id":"f33fbfd3-f95e-495a-9a15-3c92af171e90","local_time":"20190414154911","is_ascension_mode":true,"campfire_choices":[{"data":"Demon Form","floor":7,"key":"SMITH"},{"data":"Sword Boomerang","floor":11,"key":"SMITH"},{"floor":15,"key":"REST"},{"data":"Armaments","floor":23,"key":"SMITH"},{"floor":25,"key":"REST"},{"data":"Brutality","floor":28,"key":"SMITH"},{"data":"Rupture","floor":32,"key":"SMITH"},{"data":"Heavy Blade","floor":40,"key":"SMITH"},{"floor":42,"key":"RECALL"},{"data":"Metallicize","floor":49,"key":"SMITH"},{"data":"Bash","floor":52,"key":"SMITH"}],"neow_cost":"NONE","seed_source_timestamp":124188302029755,"circlet_count":0,"master_deck":["Strike_R+1","Strike_R+1","Strike_R+1","Strike_R+1","Defend_R+1","Defend_R+1","Defend_R+1","Defend_R+1","Bash+1","Iron Wave","Demon Form+1","Sword Boomerang+1","Armaments+1","Brutality+1","Twin Strike","Thunderclap","Metallicize+1","Reaper","Rupture+1","Heavy Blade+1","Intimidate+1","Madness+1","Madness+1","Twin Strike+1","Thunderclap","Inflame"],"relics":["Burning Blood","Bird Faced Urn","Dead Branch","Gremlin Horn","Lantern","Toxic Egg 2","Runic Cube","MutagenicStrength","Boot","Orichalcum","Philosopher\u0027s Stone","Bag of Preparation","Happy Flower","Red Mask","Charon\u0027s Ashes","Art of War"],"potions_floor_usage":[6,8,14,27,33,35,55,55,55],"damage_taken":[{"damage":1,"enemies":"Cultist","floor":1,"turns":3},{"damage":16,"enemies":"Small Slimes","floor":2,"turns":4},{"damage":1,"enemies":"2 Louse","floor":3,"turns":3},{"damage":26,"enemies":"Gremlin Nob","floor":6,"turns":5},{"damage":31,"enemies":"3 Sentries","floor":8,"turns":6},{"damage":1,"enemies":"2 Fungi Beasts","floor":10,"turns":5},{"damage":18,"enemies":"Lagavulin","floor":12,"turns":5},{"damage":18,"enemies":"3 Sentries","floor":14,"turns":5},{"damage":42,"enemies":"The Guardian","floor":16,"turns":9},{"damage":25,"enemies":"Chosen","floor":18,"turns":5},{"damage":19,"enemies":"Spheric Guardian","floor":21,"turns":4},{"damage":6,"enemies":"3 Cultists","floor":22,"turns":4},{"damage":31,"enemies":"Gremlin Leader","floor":24,"turns":6},{"damage":33,"enemies":"Snake Plant","floor":27,"turns":5},{"damage":22,"enemies":"Cultist and Chosen","floor":30,"turns":6},{"damage":63,"enemies":"Automaton","floor":33,"turns":8},{"damage":16,"enemies":"3 Darklings","floor":35,"turns":4},{"damage":23,"enemies":"Orb Walker","floor":36,"turns":4},{"damage":6,"enemies":"Maw","floor":39,"turns":6},{"damage":25,"enemies":"Reptomancer","floor":41,"turns":5},{"damage":5,"enemies":"3 Darklings","floor":45,"turns":3},{"damage":52,"enemies":"4 Shapes","floor":46,"turns":3},{"damage":8,"enemies":"Transient","floor":47,"turns":5},{"damage":3,"enemies":"Mind Bloom Boss Battle","floor":48,"turns":4},{"damage":73,"enemies":"Time Eater","floor":50,"turns":6},{"damage":23,"enemies":"Shield and Spear","floor":54,"turns":3},{"damage":85,"enemies":"The Heart","floor":55,"turns":5}],"seed_played":"2231208413286087485","potions_obtained":[{"floor":1,"key":"Regen Potion"},{"floor":2,"key":"GamblersBrew"},{"floor":8,"key":"SteroidPotion"},{"floor":10,"key":"Swift Potion"},{"floor":18,"key":"Poison Potion"},{"floor":21,"key":"Dexterity Potion"},{"floor":30,"key":"BloodPotion"},{"floor":33,"key":"Poison Potion"},{"floor":35,"key":"SteroidPotion"},{"floor":41,"key":"Dexterity Potion"}],"is_trial":false,"path_per_floor":["M","M","M","?","?","E","R","E","T","M","R","E","$","E","R","B",null,"M","?","?","M","M","R","E","R","T","M","R","$","M","?","R","B",null,"M","M","?","?","M","R","E","R","T","?","M","M","M","?","R","B",null,"R","$","E","B"],"character_chosen":"IRONCLAD","items_purchased":["Lantern","Armaments","Reaper","Rupture","Inflame","Ancient Potion"],"campfire_rested":2,"item_purchase_floors":[13,13,29,29,53,53],"current_hp_per_floor":[88,78,83,83,72,52,52,43,43,48,48,38,38,28,54,20,88,71,71,71,60,62,62,41,67,67,40,40,40,42,42,42,25,88,82,71,71,60,72,72,83,83,83,83,88,63,69,88,88,52,88,88,88,75,0],"gold":39,"neow_bonus":"TEN_PERCENT_HP_BONUS","is_prod":false,"is_daily":false,"chose_seed":false,"campfire_upgraded":8,"win_rate":0,"timestamp":1555271351,"path_taken":["M","M","?","?","?","E","R","E","T","M","R","E","$","E","R","BOSS","M","?","?","M","M","R","E","R","T","M","R","?","M","?","R","BOSS","M","M","?","?","M","R","E","R","T","?","M","M","M","?","R","BOSS","R","$","E","BOSS"],"build_version":"2019-01-23","purchased_purges":1,"victory":false,"max_hp_per_floor":[88,88,88,88,88,88,88,88,88,88,88,88,88,88,88,88,88,88,88,88,88,88,88,88,88,88,88,88,88,88,88,88,88,88,88,88,88,88,88,88,88,88,88,88,88,88,88,88,88,88,88,88,88,88,88],"card_choices":[{"not_picked":["Clothesline","Havoc","True Grit"],"picked":"SKIP","floor":1},{"not_picked":["Hemokinesis","Fire Breathing"],"picked":"Iron Wave","floor":2},{"not_picked":["Shockwave","Clothesline","Wild Strike"],"picked":"SKIP","floor":3},{"not_picked":["Clash","Cleave"],"picked":"Demon Form","floor":6},{"not_picked":["Carnage","Perfected Strike","Uppercut"],"picked":"SKIP","floor":8},{"not_picked":["Entrench","Disarm"],"picked":"Sword Boomerang","floor":10},{"not_picked":["Power Through","Infernal Blade","Disarm"],"picked":"SKIP","floor":12},{"not_picked":["Fire Breathing","Hemokinesis","True Grit"],"picked":"SKIP","floor":14},{"not_picked":["Exhume+1","Double Tap+1"],"picked":"Brutality","floor":16},{"not_picked":["Armaments+1","Ghostly Armor+1"],"picked":"Twin Strike","floor":18},{"not_picked":["Blood for Blood","Shrug It Off+1"],"picked":"Armaments+1","floor":21},{"not_picked":["Shockwave+1","Perfected Strike","Whirlwind+1"],"picked":"SKIP","floor":22},{"not_picked":["Clothesline","Ghostly Armor+1","Wild Strike"],"picked":"SKIP","floor":24},{"not_picked":["Entrench+1","Feel No Pain"],"picked":"Metallicize","floor":27},{"not_picked":["Clothesline+1","Wild Strike+1"],"picked":"Heavy Blade","floor":30},{"not_picked":["Clash","Corruption","Havoc+1"],"picked":"SKIP","floor":35},{"not_picked":["Burning Pact+1","Iron Wave"],"picked":"Intimidate+1","floor":36},{"not_picked":["Havoc+1","Reckless Charge+1","Searing Blow+1"],"picked":"SKIP","floor":39},{"not_picked":["Brutality","Power Through+1","Sever Soul"],"picked":"SKIP","floor":41},{"not_picked":["Thunderclap+1","Intimidate+1","Uppercut"],"picked":"SKIP","floor":45},{"not_picked":["Headbutt+1","Thunderclap+1","Body Slam"],"picked":"SKIP","floor":46},{"not_picked":["Clash","Reckless Charge"],"picked":"Twin Strike+1","floor":47},{"not_picked":["Clash+1","Flame Barrier+1"],"picked":"Thunderclap","floor":48},{"not_picked":["Armaments+1","Reckless Charge","Entrench+1"],"picked":"SKIP","floor":54}],"player_experience":146065,"relics_obtained":[{"floor":6,"key":"Bird Faced Urn"},{"floor":8,"key":"Dead Branch"},{"floor":12,"key":"Gremlin Horn"},{"floor":14,"key":"Toxic Egg 2"},{"floor":24,"key":"Boot"},{"floor":26,"key":"Orichalcum"},{"floor":41,"key":"Bag of Preparation"},{"floor":43,"key":"Happy Flower"},{"floor":48,"key":"Charon\u0027s Ashes"},{"floor":54,"key":"Art of War"}],"event_choices":[{"damage_healed":0,"gold_gain":0,"player_choice":"Ignored","damage_taken":0,"max_hp_gain":0,"max_hp_loss":0,"event_name":"Liars Game","floor":4,"gold_loss":0},{"damage_healed":0,"gold_gain":75,"player_choice":"Gather Gold","damage_taken":11,"max_hp_gain":0,"max_hp_loss":0,"event_name":"World of Goop","floor":5,"gold_loss":0},{"damage_healed":0,"gold_gain":0,"player_choice":"Read","damage_taken":0,"max_hp_gain":0,"max_hp_loss":0,"event_name":"The Library","floor":19,"gold_loss":0,"cards_obtained":["Thunderclap"]},{"damage_healed":0,"gold_gain":0,"player_choice":"Inject Mutagens","damage_taken":0,"relics_obtained":["MutagenicStrength"],"max_hp_gain":0,"max_hp_loss":0,"event_name":"Drug Dealer","floor":20,"gold_loss":0},{"damage_healed":0,"gold_gain":0,"player_choice":"Simplicity","damage_taken":0,"max_hp_gain":0,"max_hp_loss":0,"event_name":"Back to Basics","floor":31,"gold_loss":0,"cards_upgraded":["Strike_R","Strike_R","Strike_R","Strike_R","Defend_R","Defend_R","Defend_R","Defend_R"]},{"cards_removed":["Armaments"],"damage_healed":0,"gold_gain":0,"player_choice":"Removed Skill","damage_taken":0,"max_hp_gain":0,"max_hp_loss":0,"event_name":"Falling","floor":37,"gold_loss":0},{"damage_healed":0,"gold_gain":0,"player_choice":"Embrace Madness","damage_taken":11,"max_hp_gain":0,"max_hp_loss":0,"event_name":"Winding Halls","floor":38,"gold_loss":0,"cards_obtained":["Madness","Madness"]},{"damage_healed":0,"gold_gain":0,"player_choice":"Paid","damage_taken":0,"relics_obtained":["Red Mask"],"max_hp_gain":0,"max_hp_loss":0,"event_name":"Tomb of Lord Red Mask","floor":44,"gold_loss":286},{"damage_healed":0,"gold_gain":0,"player_choice":"Fight","damage_taken":0,"max_hp_gain":0,"max_hp_loss":0,"event_name":"MindBloom","floor":48,"gold_loss":0}],"is_beta":false,"boss_relics":[{"not_picked":["Sozu","Runic Dome"],"picked":"Runic Cube"},{"not_picked":["Orrery","Mark of Pain"],"picked":"Philosopher\u0027s Stone"}],"items_purged_floors":[29],"is_endless":false,"potions_floor_spawned":[1,2,8,10,18,21,30,33,35,41,48],"killed_by":"The Heart","ascension_level":2}