{"gold_per_floor":[118,43,43,58,23,50,50,85,157,157,12,12,25,45,45,148,148,160,22,22,22,37,72,72,19,19,19,33,43,43,53,53,53],"floor_reached":33,"playtime":1772,"items_purged":["Strike_B"],"score":298,"play_id":"b30d5429-819b-496b-95fa-6f032afab610","local_time":"20190528030809","is_ascension_mode":false,"campfire_choices":[{"floor":7,"key":"REST"},{"floor":12,"key":"REST"},{"floor":15,"key":"REST"},{"floor":24,"key":"REST"},{"data":"Defend_B","floor":27,"key":"SMITH"},{"floor":32,"key":"REST"}],"neow_cost":"PERCENT_DAMAGE","seed_source_timestamp":722908188428700,"circlet_count":0,"master_deck":["Strike_B","Strike_B","Strike_B+1","Defend_B","Defend_B","Defend_B+1","Defend_B","Zap","Dualcast","Doom and Gloom+1","Sunder","Redo","BootSequence","Fission+1","Undo+1","Meteor Strike","Skim+1","Leap+1","Bandage Up+1","Turbo+1","Self Repair+1","Steam+1","Tempest+1","Turbo+1","Conserve Battery+1"],"relics":["Cracked Core","Whetstone","Bottled Flame","Toxic Egg 2","Anchor","Orichalcum","Sozu","Strawberry","Pen Nib","Letter Opener"],"potions_floor_usage":[13,13,33],"damage_taken":[{"damage":0,"enemies":"Cultist","floor":1,"turns":4},{"damage":12,"enemies":"Small Slimes","floor":4,"turns":3},{"damage":30,"enemies":"3 Sentries","floor":6,"turns":6},{"damage":34,"enemies":"Lagavulin","floor":8,"turns":6},{"damage":0,"enemies":"Jaw Worm","floor":13,"turns":2},{"damage":0,"enemies":"Exordium Wildlife","floor":14,"turns":2},{"damage":59,"enemies":"The Guardian","floor":16,"turns":12},{"damage":0,"enemies":"3 Byrds","floor":18,"turns":3},{"damage":0,"enemies":"Spheric Guardian","floor":22,"turns":4},{"damage":21,"enemies":"Book of Stabbing","floor":23,"turns":5},{"damage":6,"enemies":"3 Cultists","floor":28,"turns":4},{"damage":1,"enemies":"Snake Plant","floor":29,"turns":3},{"damage":0,"enemies":"Centurion and Healer","floor":31,"turns":4},{"damage":121,"enemies":"Automaton","floor":33,"turns":12}],"seed_played":"-3418384277116706270","potions_obtained":[{"floor":4,"key":"Poison Potion"},{"floor":8,"key":"SkillPotion"},{"floor":13,"key":"Dexterity Potion"}],"is_trial":false,"path_per_floor":["M","$","?","M","?","E","R","E","T","?","$","R","M","M","R","B",null,"M","$","?","?","M","E","R","$","T","R","M","M","?","M","R","B"],"character_chosen":"DEFECT","items_purchased":["Orichalcum","Leap+1","Bandage Up+1","Steam+1"],"campfire_rested":5,"item_purchase_floors":[11,19,19,25],"current_hp_per_floor":[68,68,68,56,78,48,74,40,40,15,15,41,41,41,67,8,89,89,89,96,96,96,81,96,96,96,96,96,95,76,82,101,0],"gold":53,"neow_bonus":"TWENTY_PERCENT_HP_BONUS","is_prod":false,"is_daily":false,"chose_seed":false,"campfire_upgraded":1,"win_rate":0.0,"timestamp":1559027289,"path_taken":["M","$","?","?","?","E","R","E","T","?","$","R","M","M","R","BOSS","M","$","?","?","M","E","R","?","T","R","M","?","?","M","R","BOSS"],"build_version":"2019-01-23","purchased_purges":1,"victory":false,"max_hp_per_floor":[89,89,89,89,89,89,89,89,89,89,89,89,89,89,89,89,89,89,89,96,96,96,96,96,96,96,96,96,96,101,101,101,101],"card_choices":[{"not_picked":["Redo","Streamline"],"picked":"Doom and Gloom","floor":1},{"not_picked":["Steam Power","Rebound"],"picked":"Sunder","floor":4},{"not_picked":["Sweeping Beam","Stack"],"picked":"Redo","floor":6},{"not_picked":["Streamline","Steam Power"],"picked":"BootSequence","floor":8},{"not_picked":["Fusion+1","Skim+1"],"picked":"Fission+1","floor":13},{"not_picked":["Barrage","Go for the Eyes"],"picked":"Undo+1","floor":14},{"not_picked":["Reboot+1","Multi-Cast+1"],"picked":"Meteor Strike","floor":16},{"not_picked":["Storm","Go for the Eyes"],"picked":"Skim+1","floor":18},{"not_picked":["Doom and Gloom+1","Chill+1"],"picked":"Turbo+1","floor":22},{"not_picked":["Heatsinks","Turbo+1"],"picked":"Self Repair+1","floor":23},{"not_picked":["White Noise+1","Scrape"],"picked":"Tempest+1","floor":28},{"not_picked":["Heatsinks","Cold Snap+1"],"picked":"Turbo+1","floor":29},{"not_picked":["Consume+1","Aggregate+1"],"picked":"Conserve Battery+1","floor":31}],"player_experience":47458,"relics_obtained":[{"floor":6,"key":"Whetstone"},{"floor":8,"key":"Bottled Flame"},{"floor":9,"key":"Toxic Egg 2"},{"floor":23,"key":"Pen Nib"},{"floor":26,"key":"Letter Opener"}],"event_choices":[{"damage_healed":0,"gold_gain":0,"player_choice":"Ignored","damage_taken":0,"max_hp_gain":0,"max_hp_loss":0,"event_name":"WeMeetAgain","floor":3,"gold_loss":0},{"damage_healed":22,"gold_gain":0,"player_choice":"Healed","damage_taken":0,"max_hp_gain":0,"max_hp_loss":0,"event_name":"The Cleric","floor":5,"gold_loss":35},{"damage_healed":0,"gold_gain":0,"player_choice":"Success","damage_taken":25,"relics_obtained":["Anchor"],"max_hp_gain":0,"max_hp_loss":0,"event_name":"Scrap Ooze","floor":10,"gold_loss":0},{"damage_healed":0,"gold_gain":0,"player_choice":"Opened","damage_taken":0,"relics_obtained":["Strawberry"],"max_hp_gain":0,"max_hp_loss":0,"event_name":"The Mausoleum","floor":20,"gold_loss":0},{"damage_healed":0,"gold_gain":0,"player_choice":"Ignored","damage_taken":0,"max_hp_gain":0,"max_hp_loss":0,"event_name":"Beggar","floor":21,"gold_loss":0},{"damage_healed":0,"gold_gain":0,"player_choice":"Shed Blood","damage_taken":24,"max_hp_gain":5,"max_hp_loss":0,"event_name":"Forgotten Altar","floor":30,"gold_loss":0}],"is_beta":false,"boss_relics":[{"not_picked":["Astrolabe","White Beast Statue"],"picked":"Sozu"}],"items_purged_floors":[2],"is_endless":false,"potions_floor_spawned":[4,8,13,18,31],"killed_by":"Automaton","ascension_level":0}