{"gold_per_floor":[110,110,110,122,122,150,150,176,176,101,113,113,131,131,131,261,261],"floor_reached":17,"playtime":8747,"items_purged":["Regret"],"score":188,"play_id":"d63abe16-bd79-4896-8dd6-8b9335ec837a","local_time":"20190529135110","is_ascension_mode":false,"campfire_choices":[{"data":"Neutralize","floor":7,"key":"SMITH"},{"data":"Well Laid Plans","floor":12,"key":"SMITH"},{"data":"Deadly Poison","floor":15,"key":"SMITH"}],"neow_cost":"NONE","seed_source_timestamp":1116614282291000,"circlet_count":0,"master_deck":["Defend_G+1","Defend_G","Defend_G","Defend_G","Defend_G","Strike_G+1","Strike_G","Strike_G+1","Strike_G","Survivor+1","Neutralize+1","Backstab","Leg Sweep","Well Laid Plans+1","Deadly Poison+1","Adrenaline"],"relics":["Ring of the Snake","NeowsBlessing","Kunai","Strawberry","Juzu Bracelet","War Paint","Golden Idol","Ectoplasm"],"potions_floor_usage":[],"damage_taken":[{"damage":0,"enemies":"2 Louse","floor":1,"turns":1},{"damage":0,"enemies":"Jaw Worm","floor":4,"turns":1},{"damage":0,"enemies":"Lagavulin","floor":6,"turns":1},{"damage":17,"enemies":"3 Sentries","floor":8,"turns":16},{"damage":0,"enemies":"Small Slimes","floor":11,"turns":2},{"damage":0,"enemies":"3 Louse","floor":13,"turns":4},{"damage":11,"enemies":"Hexaghost","floor":16,"turns":12}],"seed_played":"-3886747022540753611","potions_obtained":[{"floor":6,"key":"SteroidPotion"},{"floor":11,"key":"FearPotion"}],"is_trial":false,"path_per_floor":["M","?","?","M","?","E","R","E","T","$","M","R","M","?","R","B",null],"character_chosen":"THE_SILENT","items_purchased":[],"campfire_rested":0,"item_purchase_floors":[],"current_hp_per_floor":[70,70,70,70,56,63,63,46,46,46,46,46,46,27,27,16,77],"gold":261,"neow_bonus":"THREE_ENEMY_KILL","is_prod":false,"is_daily":false,"chose_seed":false,"campfire_upgraded":3,"win_rate":0,"timestamp":1559152270,"path_taken":["M","?","?","M","?","E","R","E","T","$","M","R","M","?","R","BOSS"],"build_version":"2019-01-23","purchased_purges":1,"victory":false,"max_hp_per_floor":[70,70,70,70,70,77,77,77,77,77,77,77,77,77,77,77,77],"card_choices":[{"not_picked":["Bane","Slice"],"picked":"Backstab","floor":1},{"not_picked":["Quick Slash","Expertise"],"picked":"Leg Sweep","floor":4},{"not_picked":["Quick Slash","Bullet Time"],"picked":"Well Laid Plans","floor":6},{"not_picked":["Flying Knee","Predator","Eviscerate"],"picked":"SKIP","floor":8},{"not_picked":["Quick Slash","Expertise"],"picked":"Deadly Poison","floor":11},{"not_picked":["Poisoned Stab","Choke","All Out Attack"],"picked":"SKIP","floor":13},{"not_picked":["Phantasmal Killer","Doppelganger"],"picked":"Adrenaline","floor":16}],"player_experience":966913,"relics_obtained":[{"floor":6,"key":"Strawberry"},{"floor":8,"key":"Juzu Bracelet"},{"floor":9,"key":"War Paint"}],"event_choices":[{"cards_removed":["Strike_G"],"damage_healed":0,"gold_gain":0,"player_choice":"Forget","damage_taken":0,"max_hp_gain":0,"max_hp_loss":0,"event_name":"Living Wall","floor":2,"gold_loss":0},{"damage_healed":0,"gold_gain":0,"player_choice":"Box","damage_taken":0,"relics_obtained":["Kunai"],"max_hp_gain":0,"max_hp_loss":0,"event_name":"Big Fish","floor":3,"gold_loss":0,"cards_obtained":["Regret"]},{"damage_healed":0,"gold_gain":0,"player_choice":"Entered Light","damage_taken":14,"max_hp_gain":0,"max_hp_loss":0,"event_name":"Shining Light","floor":5,"gold_loss":0,"cards_upgraded":["Strike_G","Strike_G"]},{"damage_healed":0,"gold_gain":0,"player_choice":"Take Damage","damage_taken":19,"relics_obtained":["Golden Idol"],"max_hp_gain":0,"max_hp_loss":0,"event_name":"Golden Idol","floor":14,"gold_loss":0}],"is_beta":false,"boss_relics":[{"not_picked":["Runic Pyramid","Tiny House"],"picked":"Ectoplasm"}],"items_purged_floors":[10],"is_endless":false,"potions_floor_spawned":[6,11],"ascension_level":0}