{"gold_per_floor":[18,18,35,49,49,49,74,6,31,31,41,67,52],"floor_reached":13,"playtime":731,"items_purged":[],"score":140,"play_id":"08cf3e93-3fc3-4bae-8d3d-4e3bf1a7c451","local_time":"20190609142254","is_ascension_mode":true,"campfire_choices":[{"data":"Armaments","floor":6,"key":"SMITH"},{"data":"Bash","floor":10,"key":"SMITH"}],"neow_cost":"NO_GOLD","seed_source_timestamp":865318340613525,"circlet_count":0,"master_deck":["AscendersBane","Strike_R","Strike_R","Strike_R","Strike_R","Strike_R","Defend_R","Defend_R","Defend_R","Defend_R+1","Bash+1","Infernal Blade","Shrug It Off","Armaments+1","Flex","Regret","Shrug It Off","Flame Barrier+1","Battle Trance"],"relics":["Burning Blood","Pocketwatch","Lantern","War Paint","Ornamental Fan"],"potions_floor_usage":[12,12,12],"damage_taken":[{"damage":0,"enemies":"2 Louse","floor":1,"turns":3},{"damage":7,"enemies":"Jaw Worm","floor":3,"turns":2},{"damage":6,"enemies":"Cultist","floor":4,"turns":3},{"damage":38,"enemies":"Lagavulin","floor":7,"turns":6},{"damage":21,"enemies":"Lots of Slimes","floor":11,"turns":5},{"damage":26,"enemies":"Gremlin Nob","floor":12,"turns":4},{"damage":10,"enemies":"Exordium Thugs","floor":13,"turns":2}],"seed_played":"-8372220079778264793","potions_obtained":[{"floor":1,"key":"Fire Potion"},{"floor":3,"key":"Dexterity Potion"},{"floor":7,"key":"AttackPotion"},{"floor":12,"key":"Ancient Potion"}],"is_trial":false,"path_per_floor":["M","?","M","M","?","R","E","$","T","R","M","E","M"],"character_chosen":"IRONCLAD","items_purchased":["Flame Barrier"],"campfire_rested":0,"item_purchase_floors":[8],"current_hp_per_floor":[78,78,77,77,77,77,45,45,45,45,30,10,0],"gold":52,"neow_bonus":"ONE_RARE_RELIC","is_prod":false,"is_daily":false,"chose_seed":false,"campfire_upgraded":2,"win_rate":0,"timestamp":1560104574,"path_taken":["M","?","M","M","?","R","E","$","T","R","?","E","M"],"build_version":"2019-01-23","purchased_purges":0,"victory":false,"max_hp_per_floor":[80,80,80,80,80,80,80,80,80,80,80,80,80],"card_choices":[{"not_picked":["Blood for Blood","Intimidate"],"picked":"Infernal Blade","floor":1},{"not_picked":["Dropkick","Havoc"],"picked":"Shrug It Off","floor":3},{"not_picked":["Clash","Iron Wave"],"picked":"Armaments","floor":4},{"not_picked":["Body Slam","Clothesline"],"picked":"Shrug It Off","floor":7},{"not_picked":["Iron Wave","Pommel Strike"],"picked":"Battle Trance","floor":11},{"not_picked":["Combust","Sentinel","Carnage"],"picked":"SKIP","floor":12}],"player_experience":425591,"relics_obtained":[{"floor":7,"key":"Lantern"},{"floor":9,"key":"War Paint"},{"floor":12,"key":"Ornamental Fan"}],"event_choices":[{"damage_healed":0,"gold_gain":0,"player_choice":"Leave","damage_taken":0,"max_hp_gain":0,"max_hp_loss":0,"event_name":"The Cleric","floor":2,"gold_loss":0},{"damage_healed":0,"gold_gain":0,"player_choice":"2 cards matched","damage_taken":0,"max_hp_gain":0,"max_hp_loss":0,"event_name":"Match and Keep!","floor":5,"gold_loss":0,"cards_obtained":["Flex","Regret"]}],"is_beta":false,"boss_relics":[],"items_purged_floors":[],"is_endless":false,"potions_floor_spawned":[1,3,7,12],"killed_by":"Exordium Thugs","ascension_level":10}