{"gold_per_floor":[117,117,141,216,166,166,187,187,210,210,210,228,25,48,48,48],"floor_reached":16,"playtime":460,"items_purged":["Strike_B"],"score":122,"play_id":"0aeadd59-d9c9-4d49-b739-64111451e671","local_time":"20190511153540","is_ascension_mode":true,"campfire_choices":[{"data":"Coolheaded","floor":6,"key":"SMITH"},{"data":"Barrage","floor":8,"key":"SMITH"},{"floor":10,"key":"RECALL"},{"floor":15,"key":"REST"}],"neow_cost":"NONE","seed_source_timestamp":961076832634488,"circlet_count":0,"master_deck":["Strike_B","Strike_B","Defend_B","Defend_B","Defend_B","Defend_B","Zap","Dualcast","Coolheaded+1","Barrage+1","BootSequence","Coolheaded","Self Repair"],"relics":["Sozu","Golden Idol","Regal Pillow"],"potions_floor_usage":[],"damage_taken":[{"damage":7,"enemies":"Jaw Worm","floor":1,"turns":3},{"damage":5,"enemies":"Small Slimes","floor":3,"turns":4},{"damage":0,"enemies":"2 Louse","floor":7,"turns":2},{"damage":13,"enemies":"Blue Slaver","floor":12,"turns":3},{"damage":23,"enemies":"Exordium Thugs","floor":14,"turns":6},{"damage":53,"enemies":"Hexaghost","floor":16,"turns":11}],"seed_played":"315278022601308793","potions_obtained":[],"is_trial":false,"path_per_floor":["M","?","M","?","?","R","M","R","T","R","$","M","$","M","R","B"],"character_chosen":"DEFECT","items_purchased":["Coolheaded","Self Repair"],"campfire_rested":1,"item_purchase_floors":[13,13],"current_hp_per_floor":[61,61,56,45,45,45,45,45,45,45,45,32,32,16,51,0],"gold":48,"neow_bonus":"BOSS_RELIC","is_prod":false,"is_daily":false,"chose_seed":false,"campfire_upgraded":2,"win_rate":0,"timestamp":1557603340,"path_taken":["M","?","M","?","?","R","M","R","T","R","?","?","$","M","R","BOSS"],"build_version":"2019-01-23","purchased_purges":1,"victory":false,"max_hp_per_floor":[75,69,69,69,69,69,69,69,69,69,69,69,69,69,69,69],"card_choices":[{"not_picked":["Conserve Battery","Barrage"],"picked":"Coolheaded","floor":1},{"not_picked":["Cold Snap","Gash","Lockon"],"picked":"SKIP","floor":3},{"not_picked":["Turbo","Hello World"],"picked":"Barrage","floor":7},{"not_picked":["Cold Snap","Meteor Strike"],"picked":"BootSequence","floor":12},{"not_picked":["Leap","Redo","Beam Cell"],"picked":"SKIP","floor":14}],"player_experience":401296,"relics_obtained":[{"floor":9,"key":"Regal Pillow"}],"event_choices":[{"damage_healed":0,"gold_gain":0,"player_choice":"Lose Max HP","damage_taken":0,"relics_obtained":["Golden Idol"],"max_hp_gain":0,"max_hp_loss":6,"event_name":"Golden Idol","floor":2,"gold_loss":0},{"damage_healed":0,"gold_gain":75,"player_choice":"Gather Gold","damage_taken":11,"max_hp_gain":0,"max_hp_loss":0,"event_name":"World of Goop","floor":4,"gold_loss":0},{"cards_removed":["Strike_B"],"damage_healed":0,"gold_gain":0,"player_choice":"Card Removal","damage_taken":0,"max_hp_gain":0,"max_hp_loss":0,"event_name":"The Cleric","floor":5,"gold_loss":50}],"is_beta":false,"boss_relics":[],"items_purged_floors":[13],"is_endless":false,"potions_floor_spawned":[3,7,14],"killed_by":"Hexaghost","ascension_level":7}