{"gold_per_floor":[367,10,21,21,21,53,67,67,116,116,131,145,163,179,179,283,283,293,307,307,307,232,252,252,271,271,298,318,318,331,229,229,326,326,336,336,346,165,177,210,210,210,210,245,260,122,139,165,165,165],"floor_reached":50,"playtime":3524,"items_purged":["Clumsy","Regret"],"score":631,"play_id":"417f9386-412d-41fd-bcb7-5be7710af4ad","local_time":"20180723214540","is_ascension_mode":false,"campfire_choices":[{"floor":10,"key":"REST"},{"floor":15,"key":"REST"},{"data":"Rage","floor":24,"key":"SMITH"},{"data":"Barricade","floor":29,"key":"SMITH"},{"data":"Impervious","floor":32,"key":"SMITH"},{"data":"Exhume","floor":41,"key":"SMITH"},{"floor":49,"key":"REST"}],"neow_cost":"FIFTY_PERCENT_DAMAGE","seed_source_timestamp":417245765178347,"circlet_count":0,"master_deck":["Strike_R","Strike_R","Strike_R","Strike_R","Defend_R+1","Defend_R","Bash","Heavy Blade","Inflame","Infernal Blade+1","Perfected Strike+1","Impervious+1","Perfected Strike+1","Anger+1","Iron Wave+1","Reaper+1","Clash+1","Immolate+1","Bloodletting","Perfected Strike+1","Dark Embrace","Rage+1","Headbutt+1","Perfected Strike+1","Barricade+1","Clash+1","Exhume+1","Body Slam+1","Apotheosis","Spot Weakness+1","Seeing Red","Dark Shackles","Clash+1","Body Slam+1","Limit Break","Anger+1","Entrench","Pommel Strike+1","Infernal Blade+1"],"relics":["Burning Blood","Molten Egg 2","Bronze Scales","Pen Nib","Cursed Key","Dodecahedron","Boot","White Beast Statue","Bottled Tornado","Gremlin Horn","Omamori","Sundial"],"potions_floor_usage":[27,27,40,40,45,48,48,48,50],"damage_taken":[{"damage":15,"enemies":"Jaw Worm","floor":1,"turns":4},{"damage":0,"enemies":"2 Louse","floor":3,"turns":1},{"damage":12,"enemies":"Gremlin Nob","floor":6,"turns":3},{"damage":2,"enemies":"Small Slimes","floor":7,"turns":2},{"damage":0,"enemies":"Looter","floor":11,"turns":1},{"damage":16,"enemies":"Blue Slaver","floor":12,"turns":3},{"damage":12,"enemies":"Exordium Thugs","floor":13,"turns":4},{"damage":0,"enemies":"Lots of Slimes","floor":14,"turns":1},{"damage":32,"enemies":"The Guardian","floor":16,"turns":8},{"damage":0,"enemies":"Spheric Guardian","floor":18,"turns":3},{"damage":4,"enemies":"Shell Parasite","floor":19,"turns":3},{"damage":0,"enemies":"Snecko","floor":23,"turns":2},{"damage":5,"enemies":"Chosen and Byrds","floor":25,"turns":3},{"damage":10,"enemies":"Book of Stabbing","floor":27,"turns":4},{"damage":9,"enemies":"3 Cultists","floor":28,"turns":4},{"damage":0,"enemies":"Centurion and Healer","floor":30,"turns":3},{"damage":46,"enemies":"Automaton","floor":33,"turns":8},{"damage":19,"enemies":"Flame Bruiser 1 Orb","floor":35,"turns":3},{"damage":3,"enemies":"3 Shapes","floor":37,"turns":3},{"damage":2,"enemies":"Flame Bruiser 2 Orb","floor":39,"turns":4},{"damage":8,"enemies":"Giant Head","floor":40,"turns":7},{"damage":62,"enemies":"2 Orb Walkers","floor":44,"turns":5},{"damage":28,"enemies":"Maw","floor":45,"turns":6},{"damage":4,"enemies":"4 Shapes","floor":47,"turns":4},{"damage":9,"enemies":"Giant Head","floor":48,"turns":7},{"damage":54,"enemies":"Awakened One","floor":50,"turns":4}],"seed_played":"-1167503445248758719","potions_obtained":[{"floor":3,"key":"Weak Potion"},{"floor":12,"key":"Energy Potion"},{"floor":13,"key":"Block Potion"},{"floor":14,"key":"SteroidPotion"},{"floor":23,"key":"Fruit Juice"},{"floor":27,"key":"PowerPotion"},{"floor":28,"key":"EssenceOfSteel"},{"floor":30,"key":"Swift Potion"},{"floor":37,"key":"Regen Potion"},{"floor":40,"key":"Weak Potion"},{"floor":44,"key":"SteroidPotion"},{"floor":45,"key":"PowerPotion"},{"floor":47,"key":"Energy Potion"},{"floor":48,"key":"Dexterity Potion"}],"is_trial":false,"path_per_floor":["M","$","M","?","?","E","M","$","T","R","M","M","M","M","R","B",null,"M","M","?","?","?","M","R","M","T","E","M","R","M","$","R","B",null,"M","?","M","$","M","E","R","?","T","E","M","$","M","E","R"],"character_chosen":"IRONCLAD","items_purchased":["Inflame","Molten Egg 2","Infernal Blade","Clash+1","Seeing Red","Dark Shackles","Entrench"],"campfire_rested":3,"item_purchase_floors":[2,2,2,31,38,38,46],"current_hp_per_floor":[31,31,37,37,21,15,19,19,19,43,49,39,33,39,63,37,80,80,80,80,80,80,80,80,80,80,81,85,85,85,85,85,52,85,72,67,70,70,74,85,85,85,85,38,16,16,18,20,45,0],"gold":165,"neow_bonus":"TWO_FIFTY_GOLD","is_prod":false,"is_daily":false,"chose_seed":false,"campfire_upgraded":4,"win_rate":0.0,"timestamp":1532375140,"path_taken":["M","$","M","?","?","E","M","?","T","R","?","?","M","M","R","BOSS","M","M","?","?","?","M","R","M","T","E","M","R","M","$","R","BOSS","M","?","M","$","?","E","R","?","T","E","M","$","M","E","R","BOSS"],"build_version":"2018-07-19v2","purchased_purges":2,"victory":false,"max_hp_per_floor":[80,80,80,80,80,80,80,80,80,80,80,80,80,80,80,80,80,80,80,80,80,80,80,80,80,80,85,85,85,85,85,85,85,85,85,85,85,85,85,85,85,85,85,85,85,85,85,85,85,85],"card_choices":[{"not_picked":["Body Slam","Shrug It Off"],"picked":"Heavy Blade","floor":1},{"not_picked":["Wild Strike+1","Intimidate"],"picked":"Perfected Strike+1","floor":3},{"not_picked":["Rage","Infernal Blade"],"picked":"Impervious","floor":6},{"not_picked":["Clothesline+1","Clash+1"],"picked":"Perfected Strike+1","floor":7},{"not_picked":["Clothesline+1","Ghostly Armor"],"picked":"Anger+1","floor":11},{"not_picked":["Wild Strike+1","Shockwave"],"picked":"Iron Wave+1","floor":12},{"not_picked":["Power Through","Metallicize"],"picked":"Reaper+1","floor":13},{"not_picked":["Combust","Metallicize"],"picked":"Clash+1","floor":14},{"not_picked":["Offering","Barricade"],"picked":"Immolate+1","floor":16},{"not_picked":["Iron Wave+1","Headbutt+1"],"picked":"Bloodletting","floor":18},{"not_picked":["Headbutt+1","Rage"],"picked":"Perfected Strike+1","floor":19},{"not_picked":["Wild Strike+1","Cleave+1"],"picked":"Rage","floor":23},{"not_picked":["Shrug It Off","Entrench"],"picked":"Headbutt+1","floor":25},{"not_picked":["Rage+1","Havoc"],"picked":"Perfected Strike+1","floor":27},{"not_picked":["Reckless Charge+1","Iron Wave+1"],"picked":"Barricade","floor":28},{"not_picked":["Armaments","Sever Soul+1","Shockwave+1"],"picked":"SKIP","floor":30},{"not_picked":["Brutality","Fiend Fire+1"],"picked":"Exhume","floor":33},{"not_picked":["Thunderclap+1","Sever Soul+1"],"picked":"Body Slam+1","floor":35},{"not_picked":["Good Instincts","Magnetism"],"picked":"Apotheosis","floor":36},{"not_picked":["Searing Blow+1","Shrug It Off"],"picked":"Spot Weakness+1","floor":37},{"not_picked":["Armaments","Ghostly Armor"],"picked":"Clash+1","floor":39},{"not_picked":["Evolve+1","Headbutt+1"],"picked":"Body Slam+1","floor":40},{"not_picked":["Heavy Blade+1","Anger+1"],"picked":"Limit Break","floor":44},{"not_picked":["Cleave+1","Iron Wave+1"],"picked":"Anger+1","floor":45},{"not_picked":["Combust","Armaments+1"],"picked":"Pommel Strike+1","floor":47},{"not_picked":["Cleave+1","Shrug It Off"],"picked":"Infernal Blade+1","floor":48}],"player_experience":96926,"relics_obtained":[{"floor":6,"key":"Bronze Scales"},{"floor":9,"key":"Pen Nib"},{"floor":26,"key":"Dodecahedron"},{"floor":27,"key":"Boot"},{"floor":40,"key":"Bottled Tornado"},{"floor":43,"key":"Gremlin Horn"},{"floor":44,"key":"Omamori"},{"floor":48,"key":"Sundial"}],"event_choices":[{"event_name":"Living Wall","player_choice":"Change","floor":4,"damage_taken":0},{"event_name":"Shining Light","player_choice":"Entered Light","floor":5,"damage_taken":0},{"event_name":"Transmorgrifier","player_choice":"Transform","floor":20,"damage_taken":0},{"event_name":"Vampires","player_choice":"Ignored","floor":21,"damage_taken":0},{"event_name":"Beggar","player_choice":"Gave Gold","floor":22,"damage_taken":0},{"event_name":"SensoryStone","player_choice":"Memory 2","floor":36,"damage_taken":0},{"event_name":"Falling","player_choice":"Removed Skill","floor":42,"damage_taken":0}],"is_beta":false,"boss_relics":[{"not_picked":["Tiny House","Sozu"],"picked":"Cursed Key"},{"not_picked":["Runic Dome","Calling Bell"],"picked":"White Beast Statue"}],"items_purged_floors":[31,46],"is_endless":false,"potions_floor_spawned":[3,12,13,14,23,25,27,28,30,35,37,39,40,44,45,47,48],"killed_by":"Awakened One","ascension_level":0}