{"gold_per_floor":[10,26,42,52,66,66,79,79,104,150,162,185,197,220,232,339,351,375,7,27,27,43,43],"floor_reached":23,"playtime":1456,"items_purged":[],"score":416,"play_id":"761f3a46-8ca6-4aac-a632-b8dbe43da48d","local_time":"20190110052533","is_ascension_mode":true,"campfire_choices":[{"floor":6.0,"key":"REST"},{"data":"Inflame","floor":8.0,"key":"SMITH"},{"floor":11.0,"key":"REST"},{"data":"Spot Weakness","floor":15.0,"key":"SMITH"}],"neow_cost":"NO_GOLD","seed_source_timestamp":0,"circlet_count":0,"master_deck":["Strike_R","Strike_R","Strike_R","Strike_R","Strike_R","Defend_R","Defend_R+1","Defend_R+1","Defend_R","Bash","Pommel Strike","Headbutt","Inflame+1","Body Slam","Heavy Blade","Headbutt","Spot Weakness+1","Limit Break","Pummel","Battle Trance","Pummel+1","Writhe","Clothesline+1"],"special_seed":0,"relics":["Burning Blood","Ice Cream","MawBank","Art of War","Sozu","War Paint","Bag of Preparation","Paper Frog"],"potions_floor_usage":[],"damage_taken":[{"damage":11.0,"enemies":"Cultist","floor":1.0,"turns":4.0},{"damage":7.0,"enemies":"Small Slimes","floor":2.0,"turns":3.0},{"damage":8.0,"enemies":"2 Louse","floor":3.0,"turns":3.0},{"damage":16.0,"enemies":"2 Fungi Beasts","floor":4.0,"turns":3.0},{"damage":24.0,"enemies":"Lots of Slimes","floor":5.0,"turns":4.0},{"damage":17.0,"enemies":"Looter","floor":7.0,"turns":3.0},{"damage":35.0,"enemies":"Lagavulin","floor":10.0,"turns":5.0},{"damage":10.0,"enemies":"Gremlin Gang","floor":12.0,"turns":4.0},{"damage":22.0,"enemies":"Exordium Thugs","floor":14.0,"turns":5.0},{"damage":38.0,"enemies":"Slime Boss","floor":16.0,"turns":9.0},{"damage":21,"enemies":"Shell Parasite","floor":18,"turns":3},{"damage":12,"enemies":"Chosen","floor":20,"turns":3},{"damage":31,"enemies":"Centurion and Healer","floor":22,"turns":5},{"damage":41,"enemies":"Book of Stabbing","floor":23,"turns":3}],"seed_played":"6773911160169751521","potions_obtained":[{"floor":4.0,"key":"AttackPotion"},{"floor":5.0,"key":"Weak Potion"},{"floor":7.0,"key":"SteroidPotion"},{"floor":10.0,"key":"GamblersBrew"}],"is_trial":false,"path_per_floor":["M","M","M","M","M","R","M","R","T","E","R","M","?","M","R","B",null,"M","$","M","?","M","E"],"character_chosen":"IRONCLAD","items_purchased":["Battle Trance","War Paint","Bag of Preparation"],"campfire_rested":2,"item_purchase_floors":[19,19,19],"current_hp_per_floor":[67,66,64,54,36,60,49,49,49,20,44,40,66,50,50,18,65,50,50,44,44,19,0],"gold":43,"neow_bonus":"ONE_RARE_RELIC","is_prod":false,"is_daily":false,"chose_seed":false,"campfire_upgraded":2,"win_rate":0.0,"timestamp":1547094333,"path_taken":["M","?","M","M","M","R","M","R","T","E","R","M","?","M","R","BOSS","M","$","M","?","M","E"],"build_version":"2019-01-08","purchased_purges":0,"victory":false,"max_hp_per_floor":[80,80,80,80,80,80,80,80,80,80,80,80,80,80,80,80,80,80,80,80,80,80,80],"card_choices":[{"not_picked":["Heavy Blade","Rupture"],"picked":"Pommel Strike","floor":1.0},{"not_picked":["Dropkick","Wild Strike","Iron Wave"],"picked":"SKIP","floor":2.0},{"not_picked":["Body Slam","Evolve"],"picked":"Headbutt","floor":3.0},{"not_picked":["Intimidate","Heavy Blade"],"picked":"Inflame","floor":4.0},{"not_picked":["Anger","Fire Breathing","Heavy Blade"],"picked":"SKIP","floor":5.0},{"not_picked":["Warcry","Clothesline"],"picked":"Body Slam","floor":7.0},{"not_picked":["Thunderclap","Warcry"],"picked":"Heavy Blade","floor":10.0},{"not_picked":["Twin Strike","Berserk"],"picked":"Headbutt","floor":12.0},{"not_picked":["Cleave","Warcry"],"picked":"Spot Weakness","floor":14.0},{"not_picked":["Offering","Dark Embrace"],"picked":"Limit Break","floor":16.0},{"not_picked":["Body Slam+1","Cleave"],"picked":"Pummel","floor":18},{"not_picked":["Warcry","Flex"],"picked":"Pummel+1","floor":20},{"not_picked":["Sword Boomerang","Iron Wave"],"picked":"Clothesline+1","floor":22}],"player_experience":0,"relics_obtained":[{"floor":9.0,"key":"MawBank"},{"floor":10.0,"key":"Art of War"}],"event_choices":[{"damage_healed":26.0,"max_hp_gain":0.0,"max_hp_loss":0.0,"gold_gain":0.0,"event_name":"Big Fish","player_choice":"Banana","floor":13.0,"gold_loss":0.0,"damage_taken":0.0},{"damage_healed":0,"gold_gain":0,"player_choice":"Opened","damage_taken":0,"relics_obtained":["Paper Frog"],"max_hp_gain":0,"max_hp_loss":0,"event_name":"The Mausoleum","floor":21,"gold_loss":0,"cards_obtained":["Writhe"]}],"is_beta":true,"boss_relics":[{"not_picked":["Runic Cube","Black Blood"],"picked":"Sozu"}],"items_purged_floors":[],"is_endless":false,"potions_floor_spawned":[4,5,7,10,18,22],"killed_by":"Book of Stabbing","ascension_level":8}