{"gold_per_floor":[623,230,343,461,575,575,96,96,206,325,443,443,34,34,145,265,381,501],"floor_reached":19,"playtime":2021,"items_purged":["Strike_B","Strike_B","Strike_B"],"score":2490,"play_id":"1f9b12dc-7cd1-480a-9dae-2d620b5083ca","local_time":"20190428183734","daily_mods":["CTS - Bronze Difficulty","CTS - Boss Rush","Uncertain Future"],"is_ascension_mode":false,"campfire_choices":[{"floor":8,"key":"REST"},{"data":"Zap","floor":14,"key":"SMITH"}],"neow_cost":"","seed_source_timestamp":0,"circlet_count":0,"master_deck":["Strike_B","Defend_B","Defend_B","Defend_B","Defend_B+1","Zap+1","Dualcast+1","Doom and Gloom+1","Gash+1","Conserve Battery+1","Conserve Battery+1","strawberrySpire:AngeryBot+1","All For One+1","ReplaySort+1","Glacier+1","Hologram+1","Gash+1","Pot Of Greed+1","Pot Of Greed+1","Loop+1","Crystallizer+1","strawberrySpire:AngeryBot+1","Capacitor+1","jedi:forcepull+1","Pot Of Greed+1","Gash+1"],"relics":["Cracked Core","The Courier","Molten Egg 2","Toxic Egg 2","Frozen Egg 2","hubris:BottledRain","Orichalcum","Pen Nib","Grinning Jar","hubris:GrandSneckoEye","BargainBundle","Snack Pack","War Paint","Emotion Chip","Oddly Smooth Stone","aspiration:RitualDagger","Potion Belt","ReplayFunnel","conspire:DeflatedDodgeball","jedi:laserpointer","yuri:PortableGlitches","halation:BlackBeret"],"potions_floor_usage":[18,18,18],"damage_taken":[{"damage":32,"enemies":"The Guardian","floor":3,"turns":8},{"damage":0,"enemies":"Slime Boss","floor":4,"turns":5},{"damage":1,"enemies":"Hexaghost","floor":5,"turns":5},{"damage":0,"enemies":"Automaton","floor":9,"turns":6},{"damage":7,"enemies":"Champ","floor":10,"turns":7},{"damage":1,"enemies":"Collector","floor":11,"turns":4},{"damage":39,"enemies":"Awakened One","floor":15,"turns":7},{"damage":49,"enemies":"Donu and Deca","floor":16,"turns":6},{"damage":51,"enemies":"Time Eater","floor":17,"turns":10},{"damage":87,"enemies":"The Heart","floor":18,"turns":10}],"seed_played":"7135689889831427948","potions_obtained":[{"floor":3,"key":"FearPotion"},{"floor":9,"key":"Energy Potion"},{"floor":15,"key":"Swift Potion"},{"floor":18,"key":"FearPotion"}],"is_trial":true,"path_per_floor":["$","$","M","M","M","T","$","R","M","M","M","T","$","R","M","M","M","M",null],"character_chosen":"DEFECT","items_purchased":["Doom and Gloom+1","Gash+1","hubris:BottledRain","Conserve Battery+1","Conserve Battery+1","strawberrySpire:AngeryBot+1","All For One+1","ReplaySort+1","Glacier+1","Hologram+1","BargainBundle","Loop+1","Regen Potion","Block Potion","Snack Pack","Crystallizer+1","strawberrySpire:AngeryBot+1","jedi:forcepull+1","Potion Belt","ReplayFunnel"],"campfire_rested":1,"item_purchase_floors":[1,1,1,1,1,2,2,2,2,2,7,7,7,7,7,7,7,13,13,13],"current_hp_per_floor":[75,75,43,43,42,42,42,64,75,71,75,75,75,75,52,15,71,65],"gold":501,"neow_bonus":"","is_prod":false,"is_daily":false,"chose_seed":false,"campfire_upgraded":1,"win_rate":0,"timestamp":1556469454,"path_taken":["$","$","M","M","M","T","$","R","M","M","M","T","$","R","M","M","M","M"],"build_version":"2019-01-23","purchased_purges":3,"victory":true,"max_hp_per_floor":[75,75,75,75,75,75,75,75,75,75,75,75,75,75,75,75,75,75],"card_choices":[{"not_picked":["Genetic Algorithm+1","strawberrySpire:Adapter+1","ReplayTheSpireMod:Calculation Training+1"],"picked":"SKIP","floor":3},{"not_picked":["Leap+1","Fusion+1"],"picked":"Gash+1","floor":4},{"not_picked":["Sweeping Beam+1","Rip and Tear+1","hubris:Ukulele+1"],"picked":"SKIP","floor":5},{"not_picked":["jedi:BurstFrost+1","strawberrySpire:DataDump+1","Sweeping Beam+1"],"picked":"SKIP","floor":9},{"not_picked":["ReplayTheSpireMod:System Scan+1","Coolheaded+1"],"picked":"Capacitor+1","floor":10},{"not_picked":["jedi:BurstDark+1","jedi:reiji+1","Beam Cell+1"],"picked":"SKIP","floor":11},{"not_picked":["Leap+1","jedi:BurstLightning+1","Double Energy+1"],"picked":"SKIP","floor":15},{"not_picked":["Hologram+1","Darkness+1","Sweeping Beam+1"],"picked":"SKIP","floor":16},{"not_picked":["strawberrySpire:Adapter+1","Redo+1","Biased Cognition+1"],"picked":"SKIP","floor":17},{"not_picked":["Cold Snap+1","strawberrySpire:NeonFlight+1"],"picked":"Gash+1","floor":18}],"player_experience":449900,"relics_obtained":[{"floor":3,"key":"Orichalcum"},{"floor":4,"key":"Pen Nib"},{"floor":5,"key":"Grinning Jar"},{"floor":9,"key":"War Paint"},{"floor":10,"key":"Emotion Chip"},{"floor":11,"key":"Oddly Smooth Stone"},{"floor":15,"key":"conspire:DeflatedDodgeball"},{"floor":16,"key":"jedi:laserpointer"},{"floor":17,"key":"yuri:PortableGlitches"},{"floor":18,"key":"halation:BlackBeret"}],"event_choices":[],"is_beta":false,"boss_relics":[{"not_picked":["Replay:Cursed D8","jedi:paperlyon"],"picked":"hubris:GrandSneckoEye"},{"not_picked":["strawberrySpire:CapacitorDischarge","halation:Prosthetics"],"picked":"aspiration:RitualDagger"}],"items_purged_floors":[2,7,13],"is_endless":false,"potions_floor_spawned":[3,9,10,15,18],"ascension_level":0}