{"gold_per_floor":[13,32,32,44,44,44,74,74,74,104,37,52,52,64,64,166,166,185,202,215,227,197,230,230,255,255,255],"floor_reached":27,"playtime":1736,"items_purged":[],"score":329,"play_id":"50ae7ddb-7650-479e-beea-b5d6b9e5ecee","local_time":"20181216191929","is_ascension_mode":true,"campfire_choices":[{"data":"Double Tap","floor":6,"key":"SMITH"},{"data":"Bash","floor":8,"key":"SMITH"},{"floor":15,"key":"REST"},{"floor":24,"key":"REST"}],"neow_cost":"NO_GOLD","seed_source_timestamp":22167631033330,"circlet_count":0,"master_deck":["Strike_R","Strike_R","Strike_R","Strike_R","Defend_R","Defend_R","Defend_R","Defend_R","Bash+1","Double Tap+1","Headbutt","Carnage","Corruption","Headbutt","Heavy Blade","Shrug It Off","Immolate","Warcry","Demon Form","Headbutt+1","Ghostly Armor+1","Shockwave+1","Battle Trance","Fiend Fire","Flex"],"relics":["Burning Blood","Torii","StoneCalendar","Regal Pillow","Black Star","Question Card","Pantograph","Bag of Preparation","PreservedInsect","Vajra"],"potions_floor_usage":[20,20,23,23,23,25],"damage_taken":[{"damage":4,"enemies":"Jaw Worm","floor":1,"turns":4},{"damage":1,"enemies":"Cultist","floor":2,"turns":3},{"damage":0,"enemies":"2 Louse","floor":4,"turns":2},{"damage":45,"enemies":"Lagavulin","floor":7,"turns":7},{"damage":34,"enemies":"Gremlin Nob","floor":10,"turns":4},{"damage":0,"enemies":"Lots of Slimes","floor":12,"turns":1},{"damage":0,"enemies":"Exordium Thugs","floor":14,"turns":2},{"damage":2,"enemies":"Slime Boss","floor":16,"turns":7},{"damage":28,"enemies":"2 Thieves","floor":18,"turns":3},{"damage":0,"enemies":"Chosen","floor":19,"turns":4},{"damage":0,"enemies":"Snake Plant","floor":20,"turns":1},{"damage":30,"enemies":"Chosen and Byrds","floor":21,"turns":4},{"damage":29,"enemies":"Gremlin Leader","floor":23,"turns":6},{"damage":47,"enemies":"Slavers","floor":25,"turns":7},{"damage":21,"enemies":"Book of Stabbing","floor":27,"turns":2}],"seed_played":"8907973646864033197","potions_obtained":[{"floor":7,"key":"Energy Potion"},{"floor":10,"key":"FearPotion"},{"floor":19,"key":"Explosive Potion"},{"floor":22,"key":"EssenceOfSteel"},{"floor":22,"key":"AttackPotion"},{"floor":23,"key":"Explosive Potion"},{"floor":25,"key":"LiquidBronze"}],"is_trial":false,"path_per_floor":["M","M","?","M","$","R","E","R","T","E","$","M","$","M","R","B",null,"M","M","M","M","?","E","R","E","T","E"],"character_chosen":"IRONCLAD","items_purchased":["Immolate"],"campfire_rested":2,"item_purchase_floors":[11],"current_hp_per_floor":[80,80,80,80,80,80,41,41,41,13,13,19,19,25,64,68,77,55,61,67,43,43,20,59,18,18,0],"gold":255,"neow_bonus":"THREE_RARE_CARDS","is_prod":false,"is_daily":false,"chose_seed":false,"campfire_upgraded":2,"win_rate":0,"timestamp":1544984369,"path_taken":["M","M","?","M","?","R","E","R","T","E","$","M","$","M","R","BOSS","M","M","M","M","?","E","R","E","T","E"],"build_version":"2018-12-13","purchased_purges":0,"victory":false,"max_hp_per_floor":[80,80,80,80,80,80,80,80,80,80,80,80,80,80,80,80,80,80,80,80,80,80,80,80,80,80,80],"card_choices":[{"not_picked":["Offering","Barricade"],"picked":"Double Tap","floor":0},{"not_picked":["True Grit","Twin Strike"],"picked":"Headbutt","floor":1},{"not_picked":["Body Slam","Flex"],"picked":"Carnage","floor":2},{"not_picked":["Wild Strike","Blood for Blood"],"picked":"Headbutt","floor":4},{"not_picked":["Clash","Anger"],"picked":"Heavy Blade","floor":7},{"not_picked":["Heavy Blade","Second Wind"],"picked":"Shrug It Off","floor":10},{"not_picked":["Carnage","Wild Strike"],"picked":"Warcry","floor":12},{"not_picked":["Pommel Strike","Searing Blow","Heavy Blade"],"picked":"SKIP","floor":14},{"not_picked":["Impervious","Brutality"],"picked":"Demon Form","floor":16},{"not_picked":["Disarm","Body Slam+1"],"picked":"Headbutt+1","floor":18},{"not_picked":["Hemokinesis","Twin Strike"],"picked":"Ghostly Armor+1","floor":19},{"not_picked":["Body Slam","Armaments"],"picked":"Shockwave+1","floor":20},{"not_picked":["Fire Breathing","Anger"],"picked":"Battle Trance","floor":21},{"not_picked":["Clash","Warcry+1"],"picked":"Fiend Fire","floor":23},{"not_picked":["Heavy Blade","Body Slam","Burning Pact"],"picked":"Flex","floor":25}],"player_experience":359236,"relics_obtained":[{"floor":7,"key":"Torii"},{"floor":9,"key":"StoneCalendar"},{"floor":10,"key":"Regal Pillow"},{"floor":23,"key":"Question Card"},{"floor":23,"key":"Pantograph"},{"floor":25,"key":"Bag of Preparation"},{"floor":25,"key":"PreservedInsect"},{"floor":26,"key":"Vajra"}],"event_choices":[{"damage_healed":0,"gold_gain":0,"cards_transformed":["Strike_R"],"player_choice":"Transformed","damage_taken":0,"max_hp_gain":0,"max_hp_loss":0,"event_name":"Transmorgrifier","floor":3,"gold_loss":0,"cards_obtained":["Corruption"]},{"damage_healed":0,"gold_gain":0,"player_choice":"Bought 2 Potions","damage_taken":0,"max_hp_gain":0,"max_hp_loss":0,"event_name":"The Woman in Blue","floor":22,"gold_loss":0}],"is_beta":false,"boss_relics":[{"not_picked":["Coffee Dripper","Runic Dome"],"picked":"Black Star"}],"items_purged_floors":[],"is_endless":false,"potions_floor_spawned":[7,10,19,23,25],"killed_by":"Book of Stabbing","ascension_level":5}