{"gold_per_floor":[119,119,137,150,325,325,325,325,325,351,370,370,295,313,313,417,417,417,417,432,89,101,101,129,129,174,192,192,192,46,62,62,165,165,176,27,27,47,58,58],"floor_reached":40,"playtime":2062,"items_purged":["Doubt","Strike_B"],"score":426,"play_id":"12f66883-bf8d-49ef-80fe-cb130e2bec3b","local_time":"20190128193435","is_ascension_mode":true,"campfire_choices":[{"data":"Ball Lightning","floor":6,"key":"SMITH"},{"floor":8,"key":"REST"},{"data":"Tempest","floor":15,"key":"SMITH"},{"data":"Multi-Cast","floor":23,"key":"SMITH"},{"data":"Streamline","floor":25,"key":"SMITH"},{"data":"Streamline","floor":32,"key":"SMITH"}],"neow_cost":"NONE","seed_source_timestamp":431394172370028,"circlet_count":0,"master_deck":["Strike_B","Strike_B","Strike_B","Defend_B","Defend_B","Defend_B","Defend_B","Zap","Dualcast","Capacitor","Double Energy","Ball Lightning+1","Redo","Streamline+1","Tempest+1","Multi-Cast+1","Melter+1","Streamline+1","Darkness+1","Rebound+1","Buffer","Chill+1","Fusion+1","Sunder","Ball Lightning+1"],"relics":["Snecko Eye","Dream Catcher","Ornamental Fan","Oddly Smooth Stone","Nuclear Battery","Toxic Egg 2","Orichalcum","Bronze Scales","Boot","Velvet Choker"],"potions_floor_usage":[10,16,16,18,24,24,33,40,40],"damage_taken":[{"damage":11,"enemies":"Jaw Worm","floor":1,"turns":2},{"damage":1,"enemies":"Cultist","floor":3,"turns":3},{"damage":1,"enemies":"2 Louse","floor":4,"turns":2},{"damage":35,"enemies":"Gremlin Nob","floor":10,"turns":5},{"damage":1,"enemies":"Blue Slaver","floor":11,"turns":3},{"damage":4,"enemies":"Looter","floor":14,"turns":2},{"damage":46,"enemies":"Hexaghost","floor":16,"turns":8},{"damage":0,"enemies":"2 Thieves","floor":18,"turns":1},{"damage":0,"enemies":"Spheric Guardian","floor":20,"turns":2},{"damage":15,"enemies":"Snake Plant","floor":22,"turns":2},{"damage":23,"enemies":"Book of Stabbing","floor":24,"turns":4},{"damage":5,"enemies":"Shelled Parasite and Fungi","floor":27,"turns":3},{"damage":6,"enemies":"Centurion and Healer","floor":31,"turns":5},{"damage":28,"enemies":"Champ","floor":33,"turns":9},{"damage":8,"enemies":"3 Shapes","floor":35,"turns":4},{"damage":52,"enemies":"3 Darklings","floor":38,"turns":4},{"damage":10,"enemies":"Spire Growth","floor":39,"turns":3},{"damage":16,"enemies":"Reptomancer","floor":40,"turns":2}],"seed_played":"-8208895691278487387","potions_obtained":[{"floor":1,"key":"GamblersBrew"},{"floor":2,"key":"Ancient Potion"},{"floor":2,"key":"Swift Potion"},{"floor":2,"key":"SmokeBomb"},{"floor":11,"key":"Ancient Potion"},{"floor":16,"key":"Swift Potion"},{"floor":22,"key":"LiquidBronze"},{"floor":24,"key":"SkillPotion"},{"floor":27,"key":"Energy Potion"},{"floor":31,"key":"SteroidPotion"},{"floor":35,"key":"EssenceOfSteel"}],"is_trial":false,"path_per_floor":["M","?","M","M","?","R","?","R","T","E","M","?","$","M","R","B",null,"M","?","M","$","M","R","E","R","T","M","?","?","$","M","R","B",null,"M","$","$","M","M","E"],"character_chosen":"DEFECT","items_purchased":["Toxic Egg 2","Boot","Fusion+1","Sunder"],"campfire_rested":1,"item_purchase_floors":[21,30,36,36],"current_hp_per_floor":[64,64,63,62,62,62,50,72,72,37,36,61,61,57,57,11,75,75,75,75,75,60,60,37,37,37,32,57,57,57,51,51,23,75,67,67,67,15,5,0],"gold":58,"neow_bonus":"BOSS_RELIC","is_prod":false,"is_daily":false,"chose_seed":false,"campfire_upgraded":5,"win_rate":0,"timestamp":1548700475,"path_taken":["M","?","M","?","?","R","?","R","T","E","M","?","?","M","R","BOSS","M","?","?","$","M","R","E","R","T","M","?","?","?","M","R","BOSS","M","?","$","?","M","E"],"build_version":"2019-01-23","purchased_purges":2,"victory":false,"max_hp_per_floor":[75,75,75,75,75,75,75,75,75,75,75,75,75,75,75,75,75,75,75,75,75,75,75,75,75,75,75,75,75,75,75,75,75,75,75,75,75,75,75,75],"card_choices":[{"not_picked":["Steam","Go for the Eyes"],"picked":"Capacitor","floor":1},{"not_picked":["Gash","Self Repair"],"picked":"Double Energy","floor":3},{"not_picked":["Hologram","Stack"],"picked":"Ball Lightning","floor":4},{"not_picked":["Barrage","Recycle"],"picked":"Redo","floor":8},{"not_picked":["Fission","Chill","Beam Cell"],"picked":"SKIP","floor":10},{"not_picked":["Auto Shields","Rebound"],"picked":"Streamline","floor":11},{"not_picked":["Storm","Gash"],"picked":"Tempest","floor":14},{"not_picked":["Buffer","Fission"],"picked":"Multi-Cast","floor":16},{"not_picked":["Barrage","Beam Cell","Self Repair"],"picked":"SKIP","floor":20},{"not_picked":["Turbo+1","Skim+1"],"picked":"Melter+1","floor":22},{"not_picked":["Gash","BootSequence+1"],"picked":"Streamline","floor":24},{"not_picked":["Reinforced Body+1","Loop"],"picked":"Darkness+1","floor":27},{"not_picked":["Hello World","Steam+1"],"picked":"Rebound+1","floor":31},{"not_picked":["Seek+1","Thunder Strike"],"picked":"Buffer","floor":33},{"not_picked":["Coolheaded+1","Go for the Eyes"],"picked":"Chill+1","floor":35},{"not_picked":["Self Repair+1","Undo+1","Barrage+1"],"picked":"SKIP","floor":38},{"not_picked":["Force Field+1","Recycle+1"],"picked":"Ball Lightning+1","floor":39}],"player_experience":128019,"relics_obtained":[{"floor":9,"key":"Ornamental Fan"},{"floor":10,"key":"Oddly Smooth Stone"},{"floor":24,"key":"Orichalcum"},{"floor":26,"key":"Bronze Scales"}],"event_choices":[{"damage_healed":0,"gold_gain":0,"player_choice":"Got Potions","damage_taken":0,"max_hp_gain":0,"max_hp_loss":0,"event_name":"Lab","floor":2,"gold_loss":0},{"damage_healed":0,"gold_gain":175,"player_choice":"AGREE","damage_taken":0,"max_hp_gain":0,"max_hp_loss":0,"event_name":"Liars Game","floor":5,"gold_loss":0,"cards_obtained":["Doubt"]},{"damage_healed":0,"gold_gain":0,"player_choice":"Success","damage_taken":12,"relics_obtained":["Dream Catcher"],"max_hp_gain":0,"max_hp_loss":0,"event_name":"Scrap Ooze","floor":7,"gold_loss":0},{"damage_healed":25,"gold_gain":0,"player_choice":"Banana","damage_taken":0,"max_hp_gain":0,"max_hp_loss":0,"event_name":"Big Fish","floor":12,"gold_loss":0},{"damage_healed":0,"gold_gain":0,"player_choice":"0 cards matched","damage_taken":0,"max_hp_gain":0,"max_hp_loss":0,"event_name":"Match and Keep!","floor":19,"gold_loss":0,"cards_obtained":[]},{"damage_healed":25,"gold_gain":0,"player_choice":"Heal","damage_taken":0,"max_hp_gain":0,"max_hp_loss":0,"event_name":"The Library","floor":28,"gold_loss":0},{"damage_healed":0,"gold_gain":0,"player_choice":"Ignored","damage_taken":0,"max_hp_gain":0,"max_hp_loss":0,"event_name":"Ghosts","floor":29,"gold_loss":0}],"is_beta":false,"boss_relics":[{"not_picked":["Lizard Tail","Tiny House"],"picked":"Nuclear Battery"},{"not_picked":["Busted Crown","Orrery"],"picked":"Velvet Choker"}],"items_purged_floors":[13,21],"is_endless":false,"potions_floor_spawned":[1,3,11,16,22,24,27,31,35],"killed_by":"Reptomancer","ascension_level":1}