{"gold_per_floor":[118,118,133,133,150,150,18,48,128,53,67,67,135,147,147,242,242,255,275,295,295,157,157,157,157,182,182,193,193,207,207],"floor_reached":31,"playtime":1495,"items_purged":["Defend_B","Strike_B"],"score":376,"play_id":"38aae2cd-c20a-4496-b9d6-587b8488f5fc","local_time":"20181103014518","is_ascension_mode":true,"campfire_choices":[{"data":"Echo Form","floor":6,"key":"SMITH"},{"floor":12,"key":"REST"},{"data":"Echo Form","floor":15,"key":"SMITH"},{"floor":23,"key":"REST"},{"data":"RitualDagger","floor":25,"key":"SMITH"},{"floor":29,"key":"REST"}],"neow_cost":"NONE","seed_source_timestamp":256627485465454,"circlet_count":0,"master_deck":["AscendersBane","Strike_B","Strike_B","Defend_B","Defend_B","Defend_B","Zap","Dualcast","Echo Form+1","Go for the Eyes","Conserve Battery","Ball Lightning","Seek","Capacitor","Echo Form+1","Leap","Creative AI","Self Repair","Doom and Gloom","Buffer","RitualDagger+1","Undo","Necronomicurse","Ball Lightning"],"relics":["FrozenCore","Boot","Symbiotic Virus","Blue Candle","Blood Vial","Necronomicon"],"potions_floor_usage":[8,8,16,28,28],"damage_taken":[{"damage":7,"enemies":"Jaw Worm","floor":1,"turns":4},{"damage":0,"enemies":"Cultist","floor":3,"turns":4},{"damage":7,"enemies":"Small Slimes","floor":5,"turns":3},{"damage":18,"enemies":"Gremlin Nob","floor":8,"turns":5},{"damage":7,"enemies":"3 Louse","floor":11,"turns":3},{"damage":9,"enemies":"Large Slime","floor":14,"turns":5},{"damage":25,"enemies":"Hexaghost","floor":16,"turns":11},{"damage":9,"enemies":"3 Byrds","floor":18,"turns":5},{"damage":16,"enemies":"Spheric Guardian","floor":19,"turns":5},{"damage":31,"enemies":"Snecko","floor":20,"turns":6},{"damage":29,"enemies":"Snake Plant","floor":28,"turns":8},{"damage":35,"enemies":"Shelled Parasite and Fungi","floor":30,"turns":5},{"damage":10,"enemies":"Sentry and Sphere","floor":31,"turns":5}],"seed_played":"-8094858007575154676","potions_obtained":[{"floor":1,"key":"SteroidPotion"},{"floor":5,"key":"PowerPotion"},{"floor":14,"key":"Poison Potion"},{"floor":19,"key":"SpeedPotion"},{"floor":20,"key":"Swift Potion"}],"is_trial":false,"path_per_floor":["M","?","M","$","M","R","$","E","T","$","M","R","T","M","R","B",null,"M","M","M","?","$","R","?","R","T","?","M","R","M","M"],"character_chosen":"DEFECT","items_purchased":["Capacitor","Dexterity Potion","Undo"],"campfire_rested":3,"item_purchase_floors":[7,7,22],"current_hp_per_floor":[61,61,61,61,54,54,54,36,36,36,29,51,51,42,42,17,61,52,43,19,13,13,35,60,60,60,44,17,39,6,0],"gold":207,"neow_bonus":"ONE_RANDOM_RARE_CARD","is_prod":false,"is_daily":false,"chose_seed":false,"campfire_upgraded":3,"win_rate":0,"timestamp":1541180718,"path_taken":["M","?","?","$","?","R","?","E","T","$","M","R","?","M","R","BOSS","M","M","M","?","$","R","?","R","T","?","M","R","M","M"],"build_version":"2018-11-01","purchased_purges":2,"victory":false,"max_hp_per_floor":[75,75,75,75,75,75,75,75,75,75,75,75,75,75,75,75,75,75,75,75,75,75,75,75,75,75,75,75,75,75,75],"card_choices":[{"not_picked":["Recycle","Redo"],"picked":"Go for the Eyes","floor":1},{"not_picked":["Fusion","Steam"],"picked":"Ball Lightning","floor":3},{"not_picked":["Chill","Compile Driver"],"picked":"Seek","floor":5},{"not_picked":["Loop","Ball Lightning"],"picked":"Echo Form","floor":8},{"not_picked":["Beam Cell","Steam"],"picked":"Leap","floor":11},{"not_picked":["All For One","Steam","Blizzard"],"picked":"SKIP","floor":14},{"not_picked":["Meteor Strike","Multi-Cast"],"picked":"Creative AI","floor":16},{"not_picked":["Stack","Turbo"],"picked":"Self Repair","floor":18},{"not_picked":["Go for the Eyes","Aggregate"],"picked":"Doom and Gloom","floor":19},{"not_picked":["Lockon","Auto Shields"],"picked":"Buffer","floor":20},{"not_picked":["Sweeping Beam","Redo"],"picked":"Ball Lightning","floor":28},{"not_picked":["Turbo","Barrage","Hello World"],"picked":"SKIP","floor":30}],"player_experience":431162,"relics_obtained":[{"floor":8,"key":"Boot"},{"floor":9,"key":"Symbiotic Virus"},{"floor":13,"key":"Blue Candle"},{"floor":26,"key":"Blood Vial"},{"floor":27,"key":"Necronomicon"}],"event_choices":[{"damage_healed":0,"gold_gain":0,"cards_transformed":["Strike_B"],"player_choice":"Transformed","damage_taken":0,"max_hp_gain":0,"max_hp_loss":0,"event_name":"Transmorgrifier","floor":2,"gold_loss":0,"cards_obtained":["Conserve Battery"]},{"damage_healed":0,"gold_gain":0,"player_choice":"Joined the Cult","damage_taken":6,"max_hp_gain":0,"max_hp_loss":0,"event_name":"Nest","floor":21,"gold_loss":0,"cards_obtained":["RitualDagger"]},{"damage_healed":25,"gold_gain":0,"player_choice":"Heal","damage_taken":0,"max_hp_gain":0,"max_hp_loss":0,"event_name":"The Library","floor":24,"gold_loss":0},{"damage_healed":0,"gold_gain":0,"player_choice":"Obtained Book","damage_taken":16,"max_hp_gain":0,"max_hp_loss":0,"event_name":"Cursed Tome","floor":27,"gold_loss":0}],"is_beta":false,"boss_relics":[{"not_picked":["Ectoplasm","Busted Crown"],"picked":"FrozenCore"}],"items_purged_floors":[10,22],"is_endless":false,"potions_floor_spawned":[1,5,14,19,20],"killed_by":"Sentry and Sphere","ascension_level":12}