{"gold_per_floor":[10,10,28,103,19,48,48,48,72,72],"floor_reached":10,"playtime":226,"items_purged":[],"score":128,"play_id":"abde6937-e18a-47da-b405-3bde645f58bf","local_time":"20190430192348","is_ascension_mode":true,"campfire_choices":[{"floor":7,"key":"REST"}],"neow_cost":"NO_GOLD","seed_source_timestamp":3739135506333343,"circlet_count":0,"master_deck":["AscendersBane","Strike_R","Strike_R","Strike_R","Strike_R","Defend_R","Defend_R","Defend_R","Defend_R","Bash","Discovery","Finesse","Body Slam+1","Clothesline","Disarm","Iron Wave"],"special_seed":0,"relics":["Burning Blood","Boot","Happy Flower"],"potions_floor_usage":[6],"damage_taken":[{"damage":1,"enemies":"2 Louse","floor":1,"turns":3},{"damage":3,"enemies":"Small Slimes","floor":3,"turns":4},{"damage":52,"enemies":"Lagavulin","floor":6,"turns":7},{"damage":41,"enemies":"Gremlin Nob","floor":10,"turns":4}],"seed_played":"2110658818221586548","potions_obtained":[{"floor":3,"key":"Poison Potion"}],"is_trial":false,"path_per_floor":["M","?","M","?","$","E","R","?","T","E"],"character_chosen":"IRONCLAD","items_purchased":["Disarm"],"campfire_rested":1,"item_purchase_floors":[5],"current_hp_per_floor":[73,66,69,58,58,12,34,34,34,0],"gold":72,"neow_bonus":"RANDOM_COLORLESS_2","is_prod":false,"is_daily":false,"chose_seed":false,"campfire_upgraded":0,"win_rate":0,"timestamp":1556648628,"path_taken":["M","?","M","?","$","E","R","?","T","E"],"build_version":"2019-01-23","purchased_purges":0,"victory":false,"max_hp_per_floor":[75,75,75,75,75,75,75,75,75,75],"card_choices":[{"not_picked":["Burning Pact","Flex"],"picked":"Body Slam","floor":1},{"not_picked":["Heavy Blade","Pummel"],"picked":"Clothesline","floor":3},{"not_picked":["Cleave","Rage"],"picked":"Iron Wave","floor":6}],"player_experience":746287,"relics_obtained":[{"floor":6,"key":"Boot"},{"floor":9,"key":"Happy Flower"}],"event_choices":[{"cards_removed":["Strike_R"],"damage_healed":0,"gold_gain":0,"player_choice":"Card Removal","damage_taken":7,"max_hp_gain":0,"max_hp_loss":0,"event_name":"Golden Wing","floor":2,"gold_loss":0},{"damage_healed":0,"gold_gain":75,"player_choice":"Gather Gold","damage_taken":11,"max_hp_gain":0,"max_hp_loss":0,"event_name":"World of Goop","floor":4,"gold_loss":0},{"damage_healed":0,"gold_gain":0,"player_choice":"Grow","damage_taken":0,"max_hp_gain":0,"max_hp_loss":0,"event_name":"Living Wall","floor":8,"gold_loss":0,"cards_upgraded":["Body Slam"]}],"is_beta":false,"boss_relics":[],"items_purged_floors":[],"is_endless":false,"potions_floor_spawned":[3],"killed_by":"Gremlin Nob","ascension_level":20}