{"gold_per_floor":[109,109,184,197,53,53,53,53,77,77,89,106,137,147,147,147],"floor_reached":16,"playtime":437,"items_purged":[],"score":150,"play_id":"57b5f2da-611b-4df3-b2c5-4f31184091f7","local_time":"20180929121955","is_ascension_mode":true,"campfire_choices":[{"data":"True Grit","floor":6,"key":"SMITH"},{"data":"Bash","floor":8,"key":"SMITH"},{"data":"Spot Weakness","floor":10,"key":"SMITH"},{"floor":15,"key":"REST"}],"neow_cost":"NONE","seed_source_timestamp":427558551044603,"circlet_count":0,"master_deck":["Strike_R","Strike_R","Strike_R","Strike_R","Strike_R","Defend_R","Defend_R+1","Defend_R","Defend_R","Bash+1","AscendersBane","Pummel","True Grit+1","Metallicize+1","Spot Weakness+1","Pommel Strike","Whirlwind","Reaper"],"relics":["Burning Blood","Potion Belt","Omamori"],"potions_floor_usage":[13,13],"damage_taken":[{"damage":7,"enemies":"Jaw Worm","floor":1,"turns":4},{"damage":1,"enemies":"2 Louse","floor":4,"turns":3},{"damage":0,"enemies":"Cultist","floor":11,"turns":3},{"damage":20,"enemies":"Lots of Slimes","floor":12,"turns":6},{"damage":40,"enemies":"3 Sentries","floor":13,"turns":6},{"damage":2,"enemies":"Looter","floor":14,"turns":3},{"damage":51,"enemies":"Slime Boss","floor":16,"turns":7}],"seed_played":"-2268508133632979715","potions_obtained":[{"floor":1,"key":"GamblersBrew"},{"floor":4,"key":"Dexterity Potion"}],"is_trial":false,"path_per_floor":["M","?","?","M","$","R","?","R","T","R","M","M","E","M","R"],"character_chosen":"IRONCLAD","items_purchased":["Metallicize","Spot Weakness"],"campfire_rested":1,"item_purchase_floors":[5,5],"current_hp_per_floor":[79,79,68,73,73,73,55,55,55,55,61,47,13,25,51,0],"gold":147,"neow_bonus":"TEN_PERCENT_HP_BONUS","is_prod":false,"is_daily":false,"chose_seed":false,"campfire_upgraded":3,"win_rate":0,"timestamp":1538194795,"path_taken":["M","?","?","?","$","R","?","R","T","R","M","M","E","?","R","BOSS"],"build_version":"2018-09-27","purchased_purges":0,"victory":false,"max_hp_per_floor":[88,88,88,88,88,88,88,88,88,88,88,88,88,88,88,88],"card_choices":[{"not_picked":["Power Through","Wild Strike"],"picked":"Pummel","floor":1},{"not_picked":["Wild Strike","Dual Wield"],"picked":"True Grit","floor":4},{"not_picked":["Anger","Sword Boomerang"],"picked":"Pommel Strike","floor":11},{"not_picked":["Pommel Strike","Twin Strike"],"picked":"Whirlwind","floor":12},{"not_picked":["Burning Pact","Dual Wield"],"picked":"Reaper","floor":13},{"not_picked":["Havoc","Headbutt","Thunderclap"],"picked":"SKIP","floor":14}],"player_experience":383884,"relics_obtained":[{"floor":9,"key":"Potion Belt"},{"floor":13,"key":"Omamori"}],"event_choices":[{"event_name":"Liars Game","player_choice":"disagreed","floor":2,"damage_taken":0},{"event_name":"World of Goop","player_choice":"Gather Gold","floor":3,"damage_taken":0},{"event_name":"Shining Light","player_choice":"Entered Light","floor":7,"damage_taken":0}],"is_beta":false,"boss_relics":[],"items_purged_floors":[],"is_endless":false,"potions_floor_spawned":[1,4],"killed_by":"Slime Boss","ascension_level":10}