{"gold_per_floor":[112,128,128,53,8,8,25,50,75,108,123,137,157,174,174,271,271,281,295,295,295,305,330,345,345,368,384,397,397,397,426,426,522,522,534,545,545,556,25,25,37,37,37,54,73,73,73,73,73,73],"floor_reached":51,"playtime":1231,"items_purged":["Defend_R","Defend_R"],"score":803,"play_id":"dc862b9d-9719-4ae8-be2c-6579504df43f","local_time":"20190322200217","is_ascension_mode":false,"campfire_choices":[{"data":"Immolate","floor":6,"key":"SMITH"},{"data":"Immolate","floor":15,"key":"SMITH"},{"floor":25,"key":"REST"},{"floor":32,"key":"REST"},{"floor":40,"key":"REST"},{"floor":42,"key":"REST"},{"floor":46,"key":"REST"},{"floor":49,"key":"REST"}],"neow_cost":"PERCENT_DAMAGE","seed_source_timestamp":107051832820691,"circlet_count":0,"master_deck":["Strike_R","Strike_R","Strike_R","Strike_R","Strike_R+1","Bash","Immolate+1","Spot Weakness","Clash","Pummel+1","Thunderclap","Seeing Red","Heavy Blade","Immolate+1","Clash","Warcry+1","Dual Wield+1","Reaper","Sword Boomerang","Flex+1","Writhe","True Grit+1","Battle Trance+1","Burning Pact+1","Demon Form","Shockwave+1","PanicButton+1"],"relics":["Burning Blood","Potion Belt","Whetstone","Toxic Egg 2","Fusion Hammer","MutagenicStrength","Art of War","Letter Opener","Vajra","Pantograph","White Beast Statue","Brimstone","Anchor","Singing Bowl"],"potions_floor_usage":[18,23,23,31,35,37,38,50,50,50],"damage_taken":[{"damage":6,"enemies":"2 Louse","floor":1,"turns":3},{"damage":6,"enemies":"Cultist","floor":2,"turns":3},{"damage":11,"enemies":"Jaw Worm","floor":7,"turns":2},{"damage":6,"enemies":"Gremlin Nob","floor":8,"turns":3},{"damage":0,"enemies":"3 Sentries","floor":10,"turns":2},{"damage":10,"enemies":"Looter","floor":11,"turns":2},{"damage":8,"enemies":"Exordium Wildlife","floor":12,"turns":2},{"damage":10,"enemies":"Exordium Thugs","floor":13,"turns":2},{"damage":0,"enemies":"Looter","floor":14,"turns":1},{"damage":0,"enemies":"Slime Boss","floor":16,"turns":3},{"damage":10,"enemies":"Chosen","floor":18,"turns":3},{"damage":10,"enemies":"3 Byrds","floor":19,"turns":3},{"damage":33,"enemies":"Shelled Parasite and Fungi","floor":22,"turns":3},{"damage":33,"enemies":"Book of Stabbing","floor":23,"turns":3},{"damage":1,"enemies":"Cultist and Chosen","floor":24,"turns":2},{"damage":16,"enemies":"Snake Plant","floor":27,"turns":3},{"damage":23,"enemies":"Centurion and Healer","floor":28,"turns":3},{"damage":0,"enemies":"Slavers","floor":31,"turns":1},{"damage":25,"enemies":"Automaton","floor":33,"turns":6},{"damage":0,"enemies":"3 Darklings","floor":35,"turns":2},{"damage":28,"enemies":"Orb Walker","floor":36,"turns":3},{"damage":18,"enemies":"Sphere and 2 Shapes","floor":38,"turns":3},{"damage":21,"enemies":"Maw","floor":41,"turns":5},{"damage":0,"enemies":"Writhing Mass","floor":44,"turns":3},{"damage":17,"enemies":"Sphere and 2 Shapes","floor":45,"turns":3},{"damage":155,"enemies":"Awakened One","floor":50,"turns":7}],"seed_played":"4589264300780988190","potions_obtained":[{"floor":7,"key":"Swift Potion"},{"floor":8,"key":"SneckoOil"},{"floor":13,"key":"FearPotion"},{"floor":14,"key":"Regen Potion"},{"floor":16,"key":"Dexterity Potion"},{"floor":18,"key":"Fruit Juice"},{"floor":22,"key":"FearPotion"},{"floor":24,"key":"BloodPotion"},{"floor":27,"key":"FearPotion"},{"floor":28,"key":"AttackPotion"},{"floor":35,"key":"Poison Potion"},{"floor":36,"key":"Regen Potion"},{"floor":37,"key":"Fruit Juice"},{"floor":37,"key":"FairyPotion"},{"floor":38,"key":"Dexterity Potion"},{"floor":41,"key":"GamblersBrew"},{"floor":44,"key":"PowerPotion"}],"is_trial":false,"path_per_floor":["M","M","?","$","$","R","M","E","T","E","M","M","M","M","R","B",null,"M","M","?","?","M","E","M","R","T","M","M","$","?","E","R","B",null,"M","M","?","M","$","R","M","R","T","M","M","R","?","?","R","B",null],"character_chosen":"IRONCLAD","items_purchased":["Thunderclap","Brimstone","PanicButton+1","Anchor"],"campfire_rested":6,"item_purchase_floors":[5,39,39,39],"current_hp_per_floor":[56,56,56,56,56,56,51,51,51,57,53,51,47,53,53,59,80,85,81,81,81,54,42,55,80,80,74,73,73,57,63,90,71,90,90,68,73,61,61,89,80,95,95,97,88,99,99,94,94,15],"gold":73,"neow_bonus":"THREE_RARE_CARDS","is_prod":false,"is_daily":false,"chose_seed":false,"campfire_upgraded":2,"win_rate":0,"timestamp":1553281337,"path_taken":["M","M","?","?","$","R","?","E","T","E","M","M","M","M","R","BOSS","M","M","?","?","M","E","M","R","T","?","M","$","?","E","R","BOSS","M","M","?","M","?","R","M","R","T","?","M","R","?","?","R","BOSS"],"build_version":"2019-01-23","purchased_purges":2,"victory":true,"max_hp_per_floor":[80,80,80,80,80,80,80,80,80,80,80,80,80,80,80,80,80,85,85,85,85,85,85,85,85,85,85,85,85,90,90,90,90,90,90,90,95,95,95,95,95,95,95,97,99,99,99,94,94,94],"card_choices":[{"not_picked":["Demon Form","Offering"],"picked":"Immolate","floor":0},{"not_picked":["Warcry","Combust"],"picked":"Spot Weakness","floor":1},{"not_picked":["Spot Weakness","Rage"],"picked":"Clash","floor":2},{"not_picked":["Power Through","Warcry"],"picked":"Seeing Red","floor":7},{"not_picked":["True Grit","Havoc"],"picked":"Heavy Blade","floor":8},{"not_picked":["Cleave","Battle Trance"],"picked":"Immolate","floor":10},{"not_picked":["Fire Breathing","Clothesline"],"picked":"Clash","floor":11},{"not_picked":["Wild Strike","Ghostly Armor+1","Metallicize"],"picked":"SKIP","floor":12},{"not_picked":["Shrug It Off+1","Carnage"],"picked":"Warcry+1","floor":13},{"not_picked":["Sever Soul","Fiend Fire"],"picked":"Dual Wield+1","floor":14},{"not_picked":["Offering+1","Dark Embrace"],"picked":"Reaper","floor":16},{"not_picked":["Thunderclap+1","Metallicize"],"picked":"Sword Boomerang","floor":18},{"not_picked":["Clash","Limit Break+1"],"picked":"Flex+1","floor":19},{"not_picked":["Power Through+1","Pommel Strike","Cleave"],"picked":"SKIP","floor":22},{"not_picked":["Heavy Blade","Rupture+1"],"picked":"True Grit+1","floor":23},{"not_picked":["Thunderclap","True Grit+1"],"picked":"Battle Trance+1","floor":24},{"not_picked":["Flex+1","Rage+1"],"picked":"Burning Pact+1","floor":27},{"not_picked":["Iron Wave+1","Sentinel+1","Twin Strike"],"picked":"SKIP","floor":28},{"not_picked":["Immolate","Twin Strike+1","Thunderclap"],"picked":"SKIP","floor":31},{"not_picked":["Feed","Offering+1"],"picked":"Demon Form","floor":33},{"not_picked":["Evolve+1","Iron Wave+1"],"picked":"Shockwave+1","floor":35},{"not_picked":["Cleave+1","Uppercut+1","Clash+1"],"picked":"SKIP","floor":36},{"not_picked":["Searing Blow","Twin Strike+1","Headbutt"],"picked":"SKIP","floor":38},{"not_picked":["Clothesline","Warcry+1","Inflame"],"picked":"SKIP","floor":41},{"not_picked":["Anger","Fire Breathing","Searing Blow"],"picked":"Singing Bowl","floor":44},{"not_picked":["Searing Blow+1","Iron Wave","Headbutt+1"],"picked":"Singing Bowl","floor":45}],"player_experience":267291,"relics_obtained":[{"floor":8,"key":"Potion Belt"},{"floor":9,"key":"Whetstone"},{"floor":10,"key":"Toxic Egg 2"},{"floor":23,"key":"Letter Opener"},{"floor":26,"key":"Vajra"},{"floor":31,"key":"Pantograph"},{"floor":43,"key":"Singing Bowl"}],"event_choices":[{"damage_healed":0,"gold_gain":0,"cards_transformed":["Defend_R"],"player_choice":"Transformed","damage_taken":0,"max_hp_gain":0,"max_hp_loss":0,"event_name":"Transmorgrifier","floor":3,"gold_loss":0,"cards_obtained":["Pummel"]},{"damage_healed":0,"gold_gain":0,"player_choice":"Inject Mutagens","damage_taken":0,"relics_obtained":["MutagenicStrength"],"max_hp_gain":0,"max_hp_loss":0,"event_name":"Drug Dealer","floor":20,"gold_loss":0},{"damage_healed":0,"gold_gain":0,"player_choice":"Opened","damage_taken":0,"relics_obtained":["Art of War"],"max_hp_gain":0,"max_hp_loss":0,"event_name":"The Mausoleum","floor":21,"gold_loss":0,"cards_obtained":["Writhe"]},{"damage_healed":0,"gold_gain":0,"player_choice":"Shed Blood","damage_taken":21,"max_hp_gain":5,"max_hp_loss":0,"event_name":"Forgotten Altar","floor":30,"gold_loss":0},{"damage_healed":0,"gold_gain":0,"player_choice":"Got Potions","damage_taken":0,"max_hp_gain":0,"max_hp_loss":0,"event_name":"Lab","floor":37,"gold_loss":0},{"cards_removed":["Defend_R"],"damage_healed":0,"gold_gain":0,"player_choice":"Removed Skill","damage_taken":0,"max_hp_gain":0,"max_hp_loss":0,"event_name":"Falling","floor":47,"gold_loss":0},{"damage_healed":0,"gold_gain":0,"player_choice":"Max HP","damage_taken":0,"max_hp_gain":0,"max_hp_loss":5,"event_name":"Winding Halls","floor":48,"gold_loss":0}],"is_beta":false,"boss_relics":[{"not_picked":["Coffee Dripper","Runic Pyramid"],"picked":"Fusion Hammer"},{"not_picked":["Philosopher\u0027s Stone","Pandora\u0027s Box"],"picked":"White Beast Statue"}],"items_purged_floors":[4,39],"is_endless":false,"potions_floor_spawned":[7,8,13,14,16,18,22,24,27,28,35,36,38,41,44,45],"ascension_level":0}