{"gold_per_floor":[119,135,135,154,173,200,200,200],"floor_reached":8,"playtime":464,"items_purged":[],"score":78,"play_id":"bc4b7b6e-be35-49a2-bdf0-bbadb16bead1","local_time":"20190413122133","is_ascension_mode":true,"campfire_choices":[{"floor":7,"key":"REST"}],"neow_cost":"NONE","seed_source_timestamp":10080908805045,"circlet_count":0,"master_deck":["Defend_G","Defend_G","Defend_G+1","Defend_G","Defend_G","Strike_G","Strike_G+1","Strike_G","Strike_G","Strike_G","Survivor","Neutralize","Caltrops","Deadly Poison","PiercingWail","Blade Dance","Outmaneuver"],"special_seed":0,"relics":["Ring of the Snake","Dream Catcher","Vajra"],"potions_floor_usage":[],"damage_taken":[{"damage":0.0,"enemies":"2 Louse","floor":1.0,"turns":3.0},{"damage":0.0,"enemies":"Jaw Worm","floor":2.0,"turns":6.0},{"damage":10.0,"enemies":"Small Slimes","floor":4.0,"turns":5.0},{"damage":15.0,"enemies":"Exordium Thugs","floor":5.0,"turns":9.0},{"damage":19.0,"enemies":"Lagavulin","floor":6.0,"turns":8.0},{"damage":34,"enemies":"Gremlin Nob","floor":8,"turns":3}],"seed_played":"4243224954396325629","potions_obtained":[{"floor":1.0,"key":"Block Potion"},{"floor":4.0,"key":"SpeedPotion"},{"floor":5.0,"key":"Energy Potion"}],"is_trial":false,"path_per_floor":["M","M","?","M","M","E","R","E"],"character_chosen":"THE_SILENT","items_purchased":[],"campfire_rested":1,"item_purchase_floors":[],"current_hp_per_floor":[63,63,49,39,24,5,26,0],"gold":200,"neow_bonus":"RANDOM_COMMON_RELIC","is_prod":false,"is_daily":false,"chose_seed":false,"campfire_upgraded":0,"win_rate":0,"timestamp":1555150893,"path_taken":["M","M","?","M","M","E","R","E"],"build_version":"2019-01-23","purchased_purges":0,"victory":false,"max_hp_per_floor":[70,70,70,70,70,70,70,70],"card_choices":[{"not_picked":["Quick Slash","Calculated Gamble"],"picked":"Caltrops","floor":1.0},{"not_picked":["Masterful Stab","Quick Slash"],"picked":"Deadly Poison","floor":2.0},{"not_picked":["Blur","Terror"],"picked":"PiercingWail","floor":4.0},{"not_picked":["Slice","Eviscerate","Cloak And Dagger"],"picked":"SKIP","floor":5.0},{"not_picked":["Envenom","Outmaneuver"],"picked":"Blade Dance","floor":6.0},{"not_picked":["Cloak And Dagger","Bane"],"picked":"Outmaneuver","floor":7}],"player_experience":293317,"relics_obtained":[{"floor":6.0,"key":"Vajra"}],"event_choices":[{"damage_healed":0.0,"max_hp_gain":0.0,"max_hp_loss":0.0,"gold_gain":0.0,"event_name":"Shining Light","player_choice":"Entered Light","floor":3.0,"gold_loss":0.0,"damage_taken":14.0,"cards_upgraded":["Strike_G","Defend_G"]}],"is_beta":false,"boss_relics":[],"items_purged_floors":[],"is_endless":false,"potions_floor_spawned":[1,4,5],"killed_by":"Gremlin Nob","ascension_level":7}