{"gold_per_floor":[112,34,309,69,88,88,99,99,125,50,50,85,102,120,120,218,218,238,138,155,166,166,166,176,176],"floor_reached":25,"playtime":1050,"items_purged":["Regret","Strike_R"],"score":254,"play_id":"1abee773-2546-4433-9826-5b6cb38bf665","local_time":"20190412140813","is_ascension_mode":true,"campfire_choices":[{"data":"Searing Blow","floor":6,"key":"SMITH"},{"data":"Searing Blow+1","floor":8,"key":"SMITH"},{"data":"Searing Blow+3","floor":15,"key":"SMITH"},{"data":"Searing Blow+4","floor":23,"key":"SMITH"}],"neow_cost":"NONE","seed_source_timestamp":2822945858695809,"circlet_count":0,"master_deck":["Strike_R","Strike_R","Strike_R","Strike_R","Defend_R","Defend_R","Defend_R+1","Defend_R","Clothesline","Searing Blow+5","Barricade","Shrug It Off","Thunderclap","Headbutt"],"relics":["Burning Blood","NeowsBlessing","Singing Bowl","Centennial Puzzle","Omamori","Velvet Choker"],"potions_floor_usage":[16,25,25,25],"damage_taken":[{"damage":0,"enemies":"2 Louse","floor":1,"turns":1},{"damage":0,"enemies":"Cultist","floor":5,"turns":1},{"damage":0,"enemies":"Small Slimes","floor":7,"turns":1},{"damage":32,"enemies":"3 Sentries","floor":12,"turns":7},{"damage":13,"enemies":"Blue Slaver","floor":13,"turns":2},{"damage":1,"enemies":"Looter","floor":14,"turns":4},{"damage":29,"enemies":"The Guardian","floor":16,"turns":9},{"damage":12,"enemies":"Chosen","floor":18,"turns":2},{"damage":30,"enemies":"3 Byrds","floor":20,"turns":6},{"damage":35,"enemies":"Snake Plant","floor":21,"turns":5},{"damage":5,"enemies":"Snecko","floor":24,"turns":4},{"damage":25,"enemies":"Gremlin Leader","floor":25,"turns":6}],"seed_played":"-7758341534753080905","potions_obtained":[{"floor":1,"key":"Weak Potion"},{"floor":12,"key":"Dexterity Potion"},{"floor":13,"key":"FearPotion"},{"floor":20,"key":"EssenceOfSteel"}],"is_trial":false,"path_per_floor":["M","$","?","$","M","R","M","R","T","$","?","E","M","M","R","B",null,"M","$","M","M","?","R","M","E"],"character_chosen":"IRONCLAD","items_purchased":["Searing Blow","Singing Bowl"],"campfire_rested":0,"item_purchase_floors":[2,4],"current_hp_per_floor":[80,80,80,80,82,82,84,84,84,84,67,43,38,45,45,22,73,69,69,45,16,16,16,17,0],"gold":176,"neow_bonus":"THREE_ENEMY_KILL","is_prod":false,"is_daily":false,"chose_seed":false,"campfire_upgraded":4,"win_rate":0,"timestamp":1555070893,"path_taken":["M","$","?","$","?","R","?","R","T","?","?","E","M","M","R","BOSS","M","$","M","M","?","R","M","E"],"build_version":"2019-01-23","purchased_purges":2,"victory":false,"max_hp_per_floor":[80,80,80,80,82,82,84,84,84,84,84,86,88,90,90,90,90,92,92,92,92,92,92,92,92],"card_choices":[{"not_picked":["Armaments","Reckless Charge"],"picked":"Clothesline","floor":1},{"not_picked":["Heavy Blade","Fire Breathing","Second Wind"],"picked":"Singing Bowl","floor":5},{"not_picked":["Sentinel","Havoc","Heavy Blade"],"picked":"Singing Bowl","floor":7},{"not_picked":["Bloodletting","Clash","Flame Barrier"],"picked":"Singing Bowl","floor":12},{"not_picked":["Feel No Pain","Sword Boomerang","Shrug It Off"],"picked":"Singing Bowl","floor":13},{"not_picked":["Pummel","Corruption","Havoc"],"picked":"Singing Bowl","floor":14},{"not_picked":["Juggernaut","Reaper"],"picked":"Barricade","floor":16},{"not_picked":["Clash","Pommel Strike+1","Shockwave+1"],"picked":"Singing Bowl","floor":18},{"not_picked":["Heavy Blade","Bloodletting"],"picked":"Shrug It Off","floor":20},{"not_picked":["Warcry","Perfected Strike"],"picked":"Thunderclap","floor":21},{"not_picked":["Hemokinesis+1","Feel No Pain+1"],"picked":"Headbutt","floor":24}],"player_experience":167241,"relics_obtained":[{"floor":9,"key":"Centennial Puzzle"},{"floor":12,"key":"Omamori"}],"event_choices":[{"damage_healed":0,"gold_gain":275,"player_choice":"Desecrate","damage_taken":0,"max_hp_gain":0,"max_hp_loss":0,"event_name":"Golden Shrine","floor":3,"gold_loss":0,"cards_obtained":["Regret"]},{"damage_healed":0,"gold_gain":0,"player_choice":"Entered Light","damage_taken":17,"max_hp_gain":0,"max_hp_loss":0,"event_name":"Shining Light","floor":11,"gold_loss":0,"cards_upgraded":["Defend_R","Searing Blow"]},{"cards_removed":["Bash"],"damage_healed":0,"gold_gain":0,"player_choice":"Elegance","damage_taken":0,"max_hp_gain":0,"max_hp_loss":0,"event_name":"Back to Basics","floor":22,"gold_loss":0}],"is_beta":false,"boss_relics":[{"not_picked":["Eternal Feather","Runic Pyramid"],"picked":"Velvet Choker"}],"items_purged_floors":[10,19],"is_endless":false,"potions_floor_spawned":[1,12,13,20,21,24],"killed_by":"Gremlin Leader","ascension_level":5}