{"gold_per_floor":[109,34,34,53,72,72,83,109,132,132,152,152,181,181,181,311,311,335,335,351,178,191,191,116,116,116,45,83,83],"floor_reached":29,"playtime":2065,"items_purged":["Strike_G","Strike_G"],"score":289,"play_id":"4c3a4be8-425e-4ec1-b235-bcd66355016f","local_time":"20190205195544","is_ascension_mode":true,"campfire_choices":[{"data":"Neutralize","floor":6.0,"key":"SMITH"},{"floor":10.0,"key":"REST"},{"data":"Skewer","floor":12.0,"key":"SMITH"},{"floor":15.0,"key":"REST"},{"data":"After Image","floor":23.0,"key":"SMITH"},{"data":"Survivor","floor":25.0,"key":"SMITH"}],"neow_cost":"NONE","seed_source_timestamp":2178599706508652,"circlet_count":0,"master_deck":["Defend_G+1","Defend_G","Defend_G","Defend_G","Strike_G","Survivor+1","Neutralize+1","Cloak And Dagger","Blade Dance+1","Infinite Blades","Prepared","Cloak And Dagger","Skewer+1","Dagger Spray","Accuracy","Injury","After Image+1","Sucker Punch+1","After Image","Infinite Blades","Well Laid Plans","Leg Sweep+1"],"special_seed":0,"relics":["Ring of the Snake","Juzu Bracelet","War Paint","Blood Vial","Golden Idol","Black Star","Dream Catcher","Frozen Egg 2","Toxic Egg 2"],"potions_floor_usage":[],"damage_taken":[{"damage":1.0,"enemies":"Cultist","floor":1.0,"turns":4.0},{"damage":0.0,"enemies":"2 Louse","floor":4.0,"turns":2.0},{"damage":6.0,"enemies":"Jaw Worm","floor":5.0,"turns":4.0},{"damage":15.0,"enemies":"Lots of Slimes","floor":7.0,"turns":5.0},{"damage":4.0,"enemies":"Lagavulin","floor":8.0,"turns":6.0},{"damage":4.0,"enemies":"Blue Slaver","floor":11.0,"turns":4.0},{"damage":7.0,"enemies":"Gremlin Nob","floor":13.0,"turns":3.0},{"damage":46.0,"enemies":"Hexaghost","floor":16.0,"turns":11.0},{"damage":2.0,"enemies":"Shell Parasite","floor":18.0,"turns":7.0},{"damage":4.0,"enemies":"Chosen","floor":20.0,"turns":6.0},{"damage":23.0,"enemies":"Sentry and Sphere","floor":22.0,"turns":7.0},{"damage":38.0,"enemies":"Slavers","floor":28.0,"turns":7.0},{"damage":11,"enemies":"3 Cultists","floor":29,"turns":5}],"seed_played":"-4032089317363076845","potions_obtained":[{"floor":5.0,"key":"Fire Potion"},{"floor":7.0,"key":"Strength Potion"},{"floor":11.0,"key":"Strength Potion"},{"floor":18.0,"key":"Strength Potion"},{"floor":20.0,"key":"AttackPotion"}],"is_trial":false,"path_per_floor":["M","$","?","M","M","R","M","E","T","R","M","R","E","?","R","B",null,"M","?","M","$","M","R","?","R","T","$","E","M"],"character_chosen":"THE_SILENT","items_purchased":["After Image","Well Laid Plans"],"campfire_rested":2,"item_purchase_floors":[21,27],"current_hp_per_floor":[69,69,62,62,56,56,41,37,37,58,54,54,47,47,68,24,70,68,68,66,66,45,45,45,45,45,45,9,0],"gold":83,"neow_bonus":"THREE_CARDS","is_prod":false,"is_daily":false,"chose_seed":false,"campfire_upgraded":4,"win_rate":0,"timestamp":1549392944,"path_taken":["M","?","?","M","M","R","M","E","T","R","M","R","E","?","R","BOSS","M","?","M","$","M","R","?","R","T","$","E","M"],"build_version":"2019-01-23","purchased_purges":2,"victory":false,"max_hp_per_floor":[70,70,70,70,70,70,70,70,70,70,70,70,70,70,70,70,70,70,70,70,70,70,70,70,70,70,70,70,70],"card_choices":[{"not_picked":["Backflip","Eviscerate"],"picked":"Cloak And Dagger","floor":0.0},{"not_picked":["Cloak And Dagger","All Out Attack"],"picked":"Blade Dance","floor":1.0},{"not_picked":["Dagger Throw","Poisoned Stab"],"picked":"Infinite Blades","floor":4.0},{"not_picked":["Outmaneuver","Heel Hook"],"picked":"Prepared","floor":5.0},{"not_picked":["Deadly Poison","Reflex"],"picked":"Cloak And Dagger","floor":7.0},{"not_picked":["Poisoned Stab","Slice"],"picked":"Skewer","floor":8.0},{"not_picked":["Acrobatics","Poisoned Stab"],"picked":"Dagger Spray","floor":11.0},{"not_picked":["Flying Knee","Riddle With Holes"],"picked":"Accuracy","floor":13.0},{"not_picked":["Night Terror","Unload"],"picked":"After Image","floor":16.0},{"not_picked":["Deadly Poison","Crippling Poison","Riddle With Holes"],"picked":"SKIP","floor":18.0},{"not_picked":["Choke","Prepared+1"],"picked":"Sucker Punch+1","floor":20.0},{"not_picked":["Deflect","PiercingWail"],"picked":"Infinite Blades","floor":22.0},{"not_picked":["Prepared+1","Deadly Poison+1"],"picked":"Leg Sweep","floor":28.0}],"player_experience":128993,"relics_obtained":[{"floor":8.0,"key":"Juzu Bracelet"},{"floor":9.0,"key":"War Paint"},{"floor":13.0,"key":"Blood Vial"},{"floor":26.0,"key":"Dream Catcher"},{"floor":28.0,"key":"Frozen Egg 2"},{"floor":28.0,"key":"Toxic Egg 2"}],"event_choices":[{"cards_removed":["Defend_G"],"damage_healed":0.0,"max_hp_gain":0.0,"max_hp_loss":0.0,"gold_gain":0.0,"event_name":"Golden Wing","player_choice":"Card Removal","floor":3.0,"gold_loss":0.0,"damage_taken":7.0},{"damage_healed":0.0,"max_hp_gain":0.0,"max_hp_loss":0.0,"gold_gain":0.0,"event_name":"Golden Idol","player_choice":"Take Wound","floor":14.0,"gold_loss":0.0,"damage_taken":0.0,"relics_obtained":["Golden Idol"],"cards_obtained":["Injury"]},{"cards_removed":["Strike_G"],"damage_healed":0.0,"max_hp_gain":0.0,"max_hp_loss":0.0,"gold_gain":0.0,"event_name":"Purifier","player_choice":"Purged","floor":19.0,"gold_loss":0.0,"damage_taken":0.0},{"cards_removed":["Strike_G"],"damage_healed":0.0,"max_hp_gain":0.0,"max_hp_loss":0.0,"gold_gain":0.0,"event_name":"Beggar","player_choice":"Gave Gold","floor":24.0,"gold_loss":75.0,"damage_taken":0.0}],"is_beta":false,"boss_relics":[{"not_picked":["Astrolabe","Busted Crown"],"picked":"Black Star"}],"items_purged_floors":[2,21],"is_endless":false,"potions_floor_spawned":[5,7,11,18,20],"killed_by":"3 Cultists","ascension_level":3}