{"gold_per_floor":[117,117,134,144,161,161,172,205,205,160,194,194,213,213,213,318,318,329,344,363,374,324,324,337,337,337,354,241,241,257,257,257,355,405,417,431,81,81,130,130,0,17,66,66,66,84,84,101,101,101],"floor_reached":51,"playtime":2628,"items_purged":["Strike_B","Strike_B"],"score":955,"play_id":"d67ad3fe-2057-4c63-8193-5cb9f75e1e9e","local_time":"20180922222801","is_ascension_mode":true,"campfire_choices":[{"data":"Sunder","floor":6,"key":"SMITH"},{"data":"Dualcast","floor":12,"key":"SMITH"},{"floor":15,"key":"REST"},{"data":"Biased Cognition","floor":23,"key":"SMITH"},{"data":"Glacier","floor":25,"key":"SMITH"},{"data":"Conserve Battery","floor":32,"key":"SMITH"},{"data":"Defend_B","floor":40,"key":"PURGE"},{"data":"Defend_B","floor":47,"key":"PURGE"},{"data":"Strike_B","floor":49,"key":"PURGE"}],"neow_cost":"NONE","seed_source_timestamp":68618537445618,"circlet_count":0,"master_deck":["Strike_B","Defend_B+1","Defend_B","Zap+1","Dualcast+1","Sunder+1","Ball Lightning","Conserve Battery+1","Biased Cognition+1","Chill","Undo","Coolheaded","Conserve Battery+1","Glacier+1","BootSequence","White Noise","Chill+1","Hologram","Conserve Battery","White Noise","Buffer","Conserve Battery","Ball Lightning+1","Defragment","Apotheosis+1","Blind+1","Lockon+1","Self Repair","Blizzard+1"],"relics":["Cracked Core","Omamori","Singing Bowl","Kunai","Runic Pyramid","Symbiotic Virus","Tiny House","Toxic Egg 2","Peace Pipe","Red Mask","Juzu Bracelet"],"potions_floor_usage":[8,13,30,33,33,42,42,48,50,50],"damage_taken":[{"damage":2,"enemies":"Small Slimes","floor":1,"turns":3},{"damage":2,"enemies":"Jaw Worm","floor":3,"turns":2},{"damage":0,"enemies":"Cultist","floor":4,"turns":2},{"damage":0,"enemies":"3 Louse","floor":5,"turns":2},{"damage":9,"enemies":"Large Slime","floor":7,"turns":4},{"damage":5,"enemies":"3 Sentries","floor":8,"turns":7},{"damage":27,"enemies":"Gremlin Nob","floor":11,"turns":4},{"damage":12,"enemies":"Exordium Thugs","floor":13,"turns":4},{"damage":13,"enemies":"The Guardian","floor":16,"turns":12},{"damage":4,"enemies":"3 Byrds","floor":18,"turns":5},{"damage":0,"enemies":"Shell Parasite","floor":19,"turns":5},{"damage":4,"enemies":"Cultist and Chosen","floor":20,"turns":7},{"damage":0,"enemies":"Chosen and Byrds","floor":21,"turns":5},{"damage":4,"enemies":"Centurion and Healer","floor":24,"turns":9},{"damage":0,"enemies":"3 Cultists","floor":27,"turns":6},{"damage":5,"enemies":"Snake Plant","floor":30,"turns":4},{"damage":28,"enemies":"Collector","floor":33,"turns":12},{"damage":4,"enemies":"3 Shapes","floor":35,"turns":7},{"damage":0,"enemies":"Orb Walker","floor":36,"turns":4},{"damage":0,"enemies":"Mysterious Sphere","floor":39,"turns":8},{"damage":4,"enemies":"Reptomancer","floor":42,"turns":5},{"damage":1,"enemies":"Spire Growth","floor":46,"turns":7},{"damage":12,"enemies":"Maw","floor":48,"turns":11},{"damage":28,"enemies":"Time Eater","floor":50,"turns":13}],"seed_played":"5382535241932468067","potions_obtained":[{"floor":3,"key":"EssenceOfSteel"},{"floor":4,"key":"EssenceOfSteel"},{"floor":7,"key":"Block Potion"},{"floor":13,"key":"Explosive Potion"},{"floor":16,"key":"Ancient Potion"},{"floor":33,"key":"Fire Potion"},{"floor":34,"key":"Ancient Potion"},{"floor":39,"key":"Weak Potion"},{"floor":42,"key":"Fruit Juice"},{"floor":48,"key":"Energy Potion"}],"is_trial":false,"path_per_floor":["M","?","M","M","M","R","M","E","T","$","E","R","M","?","R","B",null,"M","M","M","M","$","R","M","R","T","M","$","?","M","?","R","B",null,"M","M","$","?","?","R","?","M","T","?","$","M","R","M","R","B"],"character_chosen":"DEFECT","items_purchased":["Coolheaded","Dexterity Potion","White Noise","Toxic Egg 2"],"campfire_rested":1,"item_purchase_floors":[10,22,28,37],"current_hp_per_floor":[66,66,64,64,64,64,55,50,50,50,23,23,11,11,33,22,63,59,59,55,55,55,55,58,58,58,60,60,60,57,57,57,29,73,69,69,69,64,64,64,64,65,65,65,65,74,74,74,74,46],"gold":101,"neow_bonus":"THREE_CARDS","is_prod":false,"is_daily":false,"chose_seed":false,"campfire_upgraded":5,"win_rate":0,"timestamp":1537626481,"path_taken":["M","?","M","M","M","R","?","E","T","$","E","R","M","?","R","BOSS","M","M","M","M","$","R","M","R","T","M","?","?","M","?","R","BOSS","M","M","$","?","?","R","?","?","T","?","$","M","R","M","R","BOSS"],"build_version":"2018-09-20","purchased_purges":2,"victory":true,"max_hp_per_floor":[75,75,75,75,75,75,75,75,75,75,75,75,75,75,75,77,77,77,77,77,77,77,77,77,77,77,79,79,79,81,81,81,81,86,86,86,86,86,86,86,86,91,91,91,91,91,91,93,93,93],"card_choices":[{"not_picked":["Streamline","Conserve Battery"],"picked":"Sunder","floor":0},{"not_picked":["Compile Driver","Stack"],"picked":"Ball Lightning","floor":1},{"not_picked":["Leap","Fusion"],"picked":"Conserve Battery","floor":3},{"not_picked":["Chaos","Stack"],"picked":"Biased Cognition","floor":4},{"not_picked":["Hologram","Stack"],"picked":"Chill","floor":5},{"not_picked":["Beam Cell","Gash","Steam"],"picked":"SKIP","floor":7},{"not_picked":["Chaos","Gash"],"picked":"Undo","floor":8},{"not_picked":["Coolheaded","Turbo"],"picked":"Conserve Battery","floor":11},{"not_picked":["Reprogram","Sweeping Beam"],"picked":"Glacier","floor":13},{"not_picked":["All For One","Amplify","Thunder Strike"],"picked":"Singing Bowl","floor":16},{"not_picked":["Hologram","Darkness"],"picked":"BootSequence","floor":18},{"not_picked":["Rebound+1","Storm"],"picked":"White Noise","floor":19},{"not_picked":["Loop+1","Turbo"],"picked":"Chill+1","floor":20},{"not_picked":["Tempest","Go for the Eyes"],"picked":"Hologram","floor":21},{"not_picked":["Darkness","Streamline"],"picked":"Conserve Battery","floor":24},{"not_picked":["White Noise","Force Field","Sweeping Beam"],"picked":"Singing Bowl","floor":27},{"not_picked":["Redo","Chaos","Steam"],"picked":"Singing Bowl","floor":30},{"not_picked":["Meteor Strike","Machine Learning"],"picked":"Buffer","floor":33},{"not_picked":["Sweeping Beam","Barrage+1"],"picked":"Conserve Battery","floor":34},{"not_picked":["Redo+1","Gash"],"picked":"Ball Lightning+1","floor":35},{"not_picked":["Lockon+1","Fusion"],"picked":"Defragment","floor":36},{"not_picked":["Discovery+1","Chrysalis+1"],"picked":"Apotheosis+1","floor":38},{"not_picked":["HandOfGreed","Thinking Ahead+1"],"picked":"Blind+1","floor":38},{"not_picked":["Reprogram+1","Cold Snap"],"picked":"Lockon+1","floor":39},{"not_picked":["Rebound+1","Ball Lightning+1"],"picked":"Self Repair","floor":42},{"not_picked":["Gash","Ball Lightning"],"picked":"Blizzard+1","floor":46},{"not_picked":["Coolheaded+1","Meteor Strike","Barrage+1"],"picked":"Singing Bowl","floor":48}],"player_experience":314723,"relics_obtained":[{"floor":8,"key":"Omamori"},{"floor":9,"key":"Singing Bowl"},{"floor":11,"key":"Kunai"},{"floor":26,"key":"Symbiotic Virus"},{"floor":39,"key":"Peace Pipe"},{"floor":43,"key":"Juzu Bracelet"}],"event_choices":[{"event_name":"Living Wall","player_choice":"Grow","floor":2,"damage_taken":0},{"event_name":"Scrap Ooze","player_choice":"unsuccessful","floor":14,"damage_taken":0},{"event_name":"Ghosts","player_choice":"Ignored","floor":29,"damage_taken":0},{"event_name":"Accursed Blacksmith","player_choice":"Forge","floor":31,"damage_taken":0},{"event_name":"SensoryStone","player_choice":"Memory 2","floor":38,"damage_taken":0},{"event_name":"Mysterious Sphere","player_choice":"Fight","floor":39,"damage_taken":0},{"event_name":"Tomb of Lord Red Mask","player_choice":"Paid","floor":41,"damage_taken":0},{"event_name":"SecretPortal","player_choice":"Rejected Portal.","floor":44,"damage_taken":0}],"is_beta":false,"boss_relics":[{"not_picked":["White Beast Statue","Busted Crown"],"picked":"Runic Pyramid"},{"not_picked":["Nuclear Battery","FrozenCore"],"picked":"Tiny House"}],"items_purged_floors":[28,37],"is_endless":false,"potions_floor_spawned":[3,4,7,13,16,20,21,27,33,39,42,48],"ascension_level":8}