{"gold_per_floor":[113,113,78,96,116,116,149,149,149,149,161,161,161,181,181,304,304,304,304,304,304,304,304,304,304,304,304,304,304,304,304,304,304],"floor_reached":33,"playtime":1495,"items_purged":[],"score":455,"play_id":"a8e6b80e-d052-45dc-84fc-cfac72b99563","local_time":"20190330163027","is_ascension_mode":true,"campfire_choices":[{"data":"Dash","floor":6,"key":"SMITH"},{"data":"Survivor","floor":8,"key":"SMITH"},{"data":"Strike_G","floor":10,"key":"SMITH"},{"data":"Terror","floor":12,"key":"SMITH"},{"data":"Noxious Fumes","floor":15,"key":"SMITH"},{"data":"Backflip","floor":23,"key":"SMITH"},{"floor":25,"key":"REST"},{"data":"Blur","floor":29,"key":"SMITH"},{"floor":32,"key":"REST"}],"neow_cost":"NONE","seed_source_timestamp":785321673433988,"circlet_count":0,"master_deck":["Defend_G","Defend_G","Defend_G","Defend_G","Strike_G+1","Strike_G+1","Strike_G+1","Survivor+1","Neutralize+1","Distraction+1","Dash+1","Terror+1","Noxious Fumes+1","Corpse Explosion","Backstab+1","Backflip+1","Sucker Punch+1","Blur+1","Crippling Poison+1"],"relics":["Empty Cage","Darkstone Periapt","Golden Idol","Ectoplasm","Whetstone","Du-Vu Doll","Matryoshka"],"potions_floor_usage":[22,24,30,30,33,33],"damage_taken":[{"damage":0,"enemies":"Jaw Worm","floor":1,"turns":5},{"damage":7,"enemies":"Cultist","floor":4,"turns":7},{"damage":4,"enemies":"Small Slimes","floor":5,"turns":3},{"damage":7,"enemies":"3 Sentries","floor":7,"turns":10},{"damage":0,"enemies":"Exordium Thugs","floor":11,"turns":6},{"damage":9,"enemies":"Lots of Slimes","floor":14,"turns":5},{"damage":13,"enemies":"Slime Boss","floor":16,"turns":8},{"damage":11,"enemies":"Spheric Guardian","floor":18,"turns":5},{"damage":0,"enemies":"Chosen","floor":20,"turns":4},{"damage":7,"enemies":"Centurion and Healer","floor":21,"turns":4},{"damage":0,"enemies":"Snecko","floor":22,"turns":4},{"damage":23,"enemies":"Book of Stabbing","floor":24,"turns":5},{"damage":0,"enemies":"Slavers","floor":27,"turns":3},{"damage":12,"enemies":"Snake Plant","floor":30,"turns":3},{"damage":19,"enemies":"Cultist and Chosen","floor":31,"turns":5},{"damage":34,"enemies":"Automaton","floor":33,"turns":8}],"seed_played":"8769865565370494561","potions_obtained":[{"floor":4,"key":"Block Potion"},{"floor":7,"key":"SkillPotion"},{"floor":11,"key":"Ancient Potion"},{"floor":27,"key":"Regen Potion"},{"floor":31,"key":"EntropicBrew"}],"is_trial":false,"path_per_floor":["M","?","?","M","M","R","E","R","T","R","M","R","?","M","R","B",null,"M","?","M","M","M","R","E","R","T","E","$","R","M","M","R","B"],"character_chosen":"THE_SILENT","items_purchased":[],"campfire_rested":2,"item_purchase_floors":[],"current_hp_per_floor":[63,49,66,59,55,55,48,48,48,48,48,48,48,39,39,26,55,44,44,44,37,37,37,14,33,33,33,33,33,33,14,33,0],"gold":304,"neow_bonus":"BOSS_RELIC","is_prod":false,"is_daily":false,"chose_seed":false,"campfire_upgraded":7,"win_rate":0,"timestamp":1553959827,"path_taken":["M","?","?","M","M","R","E","R","T","R","M","R","?","M","R","BOSS","M","?","?","M","M","R","E","R","T","E","$","R","?","M","R","BOSS"],"build_version":"2019-01-23","purchased_purges":0,"victory":false,"max_hp_per_floor":[70,70,70,70,70,70,70,70,70,70,70,70,65,65,65,65,65,65,65,65,65,65,65,65,65,65,65,65,65,65,65,65,65],"card_choices":[{"not_picked":["Underhanded Strike","Cloak And Dagger"],"picked":"Distraction","floor":1},{"not_picked":["Sucker Punch","Dagger Throw"],"picked":"Dash","floor":4},{"not_picked":["Blade Dance","Deflect","Masterful Stab"],"picked":"SKIP","floor":5},{"not_picked":["Deadly Poison","Cloak And Dagger","Underhanded Strike"],"picked":"SKIP","floor":7},{"not_picked":["Poisoned Stab","Underhanded Strike"],"picked":"Terror","floor":11},{"not_picked":["Backstab","Outmaneuver"],"picked":"Noxious Fumes","floor":14},{"not_picked":["Bullet Time","Doppelganger"],"picked":"Corpse Explosion","floor":16},{"not_picked":["Dagger Throw","Deflect"],"picked":"Backstab+1","floor":18},{"not_picked":["Calculated Gamble","Bouncing Flask"],"picked":"Backflip","floor":20},{"not_picked":["Dagger Throw+1","Bouncing Flask"],"picked":"Sucker Punch+1","floor":21},{"not_picked":["Sucker Punch","Dagger Throw","Accuracy+1"],"picked":"SKIP","floor":22},{"not_picked":["Cloak And Dagger","Dash"],"picked":"Blur","floor":24},{"not_picked":["Accuracy","Caltrops","Masterful Stab"],"picked":"SKIP","floor":27},{"not_picked":["Concentrate+1","Bullet Time","Flechettes"],"picked":"SKIP","floor":30},{"not_picked":["Deflect","Flechettes"],"picked":"Crippling Poison+1","floor":31}],"player_experience":285923,"relics_obtained":[{"floor":7,"key":"Darkstone Periapt"},{"floor":24,"key":"Whetstone"},{"floor":26,"key":"Du-Vu Doll"},{"floor":27,"key":"Matryoshka"}],"event_choices":[{"damage_healed":0,"gold_gain":0,"player_choice":"Entered Light","damage_taken":14,"max_hp_gain":0,"max_hp_loss":0,"event_name":"Shining Light","floor":2,"gold_loss":0,"cards_upgraded":["Neutralize","Distraction"]},{"damage_healed":17,"gold_gain":0,"player_choice":"Healed","damage_taken":0,"max_hp_gain":0,"max_hp_loss":0,"event_name":"The Cleric","floor":3,"gold_loss":35},{"damage_healed":0,"gold_gain":0,"player_choice":"Lose Max HP","damage_taken":0,"relics_obtained":["Golden Idol"],"max_hp_gain":0,"max_hp_loss":5,"event_name":"Golden Idol","floor":13,"gold_loss":0},{"cards_removed":["Strike_G"],"damage_healed":0,"gold_gain":0,"player_choice":"Purged","damage_taken":0,"max_hp_gain":0,"max_hp_loss":0,"event_name":"Purifier","floor":19,"gold_loss":0}],"is_beta":false,"boss_relics":[{"not_picked":["Pandora\u0027s Box","Tiny House"],"picked":"Ectoplasm"}],"items_purged_floors":[],"is_endless":false,"potions_floor_spawned":[4,7,11,14,21,27,31],"killed_by":"Automaton","ascension_level":7}