{"gold_per_floor":[113,126,126,136,116,116,126,161,161,195,195,215,242,167,167,271,271,281,295,305,305,321,321,321,321,346,358,387,41,55,55],"floor_reached":31,"playtime":2170,"items_purged":["Strike_R","Pain"],"score":386,"play_id":"0e3c1e72-bd55-481e-b161-83ba0c7c84b1","local_time":"20190412135030","is_ascension_mode":true,"campfire_choices":[{"data":"Flex","floor":6,"key":"SMITH"},{"data":"Twin Strike","floor":15,"key":"SMITH"},{"data":"J.A.X.","floor":23,"key":"SMITH"},{"data":"Thunderclap","floor":25,"key":"SMITH"},{"data":"Bash","floor":27,"key":"SMITH"}],"neow_cost":"NONE","seed_source_timestamp":2820762468310043,"circlet_count":0,"master_deck":["Strike_R","Strike_R","Strike_R","Strike_R","Defend_R","Defend_R","Defend_R","Defend_R","Bash+1","Thunderclap+1","Flex+1","Twin Strike+1","Demon Form+1","Impervious","Twin Strike+1","J.A.X.+1"],"relics":["Burning Blood","NeowsBlessing","Pantograph","Meat on the Bone","Frozen Egg 2","Gremlin Horn","Calipers","Philosopher\u0027s Stone","WarpedTongs","MawBank","Shuriken"],"potions_floor_usage":[5,8,10,16],"damage_taken":[{"damage":0,"enemies":"Cultist","floor":1,"turns":1},{"damage":0,"enemies":"Small Slimes","floor":2,"turns":1},{"damage":0,"enemies":"2 Louse","floor":4,"turns":1},{"damage":27,"enemies":"Exordium Thugs","floor":5,"turns":4},{"damage":16,"enemies":"3 Louse","floor":7,"turns":3},{"damage":30,"enemies":"3 Sentries","floor":8,"turns":7},{"damage":25,"enemies":"Lagavulin","floor":10,"turns":7},{"damage":11,"enemies":"Blue Slaver","floor":12,"turns":3},{"damage":16,"enemies":"Gremlin Nob","floor":13,"turns":3},{"damage":0,"enemies":"Slime Boss","floor":16,"turns":4},{"damage":35,"enemies":"2 Thieves","floor":18,"turns":5},{"damage":14,"enemies":"Chosen","floor":19,"turns":3},{"damage":18,"enemies":"Sentry and Sphere","floor":20,"turns":4},{"damage":4,"enemies":"3 Cultists","floor":22,"turns":4},{"damage":24,"enemies":"Snecko","floor":28,"turns":3},{"damage":24,"enemies":"Snake Plant","floor":30,"turns":3},{"damage":46,"enemies":"Slavers","floor":31,"turns":4}],"seed_played":"7219677567214515122","potions_obtained":[{"floor":3,"key":"SkillPotion"},{"floor":3,"key":"Ancient Potion"},{"floor":3,"key":"Ancient Potion"},{"floor":4,"key":"Regen Potion"},{"floor":7,"key":"Strength Potion"},{"floor":8,"key":"BloodPotion"},{"floor":12,"key":"Ancient Potion"},{"floor":13,"key":"AttackPotion"},{"floor":19,"key":"Weak Potion"},{"floor":20,"key":"SpeedPotion"}],"is_trial":false,"path_per_floor":["M","M","?","M","M","R","M","E","T","E","?","M","E","$","R","B",null,"M","M","M","?","M","R","?","R","T","R","M","$","M","E"],"character_chosen":"IRONCLAD","items_purchased":["Shuriken"],"campfire_rested":0,"item_purchase_floors":[29],"current_hp_per_floor":[80,80,80,80,71,71,61,37,37,30,30,37,39,39,39,70,78,49,53,53,53,55,55,55,55,55,55,49,49,43,0],"gold":55,"neow_bonus":"THREE_ENEMY_KILL","is_prod":false,"is_daily":false,"chose_seed":false,"campfire_upgraded":5,"win_rate":0,"timestamp":1555069830,"path_taken":["M","?","?","?","?","R","M","E","T","E","?","M","E","?","R","BOSS","M","M","M","?","M","R","?","R","T","R","?","$","M","E"],"build_version":"2019-01-23","purchased_purges":2,"victory":false,"max_hp_per_floor":[80,80,80,80,80,80,80,80,80,80,80,80,80,80,80,80,80,80,80,80,80,80,80,80,80,80,80,80,80,80,80],"card_choices":[{"not_picked":["Ghostly Armor","Sword Boomerang"],"picked":"Thunderclap","floor":1},{"not_picked":["Dual Wield","Clash","Pommel Strike"],"picked":"SKIP","floor":2},{"not_picked":["Heavy Blade","Shrug It Off"],"picked":"Flex","floor":4},{"not_picked":["Second Wind","Power Through"],"picked":"Flex","floor":5},{"not_picked":["Offering","Power Through"],"picked":"Twin Strike","floor":7},{"not_picked":["Impervious","Body Slam","Wild Strike"],"picked":"SKIP","floor":8},{"not_picked":["Second Wind","Twin Strike"],"picked":"Demon Form","floor":10},{"not_picked":["Anger","Wild Strike","Sword Boomerang"],"picked":"SKIP","floor":12},{"not_picked":["Havoc","Power Through","Armaments"],"picked":"SKIP","floor":13},{"not_picked":["Bludgeon","Fiend Fire"],"picked":"Impervious","floor":16},{"not_picked":["Warcry","Sever Soul"],"picked":"Twin Strike+1","floor":18},{"not_picked":["Warcry","Sword Boomerang","Rampage"],"picked":"SKIP","floor":19},{"not_picked":["Dropkick","Wild Strike","Carnage"],"picked":"SKIP","floor":20},{"not_picked":["Iron Wave","Clothesline","Clash"],"picked":"SKIP","floor":22},{"not_picked":["Clash+1","Iron Wave","Fiend Fire"],"picked":"SKIP","floor":28},{"not_picked":["Hemokinesis","Thunderclap+1","Wild Strike"],"picked":"SKIP","floor":30}],"player_experience":165071,"relics_obtained":[{"floor":8,"key":"Pantograph"},{"floor":9,"key":"Meat on the Bone"},{"floor":10,"key":"Frozen Egg 2"},{"floor":13,"key":"Calipers"},{"floor":26,"key":"MawBank"}],"event_choices":[{"damage_healed":0,"gold_gain":0,"player_choice":"Got Potions","damage_taken":0,"max_hp_gain":0,"max_hp_loss":0,"event_name":"Lab","floor":3,"gold_loss":0},{"cards_removed":["Flex"],"damage_healed":0,"gold_gain":0,"player_choice":"Gave Card","damage_taken":0,"relics_obtained":["Gremlin Horn"],"max_hp_gain":0,"max_hp_loss":0,"event_name":"WeMeetAgain","floor":11,"gold_loss":0},{"damage_healed":0,"gold_gain":0,"player_choice":"Obtain J.A.X.","damage_taken":0,"max_hp_gain":0,"max_hp_loss":0,"event_name":"Drug Dealer","floor":21,"gold_loss":0,"cards_obtained":["J.A.X."]},{"damage_healed":0,"gold_gain":0,"player_choice":"Rummage","damage_taken":0,"relics_obtained":["WarpedTongs"],"max_hp_gain":0,"max_hp_loss":0,"event_name":"Accursed Blacksmith","floor":24,"gold_loss":0,"cards_obtained":["Pain"]}],"is_beta":false,"boss_relics":[{"not_picked":["Empty Cage","Mark of Pain"],"picked":"Philosopher\u0027s Stone"}],"items_purged_floors":[14,29],"is_endless":false,"potions_floor_spawned":[4,7,8,12,13,19,20,28],"killed_by":"Slavers","ascension_level":5}