{"gold_per_floor":[359,434,275,275,295,295,295,329,355,367],"floor_reached":10,"playtime":410,"items_purged":["Defend_G"],"score":83,"play_id":"b45f09c6-788b-4245-b517-6a912cbc8f75","local_time":"20190310173941","is_ascension_mode":true,"campfire_choices":[{"data":"Sucker Punch","floor":6,"key":"SMITH"}],"neow_cost":"PERCENT_DAMAGE","seed_source_timestamp":617498223920261,"circlet_count":0,"master_deck":["Defend_G","Defend_G","Defend_G","Defend_G","Strike_G","Strike_G","Strike_G","Strike_G","Survivor","Neutralize","Escape Plan","Infinite Blades","Sucker Punch+1","All Out Attack","PiercingWail"],"relics":["Ring of the Snake","Blue Candle","FossilizedHelix","MawBank"],"potions_floor_usage":[10],"damage_taken":[{"damage":0,"enemies":"Jaw Worm","floor":1,"turns":6},{"damage":0,"enemies":"2 Louse","floor":5,"turns":3},{"damage":18,"enemies":"Gremlin Nob","floor":8,"turns":5},{"damage":4,"enemies":"3 Sentries","floor":10,"turns":4}],"seed_played":"4866336836617693860","potions_obtained":[{"floor":1,"key":"GhostInAJar"},{"floor":8,"key":"SteroidPotion"}],"is_trial":false,"path_per_floor":["M","?","$","?","M","R","?","E","T","E"],"character_chosen":"THE_SILENT","items_purchased":["Infinite Blades","Sucker Punch"],"campfire_rested":0,"item_purchase_floors":[3,3],"current_hp_per_floor":[45,34,34,22,22,22,22,4,4,0],"gold":367,"neow_bonus":"TWO_FIFTY_GOLD","is_prod":false,"is_daily":false,"chose_seed":false,"campfire_upgraded":1,"win_rate":0,"timestamp":1552235981,"path_taken":["M","?","$","?","M","R","?","E","T","E"],"build_version":"2019-01-23","purchased_purges":1,"victory":false,"max_hp_per_floor":[70,70,70,70,70,70,70,70,70,70],"card_choices":[{"not_picked":["Riddle With Holes","Underhanded Strike","Escape Plan"],"picked":"SKIP","floor":1},{"not_picked":["Riddle With Holes","Underhanded Strike"],"picked":"Escape Plan","floor":1},{"not_picked":["Cloak And Dagger","Catalyst"],"picked":"All Out Attack","floor":5},{"not_picked":["All Out Attack","Bane"],"picked":"PiercingWail","floor":8}],"player_experience":253352,"relics_obtained":[{"floor":8,"key":"FossilizedHelix"},{"floor":9,"key":"MawBank"}],"event_choices":[{"damage_healed":0,"gold_gain":75,"player_choice":"Gather Gold","damage_taken":11,"max_hp_gain":0,"max_hp_loss":0,"event_name":"World of Goop","floor":2,"gold_loss":0},{"damage_healed":0,"gold_gain":0,"player_choice":"Success","damage_taken":12,"relics_obtained":["Blue Candle"],"max_hp_gain":0,"max_hp_loss":0,"event_name":"Scrap Ooze","floor":4,"gold_loss":0},{"cards_removed":["Strike_G"],"damage_healed":0,"gold_gain":0,"player_choice":"Purged","damage_taken":0,"max_hp_gain":0,"max_hp_loss":0,"event_name":"Purifier","floor":7,"gold_loss":0}],"is_beta":false,"boss_relics":[],"items_purged_floors":[3],"is_endless":false,"potions_floor_spawned":[1,8],"killed_by":"3 Sentries","ascension_level":6}