{"gold_per_floor":[118,118,193,193,118,118,145,145,168,168,195,205,221,234,234,335,335,335,335,335,335,7,7,7,7,7,0,0,0,0,0,0,0,0,0,0,0,0,0,0,0,0,0,0,0,0,0,0,0,0],"floor_reached":50,"playtime":3383,"items_purged":["Strike_B"],"score":573,"play_id":"121d7dc4-71ef-44d4-ab4c-1f0cb6e1ad01","local_time":"20190416204803","is_ascension_mode":true,"campfire_choices":[{"data":"Hologram","floor":6,"key":"SMITH"},{"data":"Hologram","floor":8,"key":"SMITH"},{"data":"Zap","floor":10,"key":"SMITH"},{"data":"Hologram","floor":15,"key":"SMITH"},{"data":"Genetic Algorithm","floor":24,"key":"SMITH"},{"data":"Streamline","floor":32,"key":"SMITH"},{"data":"Multi-Cast","floor":40,"key":"SMITH"},{"data":"Capacitor","floor":42,"key":"SMITH"},{"data":"Thunder Strike","floor":44,"key":"SMITH"},{"data":"Core Surge","floor":47,"key":"SMITH"},{"data":"BootSequence","floor":49,"key":"SMITH"}],"neow_cost":"NONE","seed_source_timestamp":282712982259816,"circlet_count":0,"master_deck":["Strike_B","Strike_B","Defend_B+1","Defend_B","Zap+1","Dualcast+1","Hologram+1","Hologram+1","Capacitor+1","Self Repair","Hologram+1","Core Surge+1","Genetic Algorithm+1","Defragment+1","Streamline+1","BootSequence+1","Conserve Battery+1","Ball Lightning+1","Double Energy+1","Thunder Strike+1","Genetic Algorithm+1","Shame","Dramatic Entrance","Multi-Cast+1","Ball Lightning+1"],"relics":["Cracked Core","NeowsBlessing","Mummified Hand","War Paint","PreservedInsect","Bag of Marbles","Ectoplasm","Bottled Tornado","Happy Flower","Matryoshka","Coffee Dripper","Centennial Puzzle","Pen Nib","Red Mask"],"potions_floor_usage":[30,33,33,39,48,50,50],"damage_taken":[{"damage":0,"enemies":"Cultist","floor":1,"turns":1},{"damage":0,"enemies":"Lagavulin","floor":7,"turns":1},{"damage":0,"enemies":"Gremlin Nob","floor":11,"turns":1},{"damage":0,"enemies":"Jaw Worm","floor":12,"turns":4},{"damage":0,"enemies":"2 Louse","floor":13,"turns":2},{"damage":5,"enemies":"Lots of Slimes","floor":14,"turns":3},{"damage":48,"enemies":"Hexaghost","floor":16,"turns":10},{"damage":0,"enemies":"Shell Parasite","floor":18,"turns":7},{"damage":4,"enemies":"Spheric Guardian","floor":20,"turns":6},{"damage":14,"enemies":"Shelled Parasite and Fungi","floor":21,"turns":5},{"damage":36,"enemies":"Slavers","floor":23,"turns":5},{"damage":0,"enemies":"Centurion and Healer","floor":28,"turns":8},{"damage":15,"enemies":"Snecko","floor":30,"turns":4},{"damage":6,"enemies":"Cultist and Chosen","floor":31,"turns":6},{"damage":30,"enemies":"Champ","floor":33,"turns":10},{"damage":6,"enemies":"3 Darklings","floor":35,"turns":5},{"damage":1,"enemies":"3 Shapes","floor":37,"turns":4},{"damage":24,"enemies":"Jaw Worm Horde","floor":39,"turns":3},{"damage":3,"enemies":"Maw","floor":41,"turns":6},{"damage":48,"enemies":"4 Shapes","floor":45,"turns":4},{"damage":15,"enemies":"Spire Growth","floor":48,"turns":3},{"damage":11,"enemies":"Awakened One","floor":50,"turns":2}],"seed_played":"9072139473551149806","potions_obtained":[{"floor":1,"key":"Swift Potion"},{"floor":7,"key":"FocusPotion"},{"floor":14,"key":"Dexterity Potion"},{"floor":18,"key":"PowerPotion"},{"floor":30,"key":"Weak Potion"},{"floor":33,"key":"Block Potion"},{"floor":37,"key":"Block Potion"},{"floor":38,"key":"PowerPotion"},{"floor":38,"key":"SpeedPotion"},{"floor":41,"key":"SkillPotion"},{"floor":48,"key":"Explosive Potion"}],"is_trial":false,"path_per_floor":["M","T","?","?","$","R","E","R","T","R","E","M","M","M","R","B",null,"M","?","M","M","$","E","R","?","T","?","M","?","M","M","R","B",null,"M","?","M","?","M","R","M","R","T","R","M","?","R","M","R","B"],"character_chosen":"DEFECT","items_purchased":["Bottled Tornado","BootSequence"],"campfire_rested":0,"item_purchase_floors":[22,22],"current_hp_per_floor":[75,75,64,64,64,64,64,64,64,64,64,64,64,66,66,25,75,75,75,75,68,68,39,39,39,39,39,46,46,38,39,39,16,75,75,75,74,74,57,57,61,61,61,61,20,20,20,5,5,0],"gold":0,"neow_bonus":"THREE_ENEMY_KILL","is_prod":false,"is_daily":false,"chose_seed":false,"campfire_upgraded":11,"win_rate":0,"timestamp":1555440483,"path_taken":["M","?","?","?","$","R","E","R","T","R","E","M","?","M","R","BOSS","M","?","?","M","?","E","R","?","T","?","M","?","M","M","R","BOSS","M","?","?","?","M","R","M","R","T","R","?","?","R","M","R","BOSS"],"build_version":"2019-01-23","purchased_purges":1,"victory":false,"max_hp_per_floor":[75,75,75,75,75,75,75,75,75,75,75,75,75,75,75,75,75,75,75,75,75,75,75,75,75,75,75,75,75,75,75,75,75,75,75,75,75,75,75,75,75,75,75,75,75,75,75,75,75,75],"card_choices":[{"not_picked":["Fusion","Steam Power"],"picked":"Hologram","floor":1},{"not_picked":["Compile Driver","Go for the Eyes"],"picked":"Hologram","floor":7},{"not_picked":["Lockon","Melter"],"picked":"Capacitor","floor":11},{"not_picked":["Go for the Eyes","Compile Driver","Aggregate"],"picked":"SKIP","floor":12},{"not_picked":["FTL","Capacitor"],"picked":"Self Repair","floor":13},{"not_picked":["Sunder","Conserve Battery"],"picked":"Hologram","floor":14},{"not_picked":["Seek","Machine Learning"],"picked":"Core Surge","floor":16},{"not_picked":["Leap","Turbo"],"picked":"Genetic Algorithm","floor":18},{"not_picked":["Leap","Barrage"],"picked":"Defragment+1","floor":20},{"not_picked":["Beam Cell","Gash"],"picked":"Streamline","floor":21},{"not_picked":["Sweeping Beam","Leap+1"],"picked":"Conserve Battery+1","floor":23},{"not_picked":["Sweeping Beam","Recycle","FTL"],"picked":"SKIP","floor":28},{"not_picked":["FTL+1","Thunder Strike"],"picked":"Ball Lightning+1","floor":30},{"not_picked":["Turbo+1","Conserve Battery"],"picked":"Double Energy+1","floor":31},{"not_picked":["All For One","Seek"],"picked":"Thunder Strike","floor":33},{"not_picked":["Go for the Eyes+1","Ball Lightning+1"],"picked":"Genetic Algorithm+1","floor":35},{"not_picked":["Conserve Battery","Rebound+1"],"picked":"Multi-Cast","floor":37},{"not_picked":["Hologram","Genetic Algorithm","Stack"],"picked":"SKIP","floor":39},{"not_picked":["Leap","Redo+1"],"picked":"Ball Lightning+1","floor":41},{"not_picked":["Steam","Stack","FTL"],"picked":"SKIP","floor":45},{"not_picked":["Barrage","Ball Lightning+1","Gash+1"],"picked":"SKIP","floor":48}],"player_experience":177633,"relics_obtained":[{"floor":2,"key":"Mummified Hand"},{"floor":7,"key":"War Paint"},{"floor":9,"key":"PreservedInsect"},{"floor":11,"key":"Bag of Marbles"},{"floor":23,"key":"Happy Flower"},{"floor":26,"key":"Matryoshka"},{"floor":43,"key":"Centennial Puzzle"},{"floor":43,"key":"Pen Nib"}],"event_choices":[{"damage_healed":0,"gold_gain":75,"player_choice":"Gather Gold","damage_taken":11,"max_hp_gain":0,"max_hp_loss":0,"event_name":"World of Goop","floor":3,"gold_loss":0},{"cards_removed":["Defend_B"],"damage_healed":0,"gold_gain":0,"player_choice":"Offered Basic","damage_taken":0,"max_hp_gain":0,"max_hp_loss":0,"event_name":"Bonfire Elementals","floor":4,"gold_loss":0},{"cards_removed":["Strike_B"],"damage_healed":0,"gold_gain":0,"player_choice":"Purged","damage_taken":0,"max_hp_gain":0,"max_hp_loss":0,"event_name":"Purifier","floor":19,"gold_loss":0},{"cards_removed":["Defend_B"],"damage_healed":0,"gold_gain":0,"player_choice":"Elegance","damage_taken":0,"max_hp_gain":0,"max_hp_loss":0,"event_name":"Back to Basics","floor":25,"gold_loss":0},{"damage_healed":0,"gold_gain":0,"player_choice":"Paid Fearfully","damage_taken":0,"max_hp_gain":0,"max_hp_loss":0,"event_name":"Masked Bandits","floor":27,"gold_loss":7},{"damage_healed":0,"gold_gain":0,"player_choice":"2 cards matched","damage_taken":0,"max_hp_gain":0,"max_hp_loss":0,"event_name":"Match and Keep!","floor":36,"gold_loss":0,"cards_obtained":["Shame","Dramatic Entrance"]},{"damage_healed":0,"gold_gain":0,"player_choice":"Got Potions","damage_taken":0,"max_hp_gain":0,"max_hp_loss":0,"event_name":"Lab","floor":38,"gold_loss":0},{"damage_healed":0,"gold_gain":0,"player_choice":"Paid","damage_taken":0,"relics_obtained":["Red Mask"],"max_hp_gain":0,"max_hp_loss":0,"event_name":"Tomb of Lord Red Mask","floor":46,"gold_loss":0}],"is_beta":false,"boss_relics":[{"not_picked":["Fusion Hammer","Eternal Feather"],"picked":"Ectoplasm"},{"not_picked":["Runic Pyramid","Black Star"],"picked":"Coffee Dripper"}],"items_purged_floors":[5],"is_endless":false,"potions_floor_spawned":[1,7,14,18,28,30,33,37,41,48],"killed_by":"Awakened One","ascension_level":1}