{"gold_per_floor":[109,109,125,140,155,190,72,72,97,132,144,159,192,117,117,221,221,239,154,173,188,201,201,201,201],"floor_reached":25,"playtime":2502,"items_purged":["Strike_R"],"score":384,"play_id":"298eefe3-ad28-4392-902d-3a2dc38dab4c","local_time":"20190304192408","is_ascension_mode":true,"campfire_choices":[{"data":"Barricade","floor":8.0,"key":"SMITH"},{"data":"Armaments","floor":15.0,"key":"SMITH"},{"data":"Entrench","floor":24,"key":"SMITH"}],"neow_cost":"NONE","seed_source_timestamp":103165753530583,"circlet_count":0,"master_deck":["Strike_R","Strike_R","Strike_R","Strike_R","Defend_R","Defend_R","Defend_R","Bash","Armaments+1","Havoc","Seeing Red","True Grit","Barricade+1","Warcry","Entrench+1","Whirlwind","Metallicize","Thunderclap","Shrug It Off","Iron Wave","Spot Weakness"],"special_seed":0,"relics":["Burning Blood","Lantern","Tiny Chest","Pen Nib","Red Skull","Regal Pillow","Runic Pyramid","Omamori"],"potions_floor_usage":[21,22,22,23],"damage_taken":[{"damage":5.0,"enemies":"Small Slimes","floor":1.0,"turns":3.0},{"damage":6.0,"enemies":"Cultist","floor":3.0,"turns":3.0},{"damage":1.0,"enemies":"2 Louse","floor":4.0,"turns":3.0},{"damage":1.0,"enemies":"2 Fungi Beasts","floor":5.0,"turns":5.0},{"damage":0.0,"enemies":"Lagavulin","floor":6.0,"turns":7.0},{"damage":42.0,"enemies":"3 Sentries","floor":10.0,"turns":13.0},{"damage":14.0,"enemies":"Red Slaver","floor":11.0,"turns":5.0},{"damage":8.0,"enemies":"Blue Slaver","floor":12.0,"turns":2.0},{"damage":13.0,"enemies":"Lagavulin","floor":13.0,"turns":7.0},{"damage":0.0,"enemies":"The Guardian","floor":16.0,"turns":18.0},{"damage":3,"enemies":"Shell Parasite","floor":18,"turns":10},{"damage":1,"enemies":"Spheric Guardian","floor":20,"turns":12},{"damage":29,"enemies":"3 Cultists","floor":21,"turns":6},{"damage":12,"enemies":"Chosen and Byrds","floor":22,"turns":9},{"damage":5,"enemies":"Gremlin Leader","floor":23,"turns":2},{"damage":57,"enemies":"Slavers","floor":25,"turns":5}],"seed_played":"7074974668074654739","potions_obtained":[{"floor":4.0,"key":"PowerPotion"},{"floor":5.0,"key":"Poison Potion"},{"floor":6.0,"key":"FearPotion"},{"floor":11.0,"key":"SmokeBomb"},{"floor":13.0,"key":"Explosive Potion"},{"floor":16.0,"key":"Explosive Potion"},{"floor":21,"key":"Weak Potion"}],"is_trial":false,"path_per_floor":["M","?","M","M","M","E","$","R","T","E","M","M","E","$","R","B",null,"M","?","M","M","M","E","R","E"],"character_chosen":"IRONCLAD","items_purchased":["Tiny Chest"],"campfire_rested":0,"item_purchase_floors":[7],"current_hp_per_floor":[80,80,80,80,80,80,80,80,80,44,36,34,27,27,27,33,80,80,80,80,57,51,52,52,0],"gold":201,"neow_bonus":"THREE_CARDS","is_prod":false,"is_daily":false,"chose_seed":false,"campfire_upgraded":3,"win_rate":0,"timestamp":1551723848,"path_taken":["M","?","M","M","M","E","$","R","T","E","M","?","E","$","R","BOSS","M","?","M","M","M","E","R","E"],"build_version":"2019-01-23","purchased_purges":1,"victory":false,"max_hp_per_floor":[80,80,80,80,80,80,80,80,80,80,80,80,80,80,80,80,80,80,80,80,80,80,80,80,80],"card_choices":[{"not_picked":["Wild Strike","True Grit"],"picked":"Armaments","floor":0.0},{"not_picked":["Anger","Fire Breathing"],"picked":"Havoc","floor":1.0},{"not_picked":["Anger","True Grit"],"picked":"Seeing Red","floor":3.0},{"not_picked":["Body Slam","Heavy Blade"],"picked":"True Grit","floor":4.0},{"not_picked":["Perfected Strike","True Grit"],"picked":"Barricade","floor":5.0},{"not_picked":["Carnage","Iron Wave"],"picked":"Warcry","floor":6.0},{"not_picked":["Warcry","Armaments"],"picked":"Entrench","floor":10.0},{"not_picked":["Shockwave","Thunderclap"],"picked":"Whirlwind","floor":11.0},{"not_picked":["Seeing Red","Corruption","Pommel Strike"],"picked":"SKIP","floor":12.0},{"not_picked":["Blood for Blood","Pommel Strike"],"picked":"Metallicize","floor":13.0},{"not_picked":["Warcry+1","Rupture"],"picked":"Thunderclap","floor":18},{"not_picked":["Battle Trance","Headbutt"],"picked":"Shrug It Off","floor":20},{"not_picked":["Pommel Strike","Evolve"],"picked":"Iron Wave","floor":21},{"not_picked":["Body Slam","Reckless Charge"],"picked":"Spot Weakness","floor":22}],"player_experience":250850,"relics_obtained":[{"floor":6.0,"key":"Lantern"},{"floor":9.0,"key":"Pen Nib"},{"floor":10.0,"key":"Red Skull"},{"floor":13.0,"key":"Regal Pillow"}],"event_choices":[{"cards_removed":["Defend_R"],"damage_healed":0.0,"max_hp_gain":0.0,"max_hp_loss":0.0,"gold_gain":0.0,"event_name":"Purifier","player_choice":"Purged","floor":2.0,"gold_loss":0.0,"damage_taken":0.0},{"damage_healed":0,"gold_gain":0,"player_choice":"Obtained Relic","damage_taken":0,"relics_obtained":["Omamori"],"max_hp_gain":0,"max_hp_loss":0,"event_name":"Addict","floor":19,"gold_loss":85}],"is_beta":false,"boss_relics":[{"not_picked":["Pandora\u0027s Box","Snecko Eye"],"picked":"Runic Pyramid"}],"items_purged_floors":[14],"is_endless":false,"potions_floor_spawned":[4,5,6,11,13,16,21,23],"killed_by":"Slavers","ascension_level":4}