{"gold_per_floor":[119,46,46,62,79,109,109,121,121,135,155,155,184,204,204,304,304,324,324,239,239,164,164,177,207,230,230],"floor_reached":27,"playtime":1310,"items_purged":["Defend_R"],"score":304,"play_id":"d56fefda-75b9-4de9-b58a-fda6c99950db","local_time":"20190409193716","is_ascension_mode":true,"campfire_choices":[{"data":"Sword Boomerang","floor":7,"key":"SMITH"},{"data":"Pommel Strike","floor":12,"key":"SMITH"},{"floor":15,"key":"REST"},{"data":"RitualDagger","floor":23,"key":"SMITH"}],"neow_cost":"NONE","seed_source_timestamp":2583185333300790,"circlet_count":0,"master_deck":["Strike_R","Strike_R","Strike_R","Strike_R","Defend_R","Defend_R","Defend_R","Bash","Sword Boomerang+1","Inflame","Flex","Pommel Strike+1","Shrug It Off","RitualDagger+1"],"relics":["Burning Blood","NeowsBlessing","Self Forming Clay","Dodecahedron","Bottled Lightning","Eternal Feather","Gremlin Horn","Kunai","Oddly Smooth Stone","Omamori"],"potions_floor_usage":[6,13,14,16,24,24],"damage_taken":[{"damage":0,"enemies":"Jaw Worm","floor":1,"turns":1},{"damage":0,"enemies":"Cultist","floor":4,"turns":1},{"damage":0,"enemies":"2 Louse","floor":5,"turns":1},{"damage":50,"enemies":"3 Sentries","floor":6,"turns":10},{"damage":13,"enemies":"Blue Slaver","floor":8,"turns":3},{"damage":12,"enemies":"Gremlin Gang","floor":10,"turns":5},{"damage":0,"enemies":"Large Slime","floor":11,"turns":3},{"damage":26,"enemies":"Gremlin Nob","floor":13,"turns":4},{"damage":5,"enemies":"2 Fungi Beasts","floor":14,"turns":3},{"damage":37,"enemies":"The Guardian","floor":16,"turns":16},{"damage":27,"enemies":"Shell Parasite","floor":18,"turns":5},{"damage":11,"enemies":"3 Byrds","floor":24,"turns":4},{"damage":24,"enemies":"Gremlin Leader","floor":25,"turns":6},{"damage":19,"enemies":"Snake Plant","floor":27,"turns":2}],"seed_played":"8195223985404965311","potions_obtained":[{"floor":1,"key":"LiquidBronze"},{"floor":4,"key":"SpeedPotion"},{"floor":8,"key":"GamblersBrew"},{"floor":13,"key":"Poison Potion"},{"floor":14,"key":"BloodPotion"},{"floor":18,"key":"Weak Potion"},{"floor":24,"key":"Strength Potion"}],"is_trial":false,"path_per_floor":["M","$","?","M","M","E","R","M","T","M","M","R","E","M","R","B",null,"M","?","?","T","$","R","M","E","T","M"],"character_chosen":"IRONCLAD","items_purchased":["Inflame"],"campfire_rested":1,"item_purchase_floors":[2],"current_hp_per_floor":[80,80,80,80,80,36,36,29,29,23,29,29,9,10,34,11,63,42,36,36,36,36,42,37,19,19,0],"gold":230,"neow_bonus":"THREE_ENEMY_KILL","is_prod":false,"is_daily":false,"chose_seed":false,"campfire_upgraded":3,"win_rate":0,"timestamp":1554831436,"path_taken":["M","$","?","?","M","E","R","M","T","M","M","R","E","M","R","BOSS","M","?","?","?","?","R","M","E","T","?"],"build_version":"2019-01-23","purchased_purges":1,"victory":false,"max_hp_per_floor":[80,80,80,80,80,80,80,80,80,80,80,80,80,80,80,80,80,80,80,80,80,80,80,80,80,80,80],"card_choices":[{"not_picked":["Corruption","Clash"],"picked":"Sword Boomerang","floor":1},{"not_picked":["Metallicize","Seeing Red","Flex"],"picked":"SKIP","floor":4},{"not_picked":["Metallicize","Seeing Red"],"picked":"Flex","floor":4},{"not_picked":["Blood for Blood","Wild Strike","Headbutt"],"picked":"SKIP","floor":5},{"not_picked":["Anger","Havoc"],"picked":"Pommel Strike","floor":6},{"not_picked":["Shrug It Off","Havoc","Dropkick"],"picked":"SKIP","floor":8},{"not_picked":["Havoc","Dropkick"],"picked":"Shrug It Off","floor":8},{"not_picked":["Warcry","Clothesline","Armaments"],"picked":"SKIP","floor":10},{"not_picked":["Clash","Infernal Blade","Flex"],"picked":"SKIP","floor":11},{"not_picked":["Clash","Uppercut","Immolate"],"picked":"SKIP","floor":13},{"not_picked":["Clothesline","Spot Weakness","Pommel Strike"],"picked":"SKIP","floor":14},{"not_picked":["Shrug It Off","Flex","Second Wind"],"picked":"SKIP","floor":18},{"not_picked":["Sentinel","Armaments+1","Bloodletting"],"picked":"SKIP","floor":24},{"not_picked":["Bloodletting","Armaments","Cleave"],"picked":"SKIP","floor":25}],"player_experience":162868,"relics_obtained":[{"floor":6,"key":"Self Forming Clay"},{"floor":9,"key":"Dodecahedron"},{"floor":13,"key":"Bottled Lightning"},{"floor":21,"key":"Kunai"},{"floor":25,"key":"Oddly Smooth Stone"},{"floor":26,"key":"Omamori"}],"event_choices":[{"cards_removed":["Strike_R"],"damage_healed":0,"gold_gain":0,"player_choice":"Offered Basic","damage_taken":0,"max_hp_gain":0,"max_hp_loss":0,"event_name":"Bonfire Elementals","floor":3,"gold_loss":0},{"damage_healed":0,"gold_gain":0,"player_choice":"Joined the Cult","damage_taken":6,"max_hp_gain":0,"max_hp_loss":0,"event_name":"Nest","floor":19,"gold_loss":0,"cards_obtained":["RitualDagger"]},{"damage_healed":0,"gold_gain":0,"player_choice":"Obtained Relic","damage_taken":0,"relics_obtained":["Gremlin Horn"],"max_hp_gain":0,"max_hp_loss":0,"event_name":"Addict","floor":20,"gold_loss":85}],"is_beta":false,"boss_relics":[{"not_picked":["Empty Cage","Tiny House"],"picked":"Eternal Feather"}],"items_purged_floors":[22],"is_endless":false,"potions_floor_spawned":[1,4,8,13,14,18,24],"killed_by":"Snake Plant","ascension_level":5}