{"gold_per_floor":[117,117,117,117,137,137,172,172,172,182,83,115,115,148,148,148],"floor_reached":16,"playtime":557,"items_purged":["Strike_R"],"score":157,"play_id":"9767e19a-7d37-4ad7-b193-425ad486fae9","local_time":"20190109194649","is_ascension_mode":true,"campfire_choices":[{"data":"Inflame","floor":6,"key":"SMITH"},{"data":"Armaments","floor":8,"key":"SMITH"},{"floor":15,"key":"REST"}],"neow_cost":"NONE","seed_source_timestamp":20049633628436,"circlet_count":0,"master_deck":["Strike_R","Strike_R","Strike_R","Defend_R","Defend_R","Defend_R","Defend_R","Bash","Cleave","Inflame+1","Armaments+1","Whirlwind","Shrug It Off","Body Slam","Metallicize"],"relics":["Burning Blood","hubris:Metronome","Art of War","Bottled Lightning","Nunchaku","hubris:ChampionShield","hubris:Potato"],"potions_floor_usage":[14],"damage_taken":[{"damage":12,"enemies":"Small Slimes","floor":1,"turns":3},{"damage":2,"enemies":"Jaw Worm","floor":5,"turns":3},{"damage":25,"enemies":"3 Sentries","floor":7,"turns":5},{"damage":3,"enemies":"2 Louse","floor":10,"turns":2},{"damage":32,"enemies":"Gremlin Nob","floor":12,"turns":4},{"damage":20,"enemies":"3 Sentries","floor":14,"turns":3},{"damage":49,"enemies":"Hexaghost","floor":16,"turns":11}],"seed_played":"-2552561345043683513","potions_obtained":[{"floor":12,"key":"Regen Potion"},{"floor":14,"key":"Energy Potion"}],"is_trial":false,"path_per_floor":["M","?","?","T","M","R","E","R","T","M","$","E","?","E","R","B"],"character_chosen":"IRONCLAD","items_purchased":["Shrug It Off"],"campfire_rested":1,"item_purchase_floors":[11],"current_hp_per_floor":[66,71,71,71,75,75,56,56,56,59,59,33,26,21,46,0],"gold":148,"neow_bonus":"REMOVE_CARD","is_prod":false,"is_daily":false,"chose_seed":false,"campfire_upgraded":2,"win_rate":0,"timestamp":1547059609,"path_taken":["M","?","?","?","M","R","E","R","T","M","?","E","?","E","R","BOSS"],"build_version":"2019-01-03v4","purchased_purges":1,"victory":false,"max_hp_per_floor":[80,85,85,85,85,85,85,85,85,85,85,85,85,85,85,85],"card_choices":[{"not_picked":["Twin Strike","True Grit"],"picked":"Cleave","floor":1},{"not_picked":["Wild Strike","True Grit"],"picked":"Inflame","floor":5},{"not_picked":["True Grit","Clothesline"],"picked":"Armaments","floor":7},{"not_picked":["Inflame","True Grit"],"picked":"Whirlwind","floor":10},{"not_picked":["Thunderclap","Evolve"],"picked":"Body Slam","floor":12},{"not_picked":["Warcry","Uppercut"],"picked":"Metallicize","floor":14}],"player_experience":505057,"relics_obtained":[{"floor":4,"key":"hubris:Metronome"},{"floor":7,"key":"Art of War"},{"floor":9,"key":"Bottled Lightning"},{"floor":12,"key":"Nunchaku"},{"floor":14,"key":"hubris:Potato"}],"event_choices":[{"damage_healed":0,"gold_gain":0,"player_choice":"Donut","damage_taken":0,"max_hp_gain":5,"max_hp_loss":0,"event_name":"Big Fish","floor":2,"gold_loss":0},{"damage_healed":0,"gold_gain":0,"player_choice":"Success","damage_taken":7,"relics_obtained":["hubris:ChampionShield"],"max_hp_gain":0,"max_hp_loss":0,"event_name":"Scrap Ooze","floor":13,"gold_loss":0}],"is_beta":false,"boss_relics":[],"items_purged_floors":[11],"is_endless":false,"potions_floor_spawned":[12,14],"killed_by":"Hexaghost","ascension_level":7}