{"gold_per_floor":[112,35,35,55,74,107,122,152,152,152,152,178,198,198,198,198],"floor_reached":16,"playtime":881,"items_purged":[],"score":144,"play_id":"a384bd6f-f36f-4a80-a8f3-e22af823fb4c","local_time":"20181214145550","is_ascension_mode":true,"campfire_choices":[{"floor":11,"key":"REST"},{"floor":15,"key":"REST"}],"neow_cost":"NONE","seed_source_timestamp":213563209726273,"circlet_count":0,"master_deck":["Strike_R","Strike_R","Strike_R","Strike_R","Strike_R","Defend_R","Defend_R","Defend_R","Defend_R","Bash","Clash","Rage+1","Intimidate","Shrug It Off","Shrug It Off","Cleave+1","Impervious","Headbutt"],"relics":["Burning Blood","Singing Bowl","Dream Catcher","Vajra","Bottled Flame"],"potions_floor_usage":[6,8,12],"damage_taken":[{"damage":0,"enemies":"Small Slimes","floor":1,"turns":3},{"damage":0,"enemies":"2 Louse","floor":4,"turns":2},{"damage":0,"enemies":"Cultist","floor":5,"turns":3},{"damage":50,"enemies":"Lagavulin","floor":6,"turns":12},{"damage":1,"enemies":"Large Slime","floor":7,"turns":10},{"damage":49,"enemies":"3 Sentries","floor":8,"turns":13},{"damage":26,"enemies":"Gremlin Nob","floor":12,"turns":5},{"damage":1,"enemies":"Exordium Thugs","floor":13,"turns":4},{"damage":53,"enemies":"Hexaghost","floor":16,"turns":10}],"seed_played":"3986981146856007685","potions_obtained":[{"floor":1,"key":"Dexterity Potion"},{"floor":6,"key":"Fire Potion"},{"floor":8,"key":"EssenceOfSteel"},{"floor":12,"key":"SpeedPotion"}],"is_trial":false,"path_per_floor":["M","$","?","M","M","E","M","E","T","?","R","E","M","?","R","B"],"character_chosen":"IRONCLAD","items_purchased":["Rage"],"campfire_rested":2,"item_purchase_floors":[2],"current_hp_per_floor":[88,88,88,88,88,44,51,8,8,8,37,17,22,22,51,0],"gold":198,"neow_bonus":"TEN_PERCENT_HP_BONUS","is_prod":false,"is_daily":false,"chose_seed":false,"campfire_upgraded":0,"win_rate":0,"timestamp":1544795750,"path_taken":["M","$","?","M","M","E","M","E","T","?","R","E","?","?","R","BOSS"],"build_version":"2018-12-13","purchased_purges":0,"victory":false,"max_hp_per_floor":[88,88,88,88,88,88,90,90,90,90,92,92,92,92,94,94],"card_choices":[{"not_picked":["Hemokinesis","Combust"],"picked":"Clash","floor":1},{"not_picked":["Feel No Pain","Second Wind"],"picked":"Intimidate","floor":4},{"not_picked":["Warcry","Combust"],"picked":"Shrug It Off","floor":5},{"not_picked":["Warcry","Berserk"],"picked":"Shrug It Off","floor":6},{"not_picked":["Burning Pact","Perfected Strike","Clothesline"],"picked":"Singing Bowl","floor":7},{"not_picked":["Armaments","Berserk"],"picked":"Cleave","floor":8},{"not_picked":["True Grit","Wild Strike","Armaments"],"picked":"Singing Bowl","floor":11},{"not_picked":["Cleave","Battle Trance"],"picked":"Impervious","floor":12},{"not_picked":["Heavy Blade","Shrug It Off"],"picked":"Headbutt","floor":13},{"not_picked":["True Grit","Heavy Blade","Cleave"],"picked":"Singing Bowl","floor":15}],"player_experience":313392,"relics_obtained":[{"floor":6,"key":"Singing Bowl"},{"floor":8,"key":"Dream Catcher"},{"floor":9,"key":"Vajra"},{"floor":12,"key":"Bottled Flame"}],"event_choices":[{"damage_healed":0,"gold_gain":0,"player_choice":"Leave","damage_taken":0,"max_hp_gain":0,"max_hp_loss":0,"event_name":"The Cleric","floor":3,"gold_loss":0},{"damage_healed":0,"gold_gain":0,"player_choice":"Upgraded","damage_taken":0,"max_hp_gain":0,"max_hp_loss":0,"event_name":"Upgrade Shrine","floor":10,"gold_loss":0,"cards_upgraded":["Cleave"]},{"damage_healed":0,"gold_gain":0,"player_choice":"Forge","damage_taken":0,"max_hp_gain":0,"max_hp_loss":0,"event_name":"Accursed Blacksmith","floor":14,"gold_loss":0,"cards_upgraded":["Rage"]}],"is_beta":false,"boss_relics":[],"items_purged_floors":[],"is_endless":false,"potions_floor_spawned":[1,6,8,12],"killed_by":"Hexaghost","ascension_level":4}