{"gold_per_floor":[109,109,133,156,175,175,216,216,216,41,75,150,188,207,207,330,330,343,359,116,129,154,185,83,83,113,28,28,51,51,51,51,153,153,169,44,67,67,79,98,126,145,169,169,169,169,182,199,199,199],"floor_reached":50,"playtime":5038,"items_purged":["Strike_G"],"score":537,"play_id":"fcc8ac90-7261-4ad5-b02c-6db435a7796e","local_time":"20180703181838","is_ascension_mode":false,"campfire_choices":[{"floor":6,"key":"REST"},{"floor":8,"key":"REST"},{"floor":15,"key":"REST"},{"floor":28,"key":"REST"},{"floor":32,"key":"REST"},{"floor":45,"key":"REST"},{"floor":49,"key":"REST"}],"neow_cost":"NONE","seed_source_timestamp":230256210954231,"circlet_count":0,"master_deck":["Defend_G","Defend_G","Defend_G","Defend_G","Defend_G","Strike_G","Strike_G","Strike_G","Strike_G","Survivor","Neutralize","Backflip","Choke","Well Laid Plans","Panache","Infinite Blades","Burst","Choke","Outmaneuver","Dodge and Roll","Flash of Steel","Endless Agony+1","Night Terror+1","Slice+1","Slice","Injury","Slice+1","Prepared+1","Transmutation"],"relics":["Fusion Hammer","Bloody Idol","Blood Vial","Kunai","Calipers","Anchor","Ancient Tea Set","Sozu","Bottled Tornado","Juzu Bracelet","Tiny Chest","Question Card","Enchiridion","Runic Pyramid","Potion Belt","Orichalcum","Bag of Marbles"],"potions_floor_usage":[16,16,23],"damage_taken":[{"damage":0,"enemies":"2 Louse","floor":1,"turns":3},{"damage":0,"enemies":"Jaw Worm","floor":3,"turns":4},{"damage":0,"enemies":"Small Slimes","floor":4,"turns":3},{"damage":10,"enemies":"Gremlin Gang","floor":5,"turns":5},{"damage":16,"enemies":"3 Sentries","floor":7,"turns":6},{"damage":10,"enemies":"Gremlin Nob","floor":11,"turns":4},{"damage":15,"enemies":"Gremlin Nob","floor":12,"turns":4},{"damage":0,"enemies":"Lagavulin","floor":13,"turns":6},{"damage":0,"enemies":"3 Louse","floor":14,"turns":3},{"damage":14,"enemies":"Hexaghost","floor":16,"turns":8},{"damage":0,"enemies":"Shell Parasite","floor":18,"turns":4},{"damage":0,"enemies":"3 Byrds","floor":19,"turns":4},{"damage":10,"enemies":"Cultist and Chosen","floor":21,"turns":6},{"damage":24,"enemies":"Chosen and Byrds","floor":22,"turns":6},{"damage":19,"enemies":"Slavers","floor":23,"turns":4},{"damage":24,"enemies":"Slaver and Parasite","floor":29,"turns":5},{"damage":24,"enemies":"Collector","floor":33,"turns":6},{"damage":1,"enemies":"Orb Walker","floor":35,"turns":4},{"damage":37,"enemies":"3 Darklings","floor":39,"turns":5},{"damage":0,"enemies":"4 Shapes","floor":40,"turns":8},{"damage":21,"enemies":"Giant Head","floor":41,"turns":8},{"damage":29,"enemies":"Sphere and 2 Shapes","floor":42,"turns":6},{"damage":17,"enemies":"3 Darklings","floor":47,"turns":5},{"damage":25,"enemies":"4 Shapes","floor":48,"turns":6},{"damage":34,"enemies":"Time Eater","floor":50,"turns":6}],"seed_played":"-2817615326372360135","potions_obtained":[{"floor":1,"key":"Weak Potion"},{"floor":3,"key":"Weak Potion"},{"floor":4,"key":"Dexterity Potion"},{"floor":12,"key":"AttackPotion"},{"floor":14,"key":"Explosive Potion"}],"is_trial":false,"path_per_floor":["M","?","M","M","M","R","E","R","T","$","E","?","E","M","R","B",null,"M","M","$","M","M","E","$","?","T","?","R","M","?","?","R","B",null,"M","$","T","?","M","M","E","M","T","?","R","?","M","M","R"],"character_chosen":"THE_SILENT","items_purchased":["Panache","Bottled Tornado","Flash of Steel","Slice"],"campfire_rested":7,"item_purchase_floors":[10,20,24,36],"current_hp_per_floor":[70,53,53,53,43,64,48,69,69,69,60,47,49,51,70,56,70,70,70,70,60,38,21,21,21,21,21,42,20,20,4,25,8,70,70,70,70,70,38,45,31,9,14,14,35,35,25,7,28,0],"gold":199,"neow_bonus":"BOSS_RELIC","is_prod":false,"is_daily":false,"chose_seed":false,"campfire_upgraded":0,"win_rate":0,"timestamp":1530634718,"path_taken":["M","?","M","M","M","R","E","R","T","$","E","?","E","M","R","BOSS","M","M","$","M","M","E","$","?","T","?","R","M","?","?","R","BOSS","M","$","?","?","M","M","E","M","T","?","R","?","M","M","R","BOSS"],"build_version":"2018-06-28","purchased_purges":1,"victory":false,"max_hp_per_floor":[70,70,70,70,70,70,70,70,70,70,70,70,70,70,70,70,70,70,70,70,70,70,70,70,70,70,70,70,70,70,70,70,70,70,70,70,70,70,70,70,70,70,70,70,70,70,70,70,70,70],"card_choices":[{"not_picked":["Underhanded Strike","All Out Attack"],"picked":"Backflip","floor":1},{"not_picked":["Acrobatics","Deadly Poison"],"picked":"Choke","floor":3},{"not_picked":["Dagger Spray","Acrobatics","Outmaneuver"],"picked":"SKIP","floor":4},{"not_picked":["Noxious Fumes","Dagger Throw"],"picked":"Dagger Spray","floor":5},{"not_picked":["Outmaneuver","After Image"],"picked":"Well Laid Plans","floor":7},{"not_picked":["PiercingWail","Dash","Sucker Punch"],"picked":"SKIP","floor":11},{"not_picked":["Skewer","Outmaneuver"],"picked":"Infinite Blades","floor":12},{"not_picked":["Underhanded Strike","Dagger Spray"],"picked":"Burst","floor":13},{"not_picked":["Backflip","Bane"],"picked":"Choke","floor":14},{"not_picked":["Bane","Heel Hook","Poisoned Stab"],"picked":"SKIP","floor":18},{"not_picked":["Escape Plan","Quick Slash","Dagger Throw"],"picked":"SKIP","floor":19},{"not_picked":["Backflip","Crippling Poison"],"picked":"Outmaneuver","floor":21},{"not_picked":["Well Laid Plans+1","Dagger Throw+1"],"picked":"Dodge and Roll","floor":22},{"not_picked":["Envenom","Dodge and Roll","Sucker Punch+1"],"picked":"SKIP","floor":23},{"not_picked":["Backflip","Underhanded Strike+1","Sucker Punch+1"],"picked":"Endless Agony+1","floor":29},{"not_picked":["After Image","Venomology","Burst"],"picked":"Night Terror","floor":33},{"not_picked":["Caltrops","Dagger Throw","Heel Hook"],"picked":"Slice+1","floor":35},{"not_picked":["Flying Knee","Deflect+1","Underhanded Strike"],"picked":"Slice+1","floor":39},{"not_picked":["Escape Plan","Bouncing Flask+1","Flying Knee","Crippling Poison"],"picked":"SKIP","floor":40},{"not_picked":["Corpse Explosion","Flechettes+1","Underhanded Strike+1"],"picked":"Prepared+1","floor":41},{"not_picked":["Calculated Gamble+1","Sucker Punch","Footwork+1","Noxious Fumes"],"picked":"SKIP","floor":42},{"not_picked":["Thinking Ahead","Dark Shackles","Dramatic Entrance"],"picked":"Transmutation","floor":46},{"not_picked":["Poisoned Stab+1","Slice","Deadly Poison+1","Adrenaline"],"picked":"SKIP","floor":47},{"not_picked":["Deflect","Flechettes+1","Bouncing Flask+1","Riddle With Holes+1"],"picked":"SKIP","floor":48}],"player_experience":23926,"relics_obtained":[{"floor":7,"key":"Blood Vial"},{"floor":9,"key":"Kunai"},{"floor":11,"key":"Calipers"},{"floor":12,"key":"Anchor"},{"floor":13,"key":"Ancient Tea Set"},{"floor":23,"key":"Juzu Bracelet"},{"floor":26,"key":"Tiny Chest"},{"floor":31,"key":"Enchiridion"},{"floor":37,"key":"Potion Belt"},{"floor":41,"key":"Orichalcum"},{"floor":43,"key":"Bag of Marbles"}],"event_choices":[{"event_name":"Golden Idol","player_choice":"Take Damage","floor":2,"damage_taken":0},{"event_name":"Dead Adventurer","player_choice":"Searched \u00271\u0027 times","floor":12,"damage_taken":0},{"event_name":"Drug Dealer","player_choice":"Ignored","floor":25,"damage_taken":0},{"event_name":"Addict","player_choice":"Obtained Relic","floor":27,"damage_taken":0},{"event_name":"Forgotten Altar","player_choice":"Gave Idol","floor":30,"damage_taken":0},{"event_name":"Cursed Tome","player_choice":"Obtained Book","floor":31,"damage_taken":0},{"event_name":"Accursed Blacksmith","player_choice":"Forge","floor":38,"damage_taken":0},{"event_name":"Falling","player_choice":"Removed Attack","floor":44,"damage_taken":0},{"event_name":"SensoryStone","player_choice":"Memory 1","floor":46,"damage_taken":0}],"boss_relics":[{"not_picked":["Astrolabe","Busted Crown"],"picked":"Sozu"},{"not_picked":["Eternal Feather","Tiny House"],"picked":"Runic Pyramid"}],"items_purged_floors":[36],"is_endless":false,"potions_floor_spawned":[1,3,4,12,14,18,21,22,35,40,41],"killed_by":"Time Eater","ascension_level":0}