{"gold_per_floor":[113,125,138,153,171,171,197,197,269,269,279,44,72,83,83,83],"floor_reached":16,"playtime":1487,"items_purged":["Strike_R"],"score":173,"play_id":"695bd748-eb17-46fa-b60d-52354f2965fc","local_time":"20181217223832","is_ascension_mode":true,"campfire_choices":[{"data":"Body Slam","floor":6,"key":"SMITH"},{"data":"Battle Trance","floor":8,"key":"SMITH"},{"data":"Heavy Blade","floor":10,"key":"SMITH"},{"floor":15,"key":"REST"}],"neow_cost":"NONE","seed_source_timestamp":101285818426477,"circlet_count":0,"master_deck":["Strike_R","Strike_R","Strike_R","Strike_R","Defend_R","Defend_R","Defend_R","Defend_R","Bash","Heavy Blade+1","Warcry","Body Slam+1","Battle Trance+1","Headbutt","Impervious","Impervious","Shrug It Off"],"relics":["Burning Blood","Pear","Gremlin Horn","Du-Vu Doll"],"potions_floor_usage":[7,16],"damage_taken":[{"damage":6,"enemies":"Cultist","floor":1,"turns":3},{"damage":0,"enemies":"Small Slimes","floor":2,"turns":3},{"damage":2,"enemies":"2 Louse","floor":3,"turns":3},{"damage":13,"enemies":"Red Slaver","floor":4,"turns":3},{"damage":12,"enemies":"Looter","floor":5,"turns":4},{"damage":35,"enemies":"3 Sentries","floor":7,"turns":8},{"damage":16,"enemies":"2 Fungi Beasts","floor":11,"turns":4},{"damage":33,"enemies":"Lagavulin","floor":13,"turns":6},{"damage":4,"enemies":"Exordium Wildlife","floor":14,"turns":3},{"damage":60,"enemies":"The Guardian","floor":16,"turns":15}],"seed_played":"6425753959536246745","potions_obtained":[{"floor":2,"key":"Strength Potion"},{"floor":7,"key":"BloodPotion"}],"is_trial":false,"path_per_floor":["M","M","M","M","M","R","E","R","T","R","M","$","E","M","R","B"],"character_chosen":"IRONCLAD","items_purchased":["Impervious"],"campfire_rested":1,"item_purchase_floors":[12],"current_hp_per_floor":[80,86,88,81,75,75,56,56,56,56,46,46,19,21,50,0],"gold":83,"neow_bonus":"TEN_PERCENT_HP_BONUS","is_prod":false,"is_daily":false,"chose_seed":false,"campfire_upgraded":3,"win_rate":0,"timestamp":1545082712,"path_taken":["M","?","M","M","M","R","E","R","T","R","M","$","E","?","R","BOSS"],"build_version":"2018-12-13","purchased_purges":1,"victory":false,"max_hp_per_floor":[88,88,88,88,88,88,98,98,98,98,98,98,98,98,98,98],"card_choices":[{"not_picked":["Searing Blow","Anger"],"picked":"Heavy Blade","floor":1},{"not_picked":["Thunderclap","Clash"],"picked":"Warcry","floor":2},{"not_picked":["Sword Boomerang","Flex"],"picked":"Body Slam","floor":3},{"not_picked":["Headbutt","Body Slam"],"picked":"Battle Trance","floor":4},{"not_picked":["Twin Strike","Bloodletting","Heavy Blade"],"picked":"SKIP","floor":5},{"not_picked":["Iron Wave","Bloodletting","Blood for Blood"],"picked":"SKIP","floor":7},{"not_picked":["Sword Boomerang","Battle Trance"],"picked":"Headbutt","floor":11},{"not_picked":["Power Through","Ghostly Armor"],"picked":"Impervious","floor":13},{"not_picked":["Evolve","Clash"],"picked":"Shrug It Off","floor":14}],"player_experience":394914,"relics_obtained":[{"floor":7,"key":"Pear"},{"floor":9,"key":"Gremlin Horn"},{"floor":13,"key":"Du-Vu Doll"}],"event_choices":[],"is_beta":false,"boss_relics":[],"items_purged_floors":[12],"is_endless":false,"potions_floor_spawned":[2,7],"killed_by":"The Guardian","ascension_level":6}