{"gold_per_floor":[117,129,129,129,139,139,169,169,169,169,181,81,81,97,97,222,222,241,241,265,25,50,50,50,70,70,108,108,121,121,121,121,240,303,327,23,356,376,229,245,245,264,287,33,52,52,62,362,362,362],"floor_reached":50,"playtime":4773,"items_purged":["Regret"],"score":562,"play_id":"d7dab096-70a0-4ea9-886c-cb29c8629afc","local_time":"20180723121757","is_ascension_mode":false,"campfire_choices":[{"data":"Bash","floor":6.0,"key":"SMITH"},{"floor":10.0,"key":"REST"},{"floor":15.0,"key":"REST"},{"floor":23.0,"key":"REST"},{"floor":28.0,"key":"REST"},{"floor":30.0,"key":"REST"},{"data":"Feed","floor":32.0,"key":"SMITH"},{"data":"Heavy Blade","floor":41.0,"key":"SMITH"},{"floor":46.0,"key":"REST"},{"data":"Pommel Strike","floor":49.0,"key":"SMITH"}],"neow_cost":"NONE","seed_source_timestamp":1034467535014078,"circlet_count":0,"master_deck":["Defend_R","Defend_R","Defend_R","Bash+1","Rupture+1","Seeing Red+1","Berserk+1","Pommel Strike+1","Pommel Strike","Feed+1","Flex","Dropkick","Demon Form+1","Headbutt","Bite","Bite","Bite+1","Bite","Bite","Metallicize","Heavy Blade+1","Heavy Blade+1","Madness"],"special_seed":0,"relics":["Astrolabe","Ice Cream","Smiling Mask","Question Card","Sundial","Busted Crown","Shuriken","Mercury Hourglass","Charon\u0027s Ashes","Tiny House","Pantograph","Happy Flower","Centennial Puzzle","Regal Pillow"],"potions_floor_usage":[50],"damage_taken":[{"damage":22.0,"enemies":"Jaw Worm","floor":1.0,"turns":4.0},{"damage":1.0,"enemies":"2 Louse","floor":2.0,"turns":2.0},{"damage":8.0,"enemies":"Small Slimes","floor":5.0,"turns":3.0},{"damage":38.0,"enemies":"Gremlin Nob","floor":7.0,"turns":4.0},{"damage":16.0,"enemies":"Gremlin Gang","floor":11.0,"turns":4.0},{"damage":14.0,"enemies":"Blue Slaver","floor":14.0,"turns":3.0},{"damage":45.0,"enemies":"Slime Boss","floor":16.0,"turns":8.0},{"damage":20.0,"enemies":"Chosen","floor":18.0,"turns":4.0},{"damage":31.0,"enemies":"2 Thieves","floor":20.0,"turns":5.0},{"damage":15.0,"enemies":"Cultist and Chosen","floor":22.0,"turns":4.0},{"damage":23.0,"enemies":"Sentry and Sphere","floor":25.0,"turns":5.0},{"damage":0.0,"enemies":"Gremlin Leader","floor":27.0,"turns":4.0},{"damage":22.0,"enemies":"Centurion and Healer","floor":29.0,"turns":3.0},{"damage":27.0,"enemies":"Champ","floor":33.0,"turns":5.0},{"damage":14.0,"enemies":"3 Shapes","floor":35.0,"turns":3.0},{"damage":38.0,"enemies":"Orb Walker","floor":38.0,"turns":4.0},{"damage":0.0,"enemies":"Transient","floor":40.0,"turns":5.0},{"damage":31.0,"enemies":"Sphere and 2 Shapes","floor":42.0,"turns":4.0},{"damage":13.0,"enemies":"Spire Growth","floor":45.0,"turns":3.0},{"damage":12.0,"enemies":"Transient","floor":47.0,"turns":5.0},{"damage":137,"enemies":"Awakened One","floor":50,"turns":6}],"seed_played":"-8819767348761655453","potions_obtained":[{"floor":5.0,"key":"Ancient Potion"},{"floor":7.0,"key":"LiquidBronze"},{"floor":11.0,"key":"Regen Potion"},{"floor":14.0,"key":"LiquidBronze"},{"floor":16.0,"key":"SpeedPotion"},{"floor":18.0,"key":"FearPotion"},{"floor":33.0,"key":"Swift Potion"},{"floor":34.0,"key":"BloodPotion"},{"floor":38.0,"key":"Strength Potion"},{"floor":42.0,"key":"AttackPotion"},{"floor":45.0,"key":"GamblersBrew"}],"is_trial":false,"path_per_floor":["M","M","?","?","M","R","E","T","T","R","M","$","?","M","R","B",null,"M","?","M","$","M","R","$","M","T","E","R","M","R","?","R","B",null,"M","$","?","M","$","M","R","M","T","$","M","R","M","?","R"],"character_chosen":"IRONCLAD","items_purchased":["Flex","Shuriken","Pantograph","Heavy Blade","Happy Flower","Regal Pillow","Madness"],"campfire_rested":6,"item_purchase_floors":[12,21,36,36,39,44,44],"current_hp_per_floor":[58,57,57,57,49,49,11,11,11,35,22,22,22,11,35,5,80,60,60,32,32,20,45,45,25,25,25,51,29,55,55,55,44,67,59,59,59,26,26,40,40,22,22,22,22,60,63,63,63,0],"gold":362,"neow_bonus":"BOSS_RELIC","is_prod":false,"is_daily":false,"chose_seed":false,"campfire_upgraded":4,"win_rate":0.0,"timestamp":1532341077,"path_taken":["M","M","?","?","M","R","E","?","T","R","M","$","?","M","R","BOSS","M","?","?","$","M","R","?","M","T","E","R","M","R","?","R","BOSS","M","?","?","M","?","M","R","?","T","$","?","R","M","?","R","BOSS"],"build_version":"2018-07-19v2","purchased_purges":1,"victory":false,"max_hp_per_floor":[80,80,80,80,80,80,80,80,80,80,83,83,77,80,80,80,80,80,80,83,83,86,86,86,89,89,89,89,89,89,62,62,62,67,71,71,71,71,71,71,71,75,75,75,79,79,79,79,79,83],"card_choices":[{"not_picked":["Clothesline","Sword Boomerang"],"picked":"Pommel Strike","floor":1.0},{"not_picked":["Warcry","Clash","Sword Boomerang"],"picked":"SKIP","floor":2.0},{"not_picked":["Rupture","Reckless Charge"],"picked":"Pommel Strike","floor":5.0},{"not_picked":["Flex","Disarm"],"picked":"Feed","floor":7.0},{"not_picked":["Body Slam","Clothesline","Pommel Strike","Cleave"],"picked":"SKIP","floor":11.0},{"not_picked":["Dark Embrace","True Grit","Body Slam"],"picked":"Dropkick","floor":14.0},{"not_picked":["Double Tap","Offering","Feed"],"picked":"Demon Form","floor":16.0},{"not_picked":["Shockwave"],"picked":"Headbutt","floor":18.0},{"not_picked":["Disarm","Body Slam"],"picked":"SKIP","floor":20.0},{"not_picked":["Cleave","Sword Boomerang+1"],"picked":"SKIP","floor":22.0},{"not_picked":["Sever Soul+1","Inflame"],"picked":"SKIP","floor":25.0},{"not_picked":["Shockwave","Sword Boomerang"],"picked":"SKIP","floor":27.0},{"not_picked":["Rupture+1","Anger"],"picked":"SKIP","floor":29.0},{"not_picked":["Warcry"],"picked":"Metallicize","floor":34.0},{"not_picked":["Pommel Strike+1"],"picked":"Heavy Blade+1","floor":35.0},{"not_picked":["Headbutt+1","Combust+1"],"picked":"SKIP","floor":38.0},{"not_picked":["Bloodletting+1","Thunderclap"],"picked":"SKIP","floor":40.0},{"not_picked":["Battle Trance","Warcry"],"picked":"SKIP","floor":42.0},{"not_picked":["Sword Boomerang","Intimidate+1"],"picked":"SKIP","floor":45.0},{"not_picked":["Pommel Strike","Perfected Strike+1"],"picked":"SKIP","floor":47.0}],"player_experience":88463,"relics_obtained":[{"floor":7.0,"key":"Smiling Mask"},{"floor":8.0,"key":"Question Card"},{"floor":9.0,"key":"Sundial"},{"floor":26.0,"key":"Mercury Hourglass"},{"floor":27.0,"key":"Charon\u0027s Ashes"},{"floor":43.0,"key":"Centennial Puzzle"}],"event_choices":[{"event_name":"Golden Wing","player_choice":"Ignored","floor":3.0,"damage_taken":0.0},{"event_name":"Big Fish","player_choice":"Box","floor":4.0,"damage_taken":0.0},{"event_name":"Golden Idol","player_choice":"Lose Max HP","floor":13.0,"damage_taken":0.0},{"event_name":"Upgrade Shrine","player_choice":"Upgraded","floor":19.0,"damage_taken":0.0},{"event_name":"Vampires","player_choice":"Became a vampire","floor":31.0,"damage_taken":0.0},{"event_name":"The Moai Head","player_choice":"Gave Idol","floor":37.0,"damage_taken":0.0},{"event_name":"Wheel of Change","player_choice":"Gold","floor":48.0,"damage_taken":0.0}],"is_beta":false,"boss_relics":[{"not_picked":["Philosopher\u0027s Stone","Snecko Eye"],"picked":"Busted Crown"},{"not_picked":["Pandora\u0027s Box","Eternal Feather"],"picked":"Tiny House"}],"items_purged_floors":[12],"is_endless":false,"potions_floor_spawned":[5,7,11,14,16,18,27,33,38,42,45],"killed_by":"Awakened One","ascension_level":0}