{"gold_per_floor":[119,119,33,33,47,80,29,47,47,47,47,60,60,77,77,150,150,162,162,178,189,189,189],"floor_reached":23,"playtime":589,"items_purged":[],"score":532,"play_id":"34e7e91b-c2e4-4547-81b2-8f1080a547f6","local_time":"20190430203205","is_ascension_mode":true,"campfire_choices":[{"floor":11,"key":"REST"},{"data":"Beam Cell","floor":13,"key":"SMITH"},{"data":"Ball Lightning","floor":15,"key":"SMITH"}],"neow_cost":"NONE","seed_source_timestamp":3742886943011499,"circlet_count":0,"master_deck":["AscendersBane","Strike_B","Strike_B","Strike_B+1","Strike_B","Defend_B","Defend_B","Defend_B","Defend_B","Zap","Dualcast","Barrage+1","FTL","Leap","Ball Lightning+1","Cold Snap","Pain","Beam Cell+1","Coolheaded","Reboot","Regret","Parasite","Pain","Biased Cognition","Reinforced Body+1","Streamline"],"relics":["Cracked Core","NeowsBlessing","NlothsMask","Blue Candle","WarpedTongs","Calling Bell","Orichalcum","Sundial","Peace Pipe","The Courier"],"potions_floor_usage":[16,18,23],"damage_taken":[{"damage":0,"enemies":"Small Slimes","floor":1,"turns":1},{"damage":0,"enemies":"Cultist","floor":5,"turns":1},{"damage":0,"enemies":"Lagavulin","floor":6,"turns":1},{"damage":11,"enemies":"2 Louse","floor":8,"turns":2},{"damage":1,"enemies":"2 Fungi Beasts","floor":12,"turns":2},{"damage":15,"enemies":"Gremlin Gang","floor":14,"turns":4},{"damage":28,"enemies":"Hexaghost","floor":16,"turns":9},{"damage":11,"enemies":"Chosen","floor":18,"turns":4},{"damage":24,"enemies":"Colosseum Slavers","floor":19,"turns":4},{"damage":5,"enemies":"Spheric Guardian","floor":20,"turns":4},{"damage":15,"enemies":"Snecko","floor":21,"turns":6},{"damage":8,"enemies":"Book of Stabbing","floor":23,"turns":1}],"seed_played":"-4694735932298886062","potions_obtained":[{"floor":6,"key":"Ancient Potion"},{"floor":8,"key":"GamblersBrew"},{"floor":14,"key":"Regen Potion"},{"floor":21,"key":"FocusPotion"}],"is_trial":false,"path_per_floor":["M","?","$","?","M","E","?","M","T","?","R","M","R","M","R","B",null,"M","?","M","M","T","E"],"character_chosen":"DEFECT","items_purchased":["FTL"],"campfire_rested":1,"item_purchase_floors":[3],"current_hp_per_floor":[64,43,43,43,43,43,43,32,32,32,53,52,52,37,37,24,59,48,24,19,4,4,0],"gold":189,"neow_bonus":"THREE_ENEMY_KILL","is_prod":false,"is_daily":false,"chose_seed":false,"campfire_upgraded":2,"win_rate":0,"timestamp":1556652725,"path_taken":["M","?","$","?","?","E","?","M","T","?","R","?","R","?","R","BOSS","M","?","M","M","?","E"],"build_version":"2019-01-23","purchased_purges":0,"victory":false,"max_hp_per_floor":[71,71,71,71,71,71,71,71,71,71,71,71,71,71,71,71,71,71,71,71,71,71,71],"card_choices":[{"not_picked":["Steam","Leap"],"picked":"Barrage","floor":1},{"not_picked":["Chill","Genetic Algorithm"],"picked":"Leap","floor":5},{"not_picked":["Storm","Stack"],"picked":"Ball Lightning","floor":6},{"not_picked":["Streamline","Ball Lightning"],"picked":"Cold Snap","floor":8},{"not_picked":["Sunder","Scrape"],"picked":"Beam Cell","floor":12},{"not_picked":["BootSequence","Auto Shields"],"picked":"Coolheaded","floor":14},{"not_picked":["Meteor Strike","Buffer"],"picked":"Reboot","floor":16},{"not_picked":["Skim","Rebound"],"picked":"Biased Cognition","floor":18},{"not_picked":["Force Field+1","White Noise"],"picked":"Reinforced Body+1","floor":20},{"not_picked":["Consume","Hologram"],"picked":"Streamline","floor":21}],"player_experience":749950,"relics_obtained":[{"floor":6,"key":"Blue Candle"},{"floor":17,"key":"Orichalcum"},{"floor":17,"key":"Sundial"},{"floor":17,"key":"Peace Pipe"},{"floor":22,"key":"The Courier"}],"event_choices":[{"damage_healed":0,"gold_gain":0,"player_choice":"Entered Light","damage_taken":21,"max_hp_gain":0,"max_hp_loss":0,"event_name":"Shining Light","floor":2,"gold_loss":0,"cards_upgraded":["Barrage","Strike_B"]},{"damage_healed":0,"gold_gain":0,"player_choice":"Trade","damage_taken":0,"relics_obtained":["NlothsMask"],"max_hp_gain":0,"max_hp_loss":0,"event_name":"FaceTrader","floor":4,"gold_loss":0},{"damage_healed":0,"gold_gain":0,"player_choice":"Left Gold","damage_taken":0,"max_hp_gain":0,"max_hp_loss":0,"event_name":"World of Goop","floor":7,"gold_loss":51},{"damage_healed":0,"gold_gain":0,"player_choice":"Rummage","damage_taken":0,"relics_obtained":["WarpedTongs"],"max_hp_gain":0,"max_hp_loss":0,"event_name":"Accursed Blacksmith","floor":10,"gold_loss":0,"cards_obtained":["Pain"]},{"damage_healed":0,"gold_gain":0,"player_choice":"Fight","damage_taken":0,"max_hp_gain":0,"max_hp_loss":0,"event_name":"Colosseum","floor":19,"gold_loss":0},{"damage_healed":0,"gold_gain":0,"player_choice":"Fled From Nobs","damage_taken":0,"max_hp_gain":0,"max_hp_loss":0,"event_name":"Colosseum","floor":19,"gold_loss":0}],"is_beta":false,"boss_relics":[{"not_picked":["Inserter","Runic Pyramid"],"picked":"Calling Bell"}],"items_purged_floors":[],"is_endless":false,"potions_floor_spawned":[6,8,14,21],"killed_by":"Book of Stabbing","ascension_level":20}