{"gold_per_floor":[112,112,112,131,155,224,224,259,285,321,336,336,374,389,389,509,509,528,803,87,112,132,132,172,190,242,275,300,340,41,68,68,68],"floor_reached":33,"playtime":1567,"items_purged":["Regret"],"score":432,"play_id":"df201ad5-ff9f-441f-9943-6e7735e32c8c","local_time":"20181214152210","is_ascension_mode":true,"campfire_choices":[{"data":"Infernal Blade","floor":7,"key":"SMITH"},{"data":"Whirlwind","floor":12,"key":"SMITH"},{"floor":15,"key":"REST"},{"data":"Barricade","floor":23,"key":"SMITH"},{"floor":32,"key":"REST"}],"neow_cost":"TEN_PERCENT_HP_LOSS","seed_source_timestamp":214456496936909,"circlet_count":0,"master_deck":["Strike_R","Strike_R","Strike_R","Strike_R","Strike_R","Defend_R","Defend_R","Defend_R+1","Defend_R","Bash+1","Clash","Injury","Twin Strike","Cleave","Infernal Blade+1","Impervious","Whirlwind+1","Battle Trance","True Grit+1","Barricade+1","Ghostly Armor","Shrug It Off","Limit Break","Spot Weakness","Body Slam","Pummel","Headbutt+1","Body Slam","Inflame","Rage"],"relics":["Burning Blood","StoneCalendar","Golden Idol","Tiny Chest","PreservedInsect","Blue Candle","Bronze Scales","Lizard Tail","Chemical X","War Paint","Pear","Singing Bowl","Lantern","Sundial","Regal Pillow","Bag of Preparation","Blood Vial"],"potions_floor_usage":[6,8,13,25,25,27,28,29,33],"damage_taken":[{"damage":5,"enemies":"2 Louse","floor":1,"turns":4},{"damage":7,"enemies":"Jaw Worm","floor":4,"turns":2},{"damage":0,"enemies":"Cultist","floor":5,"turns":3},{"damage":35,"enemies":"3 Sentries","floor":6,"turns":7},{"damage":18,"enemies":"Lagavulin","floor":8,"turns":5},{"damage":0,"enemies":"3 Sentries","floor":10,"turns":6},{"damage":10,"enemies":"2 Fungi Beasts","floor":11,"turns":3},{"damage":13,"enemies":"Gremlin Nob","floor":13,"turns":3},{"damage":1,"enemies":"Lots of Slimes","floor":14,"turns":2},{"damage":25,"enemies":"Hexaghost","floor":16,"turns":8},{"damage":34,"enemies":"Spheric Guardian","floor":18,"turns":6},{"damage":11,"enemies":"Shell Parasite","floor":21,"turns":5},{"damage":0,"enemies":"Snecko","floor":22,"turns":5},{"damage":40,"enemies":"Gremlin Leader","floor":24,"turns":5},{"damage":17,"enemies":"Cultist and Chosen","floor":25,"turns":5},{"damage":29,"enemies":"Book of Stabbing","floor":27,"turns":4},{"damage":22,"enemies":"Chosen and Byrds","floor":28,"turns":5},{"damage":25,"enemies":"Gremlin Leader","floor":29,"turns":6},{"damage":96,"enemies":"Automaton","floor":33,"turns":6}],"seed_played":"-3089452050557955775","potions_obtained":[{"floor":4,"key":"Explosive Potion"},{"floor":6,"key":"Block Potion"},{"floor":11,"key":"Weak Potion"},{"floor":13,"key":"SpeedPotion"},{"floor":16,"key":"SpeedPotion"},{"floor":25,"key":"Weak Potion"},{"floor":27,"key":"Dexterity Potion"},{"floor":28,"key":"Block Potion"},{"floor":29,"key":"Fire Potion"}],"is_trial":false,"path_per_floor":["M","?","?","M","M","E","R","E","T","E","M","R","E","M","R","B",null,"M","?","$","M","M","R","E","M","T","E","M","E","$","T","R","B"],"character_chosen":"IRONCLAD","items_purchased":["Chemical X","Ghostly Armor","War Paint","Pear","Body Slam","Inflame","Rage","Bag of Preparation"],"campfire_rested":2,"item_purchase_floors":[20,20,20,20,30,30,30,30],"current_hp_per_floor":[72,72,72,71,72,43,43,31,31,37,33,33,26,31,52,33,72,44,44,54,49,55,55,23,12,12,43,27,8,8,8,48,0],"gold":68,"neow_bonus":"ONE_RARE_RELIC","is_prod":false,"is_daily":false,"chose_seed":false,"campfire_upgraded":3,"win_rate":0,"timestamp":1544797330,"path_taken":["M","?","?","M","?","E","R","E","T","E","M","R","E","M","R","BOSS","M","?","$","M","M","R","E","M","T","E","?","E","$","?","R","BOSS"],"build_version":"2018-12-13","purchased_purges":1,"victory":false,"max_hp_per_floor":[72,72,72,72,72,72,72,72,72,72,72,72,72,72,72,72,72,72,72,82,82,82,82,84,84,84,84,84,84,84,84,84,84],"card_choices":[{"not_picked":["Dropkick","Feel No Pain"],"picked":"Clash","floor":1},{"not_picked":["Carnage","Anger"],"picked":"Twin Strike","floor":4},{"not_picked":["Second Wind","Pommel Strike"],"picked":"Cleave","floor":5},{"not_picked":["Wild Strike","Intimidate"],"picked":"Infernal Blade","floor":6},{"not_picked":["Blood for Blood","Flame Barrier"],"picked":"Impervious","floor":8},{"not_picked":["Rampage","Combust","Armaments"],"picked":"SKIP","floor":10},{"not_picked":["Wild Strike","Anger"],"picked":"Whirlwind","floor":11},{"not_picked":["Rage","Headbutt"],"picked":"Battle Trance","floor":13},{"not_picked":["Feel No Pain","Havoc"],"picked":"True Grit","floor":14},{"not_picked":["Demon Form","Dark Embrace"],"picked":"Barricade","floor":16},{"not_picked":["Warcry","Cleave","Rupture"],"picked":"SKIP","floor":18},{"not_picked":["Iron Wave","Wild Strike"],"picked":"Shrug It Off","floor":21},{"not_picked":["Whirlwind","Headbutt"],"picked":"Limit Break","floor":22},{"not_picked":["Warcry","Burning Pact","Sever Soul+1"],"picked":"Singing Bowl","floor":24},{"not_picked":["Entrench","Sword Boomerang+1"],"picked":"Spot Weakness","floor":25},{"not_picked":["Shrug It Off+1","Wild Strike"],"picked":"Body Slam","floor":27},{"not_picked":["Rupture","Searing Blow+1"],"picked":"Pummel","floor":28},{"not_picked":["Burning Pact","Warcry"],"picked":"Headbutt+1","floor":29}],"player_experience":314273,"relics_obtained":[{"floor":6,"key":"Tiny Chest"},{"floor":8,"key":"PreservedInsect"},{"floor":10,"key":"Blue Candle"},{"floor":13,"key":"Bronze Scales"},{"floor":24,"key":"Singing Bowl"},{"floor":26,"key":"Lantern"},{"floor":27,"key":"Sundial"},{"floor":29,"key":"Regal Pillow"},{"floor":31,"key":"Blood Vial"}],"event_choices":[{"damage_healed":0,"gold_gain":0,"player_choice":"Take Wound","damage_taken":0,"relics_obtained":["Golden Idol"],"max_hp_gain":0,"max_hp_loss":0,"event_name":"Golden Idol","floor":2,"gold_loss":0,"cards_obtained":["Injury"]},{"damage_healed":0,"gold_gain":0,"player_choice":"Upgraded","damage_taken":0,"max_hp_gain":0,"max_hp_loss":0,"event_name":"Upgrade Shrine","floor":3,"gold_loss":0,"cards_upgraded":["Bash"]},{"damage_healed":0,"gold_gain":275,"player_choice":"Desecrate","damage_taken":0,"max_hp_gain":0,"max_hp_loss":0,"event_name":"Golden Shrine","floor":19,"gold_loss":0,"cards_obtained":["Regret"]}],"is_beta":false,"boss_relics":[{"not_picked":["Velvet Choker","Coffee Dripper"],"picked":"Lizard Tail"}],"items_purged_floors":[20],"is_endless":false,"potions_floor_spawned":[4,6,11,13,16,25,27,28,29],"killed_by":"Automaton","ascension_level":4}