{"gold_per_floor":[15,90,90,106,122,122,139,64,88,100,115,15,50,0,0,96,96,109,125,137,137,137,137,170,184,184,184,196,196,196,210,210,307,307,318,43,61,61],"floor_reached":38,"playtime":1921,"items_purged":["Strike_R","Strike_R","Strike_R"],"score":423,"play_id":"c2b22622-ee6e-42ea-873b-6a7b4577353b","local_time":"20180902143454","is_ascension_mode":false,"campfire_choices":[{"data":"Headbutt","floor":6.0,"key":"SMITH"},{"data":"Flex","floor":15.0,"key":"SMITH"},{"data":"Heavy Blade","floor":23.0,"key":"SMITH"},{"data":"Limit Break","floor":29,"key":"SMITH"},{"data":"Demon Form","floor":32,"key":"SMITH"}],"neow_cost":"NO_GOLD","seed_source_timestamp":65091558216982,"circlet_count":0,"master_deck":["Strike_R+1","Defend_R","Defend_R","Defend_R","Defend_R","Bash","Limit Break+1","Heavy Blade+1","Headbutt+1","Cleave+1","Flex+1","Demon Form+1","Thunderclap+1","Limit Break+1","Feed","Heavy Blade+1"],"special_seed":0,"relics":["Black Blood","Whetstone","Happy Flower","Velvet Choker","Meat on the Bone","Darkstone Periapt","Mummified Hand","Bag of Marbles"],"potions_floor_usage":[24,25,25,38,38,38],"damage_taken":[{"damage":0.0,"enemies":"Small Slimes","floor":1.0,"turns":3.0},{"damage":3.0,"enemies":"Jaw Worm","floor":4.0,"turns":5.0},{"damage":0.0,"enemies":"2 Louse","floor":5.0,"turns":3.0},{"damage":15.0,"enemies":"Exordium Wildlife","floor":7.0,"turns":5.0},{"damage":0.0,"enemies":"Large Slime","floor":10.0,"turns":4.0},{"damage":4.0,"enemies":"Blue Slaver","floor":11.0,"turns":3.0},{"damage":24.0,"enemies":"Gremlin Nob","floor":13.0,"turns":5.0},{"damage":36.0,"enemies":"Slime Boss","floor":16.0,"turns":8.0},{"damage":14.0,"enemies":"Shell Parasite","floor":18.0,"turns":5.0},{"damage":20.0,"enemies":"3 Byrds","floor":19.0,"turns":4.0},{"damage":32.0,"enemies":"Snake Plant","floor":20.0,"turns":3.0},{"damage":20,"enemies":"Book of Stabbing","floor":24,"turns":3},{"damage":10,"enemies":"Shelled Parasite and Fungi","floor":25,"turns":3},{"damage":6,"enemies":"3 Cultists","floor":28,"turns":5},{"damage":19,"enemies":"Centurion and Healer","floor":31,"turns":4},{"damage":9,"enemies":"Automaton","floor":33,"turns":4},{"damage":40,"enemies":"3 Darklings","floor":35,"turns":4},{"damage":5,"enemies":"Orb Walker","floor":37,"turns":2},{"damage":59,"enemies":"3 Darklings","floor":38,"turns":4}],"seed_played":"7161470767918733862","potions_obtained":[{"floor":4.0,"key":"Weak Potion"},{"floor":11.0,"key":"SpeedPotion"},{"floor":13.0,"key":"SteroidPotion"},{"floor":16.0,"key":"FearPotion"},{"floor":24,"key":"Poison Potion"},{"floor":28,"key":"EssenceOfSteel"},{"floor":31,"key":"Weak Potion"}],"is_trial":false,"path_per_floor":["M","?","?","M","M","R","M","$","T","M","M","$","E","?","R","B",null,"M","M","M","?","$","R","E","M","T","?","M","R","$","M","R","B",null,"M","$","M"],"character_chosen":"IRONCLAD","items_purchased":["Bag of Marbles"],"campfire_rested":0,"item_purchase_floors":[36],"current_hp_per_floor":[80,69,69,72,78,78,69,69,69,75,77,77,59,59,59,29,80,72,58,32,32,32,32,18,26,26,26,38,38,38,37,37,46,80,53,53,58,0],"gold":61,"neow_bonus":"THREE_RARE_CARDS","is_prod":false,"is_daily":false,"chose_seed":false,"campfire_upgraded":5,"win_rate":0.0,"timestamp":1535891694,"path_taken":["M","?","?","M","M","R","M","?","T","?","M","$","E","?","R","BOSS","M","M","?","?","$","R","E","M","T","?","M","R","$","?","R","BOSS","M","$","M","?"],"build_version":"2018-08-30","purchased_purges":3,"victory":false,"max_hp_per_floor":[80,80,80,80,80,80,80,80,80,80,80,80,80,80,80,80,80,80,80,80,80,80,80,80,80,80,80,80,80,80,80,80,80,80,83,83,83,83],"card_choices":[{"not_picked":["Offering","Demon Form"],"picked":"Limit Break","floor":0.0},{"not_picked":["Anger","Corruption"],"picked":"Heavy Blade","floor":1.0},{"not_picked":["Perfected Strike","Blood for Blood","Sever Soul"],"picked":"SKIP","floor":4.0},{"not_picked":["Second Wind","Body Slam"],"picked":"Headbutt","floor":5.0},{"not_picked":["True Grit","Wild Strike"],"picked":"Cleave","floor":7.0},{"not_picked":["Fiend Fire","Clothesline","Perfected Strike"],"picked":"SKIP","floor":10.0},{"not_picked":["Rupture","Warcry","True Grit"],"picked":"SKIP","floor":11.0},{"not_picked":["Warcry","Iron Wave"],"picked":"Flex","floor":13.0},{"not_picked":["Juggernaut","Exhume"],"picked":"Demon Form","floor":16.0},{"not_picked":["Iron Wave","Pommel Strike","Spot Weakness"],"picked":"SKIP","floor":18.0},{"not_picked":["Blood for Blood","Anger","Power Through"],"picked":"SKIP","floor":19.0},{"not_picked":["Battle Trance","Clash"],"picked":"Thunderclap+1","floor":20.0},{"not_picked":["Heavy Blade","Thunderclap+1","Spot Weakness"],"picked":"SKIP","floor":24},{"not_picked":["Twin Strike","Shrug It Off","Clash"],"picked":"SKIP","floor":25},{"not_picked":["Fire Breathing","Pommel Strike"],"picked":"Limit Break","floor":28},{"not_picked":["Pommel Strike","Metallicize","Cleave"],"picked":"SKIP","floor":31},{"not_picked":["Barricade","Juggernaut"],"picked":"Feed","floor":33},{"not_picked":["Reckless Charge+1","Sever Soul"],"picked":"Heavy Blade+1","floor":35},{"not_picked":["Twin Strike","Cleave","Power Through+1"],"picked":"SKIP","floor":37}],"player_experience":83627,"relics_obtained":[{"floor":9.0,"key":"Whetstone"},{"floor":13.0,"key":"Happy Flower"},{"floor":24,"key":"Meat on the Bone"},{"floor":26,"key":"Darkstone Periapt"}],"event_choices":[{"event_name":"World of Goop","player_choice":"Gather Gold","floor":2.0,"damage_taken":0.0},{"event_name":"Living Wall","player_choice":"Grow","floor":3.0,"damage_taken":0.0},{"event_name":"The Cleric","player_choice":"Card Removal","floor":14.0,"damage_taken":0.0},{"event_name":"The Woman in Blue","player_choice":"Bought 0 Potions","floor":21.0,"damage_taken":0.0},{"event_name":"The Mausoleum","player_choice":"Yes","floor":27,"damage_taken":0}],"is_beta":false,"boss_relics":[{"not_picked":["Sozu","Runic Cube"],"picked":"Velvet Choker"},{"not_picked":["Busted Crown","Fusion Hammer"],"picked":"Black Blood"}],"items_purged_floors":[8,12,36],"is_endless":false,"potions_floor_spawned":[4,11,13,16,20,24,28,31,35],"killed_by":"3 Darklings","ascension_level":0}