{"gold_per_floor":[119,139,25,43,58,58,71,71,71,71,85,13,47,59,59,154,154,170,170,183,194,57,84,100,120,120,120,48,65,92,105,105,201,201,213,163,182,182,182,213,213,246,272,272,305,4,104,114,114,114,114,114,13,47,47],"floor_reached":55,"playtime":6681,"items_purged":["Strike_G","Doubt","Normality","Strike_G"],"score":899,"play_id":"3269ac28-2789-4c4e-afe2-808f313992de","local_time":"20190222163206","is_ascension_mode":true,"campfire_choices":[{"data":"Caltrops","floor":6.0,"key":"SMITH"},{"data":"Neutralize","floor":8.0,"key":"SMITH"},{"data":"Cloak And Dagger","floor":10.0,"key":"SMITH"},{"floor":15.0,"key":"REST"},{"floor":27.0,"key":"REST"},{"data":"Infinite Blades","floor":32,"key":"SMITH"},{"floor":41,"key":"RECALL"},{"floor":44,"key":"REST"},{"floor":49,"key":"REST"},{"data":"Clumsy","floor":52,"key":"PURGE"}],"neow_cost":"NONE","seed_source_timestamp":525621482268336,"circlet_count":0,"master_deck":["Defend_G","Defend_G","Defend_G","Defend_G","Defend_G","Strike_G+1","Strike_G","Strike_G+1","Survivor","Neutralize+1","Predator","Cloak And Dagger+1","Caltrops+1","Blur","Cloak And Dagger","Dodge and Roll","Dagger Spray","Infinite Blades+1","A Thousand Cuts","Outmaneuver","Envenom","Backflip","Adrenaline","Cloak And Dagger+1","Concentrate+1","Blur+1","Backflip+1","Bullet Time","Caltrops+1","Accuracy+1","Crippling Poison+1"],"special_seed":0,"relics":["Lizard Tail","Dead Branch","Torii","Cursed Key","StoneCalendar","Smiling Mask","Bird Faced Urn","Unceasing Top","Sundial","Fusion Hammer","Matryoshka","Pen Nib","Whetstone","Vajra","Paper Crane","Oddly Smooth Stone","Peace Pipe","Shuriken"],"potions_floor_usage":[30,40,42,42,46,48,54,55,55],"damage_taken":[{"damage":1.0,"enemies":"2 Louse","floor":1.0,"turns":4.0},{"damage":0.0,"enemies":"Cultist","floor":2.0,"turns":3.0},{"damage":6.0,"enemies":"Small Slimes","floor":4.0,"turns":3.0},{"damage":1.0,"enemies":"Exordium Wildlife","floor":5.0,"turns":3.0},{"damage":21.0,"enemies":"3 Louse","floor":7.0,"turns":4.0},{"damage":3.0,"enemies":"Lots of Slimes","floor":11.0,"turns":4.0},{"damage":21.0,"enemies":"Gremlin Nob","floor":13.0,"turns":4.0},{"damage":0.0,"enemies":"Blue Slaver","floor":14.0,"turns":5.0},{"damage":9.0,"enemies":"Slime Boss","floor":16.0,"turns":9.0},{"damage":1.0,"enemies":"Chosen","floor":18.0,"turns":5.0},{"damage":10.0,"enemies":"2 Thieves","floor":20.0,"turns":4.0},{"damage":22.0,"enemies":"Snake Plant","floor":21.0,"turns":4.0},{"damage":1.0,"enemies":"Book of Stabbing","floor":23.0,"turns":7.0},{"damage":29.0,"enemies":"Sentry and Sphere","floor":24.0,"turns":7.0},{"damage":12.0,"enemies":"Shelled Parasite and Fungi","floor":25.0,"turns":7.0},{"damage":15.0,"enemies":"Snecko","floor":29.0,"turns":5.0},{"damage":26,"enemies":"Slavers","floor":30,"turns":5},{"damage":7,"enemies":"Chosen and Byrds","floor":31,"turns":6},{"damage":46,"enemies":"Collector","floor":33,"turns":8},{"damage":14,"enemies":"3 Darklings","floor":35,"turns":4},{"damage":8,"enemies":"Orb Walker","floor":37,"turns":3},{"damage":25,"enemies":"Giant Head","floor":40,"turns":8},{"damage":54,"enemies":"Reptomancer","floor":42,"turns":7},{"damage":21,"enemies":"Giant Head","floor":45,"turns":7},{"damage":0,"enemies":"Mind Bloom Boss Battle","floor":47,"turns":5},{"damage":8,"enemies":"4 Shapes","floor":48,"turns":2},{"damage":76,"enemies":"Awakened One","floor":50,"turns":10},{"damage":36,"enemies":"Shield and Spear","floor":54,"turns":7},{"damage":65,"enemies":"The Heart","floor":55,"turns":6}],"seed_played":"-147715279686028467","potions_obtained":[{"floor":1.0,"key":"SkillPotion"},{"floor":7.0,"key":"Dexterity Potion"},{"floor":13.0,"key":"Swift Potion"},{"floor":16.0,"key":"SteroidPotion"},{"floor":23.0,"key":"EssenceOfSteel"},{"floor":24.0,"key":"FairyPotion"},{"floor":30,"key":"GamblersBrew"},{"floor":35,"key":"Strength Potion"},{"floor":45,"key":"Energy Potion"},{"floor":48,"key":"SpeedPotion"},{"floor":54,"key":"Dexterity Potion"}],"is_trial":false,"path_per_floor":["M","M","$","M","M","R","M","R","T","R","M","$","E","M","R","B",null,"M","?","M","M","$","E","M","M","T","R","?","M","E","M","R","B",null,"M","$","M","$","T","E","R","E","T","R","E","$","?","M","R","B",null,"R","$","E","B"],"character_chosen":"THE_SILENT","items_purchased":["Caltrops","Infinite Blades","Adrenaline","Oddly Smooth Stone","Fruit Juice","Strength Potion"],"campfire_rested":4,"item_purchase_floors":[3,12,22,46,46,53],"current_hp_per_floor":[69,69,69,63,62,62,41,41,41,41,38,38,17,17,38,29,70,69,69,59,37,37,36,7,7,7,28,28,23,38,39,39,7,70,61,61,65,65,65,49,49,3,3,24,25,30,50,50,72,11,75,75,75,51,0],"gold":47,"neow_bonus":"BOSS_RELIC","is_prod":false,"is_daily":false,"chose_seed":false,"campfire_upgraded":4,"win_rate":0,"timestamp":1550849526,"path_taken":["M","M","$","M","M","R","M","R","T","R","M","$","E","M","R","BOSS","M","?","M","M","$","E","M","M","T","R","?","M","E","M","R","BOSS","M","?","M","$","?","E","R","E","T","R","E","$","?","M","R","BOSS","R","$","E","BOSS"],"build_version":"2019-01-23","purchased_purges":4,"victory":false,"max_hp_per_floor":[70,70,70,70,70,70,70,70,70,70,70,70,70,70,70,70,70,70,70,70,70,70,70,70,70,70,70,70,70,70,70,70,70,70,70,70,70,70,70,70,70,70,70,70,70,75,75,75,75,75,75,75,75,75,75],"card_choices":[{"not_picked":["Blade Dance","Prepared"],"picked":"Predator","floor":1.0},{"not_picked":["Prepared","Calculated Gamble"],"picked":"Cloak And Dagger","floor":2.0},{"not_picked":["Reflex","Distraction"],"picked":"Blur","floor":4.0},{"not_picked":["Crippling Poison","Prepared"],"picked":"Cloak And Dagger","floor":5.0},{"not_picked":["Underhanded Strike","Caltrops"],"picked":"Dodge and Roll","floor":7.0},{"not_picked":["Slice","Masterful Stab"],"picked":"Dagger Spray","floor":11.0},{"not_picked":["Acrobatics","Tactician"],"picked":"A Thousand Cuts","floor":13.0},{"not_picked":["Crippling Poison","Concentrate"],"picked":"Outmaneuver","floor":14.0},{"not_picked":["Bullet Time","Grand Finale"],"picked":"Envenom","floor":16.0},{"not_picked":["Bane","Bouncing Flask"],"picked":"Backflip","floor":18.0},{"not_picked":["Cloak And Dagger","Backflip","Escape Plan"],"picked":"SKIP","floor":20.0},{"not_picked":["Skewer","Expertise","Quick Slash+1"],"picked":"SKIP","floor":21.0},{"not_picked":["Prepared","Catalyst","All Out Attack+1"],"picked":"SKIP","floor":23.0},{"not_picked":["Slice","Expertise+1"],"picked":"Cloak And Dagger+1","floor":24.0},{"not_picked":["Sucker Punch","Dagger Spray"],"picked":"Concentrate+1","floor":25.0},{"not_picked":["Finisher+1","Poisoned Stab","Sucker Punch"],"picked":"SKIP","floor":29.0},{"not_picked":["Dodge and Roll","Slice+1"],"picked":"Blur+1","floor":30},{"not_picked":["Riddle With Holes","Acrobatics"],"picked":"Backflip+1","floor":31},{"not_picked":["Malaise","Tools of the Trade"],"picked":"Bullet Time","floor":33},{"not_picked":["Dagger Spray","Backstab"],"picked":"Caltrops+1","floor":35},{"not_picked":["Dagger Throw+1","Deadly Poison+1","Sucker Punch"],"picked":"SKIP","floor":37},{"not_picked":["Masterful Stab","Calculated Gamble+1","Outmaneuver"],"picked":"SKIP","floor":40},{"not_picked":["Sucker Punch","Deflect+1"],"picked":"Accuracy+1","floor":42},{"not_picked":["Blade Dance+1","Glass Knife"],"picked":"Crippling Poison+1","floor":45},{"not_picked":["Deflect+1","Bane+1","Catalyst"],"picked":"SKIP","floor":48},{"not_picked":["Sucker Punch","Prepared+1","Backflip+1"],"picked":"SKIP","floor":54}],"player_experience":204139,"relics_obtained":[{"floor":9.0,"key":"Dead Branch"},{"floor":13.0,"key":"Torii"},{"floor":23.0,"key":"Smiling Mask"},{"floor":26.0,"key":"Bird Faced Urn"},{"floor":30,"key":"Sundial"},{"floor":40,"key":"Matryoshka"},{"floor":42,"key":"Pen Nib"},{"floor":43,"key":"Whetstone"},{"floor":43,"key":"Vajra"},{"floor":45,"key":"Paper Crane"},{"floor":47,"key":"Peace Pipe"},{"floor":54,"key":"Shuriken"}],"event_choices":[{"damage_healed":0.0,"max_hp_gain":0.0,"max_hp_loss":0.0,"gold_gain":0.0,"event_name":"The Mausoleum","player_choice":"Opened","floor":19.0,"gold_loss":0.0,"damage_taken":0.0,"relics_obtained":["StoneCalendar"]},{"damage_healed":0.0,"max_hp_gain":0.0,"max_hp_loss":0.0,"gold_gain":0.0,"event_name":"WeMeetAgain","player_choice":"Paid Gold","floor":28.0,"gold_loss":72.0,"damage_taken":0.0,"relics_obtained":["Unceasing Top"]},{"damage_healed":0,"gold_gain":0,"player_choice":"Fight","damage_taken":0,"max_hp_gain":0,"max_hp_loss":0,"event_name":"MindBloom","floor":47,"gold_loss":0}],"is_beta":false,"boss_relics":[{"not_picked":["Eternal Feather","Runic Dome"],"picked":"Cursed Key"},{"not_picked":["Snecko Eye","Runic Pyramid"],"picked":"Fusion Hammer"}],"items_purged_floors":[3,36,46,53],"is_endless":false,"potions_floor_spawned":[1,7,13,14,16,21,23,24,30,35,45,48,54],"killed_by":"The Heart","ascension_level":4}