{"gold_per_floor":[119,119,119,135,60,92,117,152,152,177,65,79,79,98,98,201,201,215,233,233,148,148,148],"floor_reached":23,"playtime":2265,"items_purged":["Strike_G"],"score":278,"play_id":"143635b4-c372-4533-85af-61884f977aa3","local_time":"20190220200705","is_ascension_mode":true,"campfire_choices":[{"data":"Leg Sweep","floor":13,"key":"SMITH"},{"data":"Backstab","floor":15,"key":"SMITH"}],"neow_cost":"NONE","seed_source_timestamp":370184497143583,"circlet_count":0,"master_deck":["Defend_G","Defend_G+1","Defend_G+1","Defend_G+1","Strike_G","Strike_G+1","Strike_G+1","Survivor","Neutralize","Flying Knee+1","Leg Sweep+1","Footwork","Heel Hook","Blur","Backstab+1","Quick Slash","Footwork","Cloak And Dagger","Malaise","Dodge and Roll","Writhe","Riddle With Holes","Adrenaline"],"special_seed":0,"relics":["Ring of the Snake","NeowsBlessing","Meat on the Bone","Odd Mushroom","War Paint","Whetstone","Oddly Smooth Stone","Black Star","Frozen Egg 2","Happy Flower"],"potions_floor_usage":[23,23],"damage_taken":[{"damage":0.0,"enemies":"2 Louse","floor":1.0,"turns":1.0},{"damage":0.0,"enemies":"Small Slimes","floor":4.0,"turns":1.0},{"damage":0.0,"enemies":"Gremlin Nob","floor":6.0,"turns":1.0},{"damage":27.0,"enemies":"The Mushroom Lair","floor":7.0,"turns":7.0},{"damage":19.0,"enemies":"Lagavulin","floor":8.0,"turns":10.0},{"damage":15,"enemies":"3 Sentries","floor":10,"turns":11},{"damage":0,"enemies":"Jaw Worm","floor":12,"turns":3},{"damage":2,"enemies":"Large Slime","floor":14,"turns":5},{"damage":37,"enemies":"Slime Boss","floor":16,"turns":21},{"damage":0,"enemies":"Shell Parasite","floor":18,"turns":10},{"damage":8,"enemies":"Spheric Guardian","floor":19,"turns":12},{"damage":86,"enemies":"Gremlin Leader","floor":23,"turns":9}],"seed_played":"-6120172671833167899","potions_obtained":[{"floor":6.0,"key":"Dexterity Potion"},{"floor":7.0,"key":"GhostInAJar"},{"floor":10,"key":"Regen Potion"}],"is_trial":false,"path_per_floor":["M","?","?","M","$","E","?","E","T","E","$","M","R","M","R","B",null,"M","M","?","?","?","E"],"character_chosen":"THE_SILENT","items_purchased":["Footwork","Footwork"],"campfire_rested":0,"item_purchase_floors":[5,11],"current_hp_per_floor":[70,75,60,60,60,60,45,38,38,35,35,47,47,45,45,20,75,75,67,67,67,67,0],"gold":148,"neow_bonus":"THREE_ENEMY_KILL","is_prod":false,"is_daily":false,"chose_seed":false,"campfire_upgraded":2,"win_rate":0,"timestamp":1550689625,"path_taken":["M","?","?","M","?","E","?","E","T","E","?","M","R","M","R","BOSS","M","M","?","?","?","E"],"build_version":"2019-01-23","purchased_purges":1,"victory":false,"max_hp_per_floor":[70,75,75,75,75,75,75,75,75,75,75,75,75,75,75,75,75,75,75,75,75,75,75],"card_choices":[{"not_picked":["Blade Dance","Expertise"],"picked":"Flying Knee","floor":1.0},{"not_picked":["Distraction","Bane"],"picked":"Leg Sweep","floor":4.0},{"not_picked":["Sucker Punch","Blade Dance"],"picked":"Heel Hook","floor":6.0},{"not_picked":["PiercingWail","Calculated Gamble"],"picked":"Blur","floor":7.0},{"not_picked":["Deflect","Grand Finale"],"picked":"Backstab","floor":8.0},{"not_picked":["Finisher","Slice"],"picked":"Quick Slash","floor":10},{"not_picked":["Backstab","Riddle With Holes","Masterful Stab"],"picked":"SKIP","floor":12},{"not_picked":["Backflip","Eviscerate"],"picked":"Cloak And Dagger","floor":14},{"not_picked":["Adrenaline","Tools of the Trade"],"picked":"Malaise","floor":16},{"not_picked":["Slice","Blade Dance","Deadly Poison"],"picked":"SKIP","floor":18},{"not_picked":["Accuracy","PiercingWail"],"picked":"Dodge and Roll","floor":19}],"player_experience":201874,"relics_obtained":[{"floor":6.0,"key":"Meat on the Bone"},{"floor":7.0,"key":"Odd Mushroom"},{"floor":8.0,"key":"War Paint"},{"floor":9.0,"key":"Whetstone"},{"floor":10,"key":"Oddly Smooth Stone"}],"event_choices":[{"damage_healed":0.0,"max_hp_gain":5.0,"max_hp_loss":0.0,"gold_gain":0.0,"event_name":"Big Fish","player_choice":"Donut","floor":2.0,"gold_loss":0.0,"damage_taken":0.0},{"damage_healed":0.0,"max_hp_gain":0.0,"max_hp_loss":0.0,"gold_gain":0.0,"event_name":"Shining Light","player_choice":"Entered Light","floor":3.0,"gold_loss":0.0,"damage_taken":15.0,"cards_upgraded":["Defend_G","Strike_G"]},{"damage_healed":0.0,"max_hp_gain":0.0,"max_hp_loss":0.0,"gold_gain":0.0,"event_name":"Mushrooms","player_choice":"Fought Mushrooms","floor":7.0,"gold_loss":0.0,"damage_taken":0.0},{"damage_healed":0,"gold_gain":0,"player_choice":"Opened","damage_taken":0,"relics_obtained":["Frozen Egg 2"],"max_hp_gain":0,"max_hp_loss":0,"event_name":"The Mausoleum","floor":20,"gold_loss":0,"cards_obtained":["Writhe"]},{"damage_healed":0,"gold_gain":0,"player_choice":"Obtained Relic","damage_taken":0,"relics_obtained":["Happy Flower"],"max_hp_gain":0,"max_hp_loss":0,"event_name":"Addict","floor":21,"gold_loss":85},{"damage_healed":0,"gold_gain":0,"cards_transformed":["Strike_G","Defend_G"],"player_choice":"Became Test Subject","damage_taken":0,"max_hp_gain":0,"max_hp_loss":0,"event_name":"Drug Dealer","floor":22,"gold_loss":0,"cards_obtained":["Riddle With Holes","Adrenaline"]}],"is_beta":false,"boss_relics":[{"not_picked":["Busted Crown","WristBlade"],"picked":"Black Star"}],"items_purged_floors":[11],"is_endless":false,"potions_floor_spawned":[6,7,10,14,18,19],"killed_by":"Gremlin Leader","ascension_level":4}