{"gold_per_floor":[15,25,100,116,132,132,160,160,238,238,188,220,240,113,113,209,209,222,236,254,272,21,55,55,66,66,91,91,105,121,148,148,250,250,264,34,0,17,32,32],"floor_reached":40,"playtime":3287,"items_purged":["Defend_B","Strike_B"],"score":621,"play_id":"3b732bd7-6a9c-4a00-a570-840478e8ccbf","local_time":"20190417195811","is_ascension_mode":true,"campfire_choices":[{"data":"Zap","floor":6.0,"key":"SMITH"},{"data":"Sweeping Beam","floor":8.0,"key":"SMITH"},{"data":"Chaos","floor":10.0,"key":"SMITH"},{"data":"Barrage","floor":15.0,"key":"SMITH"},{"floor":24.0,"key":"REST"},{"data":"Defragment","floor":32.0,"key":"SMITH"}],"neow_cost":"NO_GOLD","seed_source_timestamp":380160272658708,"circlet_count":0,"master_deck":["Strike_B","Strike_B","Defend_B","Defend_B","Defend_B","Zap+1","Dualcast","Capacitor","Streamline","Chaos+1","Self Repair","Sweeping Beam+1","Genetic Algorithm","Storm","Barrage+1","Rainbow","BootSequence","Cold Snap+1","Coolheaded","Defragment+1","Stack","Undo","FTL+1","Electrodynamics","Redo+1","Echo Form","Aggregate","Mayhem"],"special_seed":0,"relics":["Cracked Core","Torii","Bird Faced Urn","Gremlin Horn","Orichalcum","Black Star","Membership Card","Molten Egg 2","Lantern","Singing Bowl","Pen Nib","MutagenicStrength","Centennial Puzzle","Regal Pillow","Velvet Choker","PreservedInsect","Red Mask"],"potions_floor_usage":[40,40],"damage_taken":[{"damage":7.0,"enemies":"Small Slimes","floor":1.0,"turns":3.0},{"damage":1.0,"enemies":"2 Louse","floor":2.0,"turns":3.0},{"damage":1.0,"enemies":"Jaw Worm","floor":4.0,"turns":3.0},{"damage":0.0,"enemies":"Large Slime","floor":5.0,"turns":5.0},{"damage":30.0,"enemies":"Lagavulin","floor":7.0,"turns":6.0},{"damage":21.0,"enemies":"3 Sentries","floor":12.0,"turns":5.0},{"damage":1.0,"enemies":"2 Fungi Beasts","floor":13.0,"turns":3.0},{"damage":10.0,"enemies":"The Guardian","floor":16.0,"turns":11.0},{"damage":18.0,"enemies":"Chosen","floor":18.0,"turns":5.0},{"damage":1.0,"enemies":"2 Thieves","floor":19.0,"turns":4.0},{"damage":26.0,"enemies":"Shelled Parasite and Fungi","floor":20.0,"turns":4.0},{"damage":22.0,"enemies":"Cultist and Chosen","floor":21.0,"turns":7.0},{"damage":46.0,"enemies":"Slavers","floor":23.0,"turns":6.0},{"damage":3.0,"enemies":"Centurion and Healer","floor":25.0,"turns":7.0},{"damage":8.0,"enemies":"Gremlin Leader","floor":27.0,"turns":6.0},{"damage":7.0,"enemies":"3 Cultists","floor":29.0,"turns":6.0},{"damage":6.0,"enemies":"Chosen and Byrds","floor":30.0,"turns":7.0},{"damage":6.0,"enemies":"Slavers","floor":31.0,"turns":4.0},{"damage":57.0,"enemies":"Automaton","floor":33.0,"turns":11.0},{"damage":20,"enemies":"3 Darklings","floor":35,"turns":5},{"damage":13,"enemies":"3 Shapes","floor":38,"turns":5},{"damage":63,"enemies":"Spire Growth","floor":39,"turns":7},{"damage":47,"enemies":"Reptomancer","floor":40,"turns":2}],"seed_played":"-2305588632810658148","potions_obtained":[{"floor":4.0,"key":"Fire Potion"},{"floor":5.0,"key":"FocusPotion"},{"floor":12.0,"key":"Block Potion"},{"floor":20.0,"key":"FocusPotion"},{"floor":23.0,"key":"FocusPotion"},{"floor":27.0,"key":"Fire Potion"},{"floor":31.0,"key":"SteroidPotion"},{"floor":38,"key":"EssenceOfSteel"}],"is_trial":false,"path_per_floor":["M","M","?","M","M","R","E","R","T","R","?","E","M","$","R","B",null,"M","M","M","M","$","E","R","M","T","E","?","M","M","E","R","B",null,"M","$","?","M","M","E"],"character_chosen":"DEFECT","items_purchased":["Barrage","Membership Card","Defragment","Stack","PreservedInsect","Aggregate","Mayhem"],"campfire_rested":1,"item_purchase_floors":[14,22,22,22,36,36,36],"current_hp_per_floor":[61,60,49,48,48,48,25,25,25,25,25,15,23,23,23,26,63,58,70,57,48,48,13,35,47,47,54,54,64,64,62,62,20,63,75,75,75,81,37,0],"gold":32,"neow_bonus":"ONE_RARE_RELIC","is_prod":false,"is_daily":false,"chose_seed":false,"campfire_upgraded":5,"win_rate":0,"timestamp":1555523891,"path_taken":["M","M","?","M","M","R","E","R","T","R","?","E","M","?","R","BOSS","M","M","M","M","$","E","R","M","T","E","?","M","M","E","R","BOSS","M","$","?","M","M","E"],"build_version":"2019-01-23","purchased_purges":2,"victory":false,"max_hp_per_floor":[75,75,75,75,75,75,75,75,75,75,75,75,75,75,75,75,75,75,75,75,75,75,75,75,75,75,75,75,77,77,77,77,77,77,79,79,79,81,83,83],"card_choices":[{"not_picked":["Stack","Rebound"],"picked":"Capacitor","floor":1.0},{"not_picked":["FTL","Steam"],"picked":"Streamline","floor":2.0},{"not_picked":["White Noise","Compile Driver"],"picked":"Chaos","floor":4.0},{"not_picked":["Streamline","Rip and Tear"],"picked":"Self Repair","floor":5.0},{"not_picked":["Stack","Fusion"],"picked":"Sweeping Beam","floor":7.0},{"not_picked":["Stack","Skim"],"picked":"Genetic Algorithm","floor":12.0},{"not_picked":["Redo","Hologram"],"picked":"Storm","floor":13.0},{"not_picked":["Amplify","All For One"],"picked":"Rainbow","floor":16.0},{"not_picked":["Compile Driver","Beam Cell"],"picked":"BootSequence","floor":18.0},{"not_picked":["Consume","Heatsinks"],"picked":"Cold Snap+1","floor":19.0},{"not_picked":["Compile Driver","Hologram"],"picked":"Coolheaded","floor":20.0},{"not_picked":["Rebound+1","Hologram","White Noise"],"picked":"SKIP","floor":21.0},{"not_picked":["Doom and Gloom","Defragment"],"picked":"Undo","floor":23.0},{"not_picked":["Redo","Ball Lightning+1","Beam Cell+1"],"picked":"SKIP","floor":25.0},{"not_picked":["Coolheaded","Turbo"],"picked":"FTL+1","floor":27.0},{"not_picked":["Consume","Auto Shields","Sunder+1"],"picked":"Singing Bowl","floor":29.0},{"not_picked":["Go for the Eyes+1","Genetic Algorithm"],"picked":"Electrodynamics","floor":30.0},{"not_picked":["FTL+1","Gash+1"],"picked":"Redo+1","floor":31.0},{"not_picked":["Multi-Cast","Meteor Strike+1"],"picked":"Echo Form","floor":33.0},{"not_picked":["Reinforced Body","Leap+1","Compile Driver+1"],"picked":"Singing Bowl","floor":35},{"not_picked":["Turbo+1","Streamline+1","Redo"],"picked":"Singing Bowl","floor":38},{"not_picked":["Hello World","Barrage+1","Scrape+1"],"picked":"Singing Bowl","floor":39}],"player_experience":296325,"relics_obtained":[{"floor":7.0,"key":"Bird Faced Urn"},{"floor":9.0,"key":"Gremlin Horn"},{"floor":12.0,"key":"Orichalcum"},{"floor":23.0,"key":"Molten Egg 2"},{"floor":23.0,"key":"Lantern"},{"floor":27.0,"key":"Singing Bowl"},{"floor":27.0,"key":"Pen Nib"},{"floor":31.0,"key":"Centennial Puzzle"},{"floor":31.0,"key":"Regal Pillow"}],"event_choices":[{"damage_healed":0.0,"max_hp_gain":0.0,"max_hp_loss":0.0,"gold_gain":75.0,"event_name":"World of Goop","player_choice":"Gather Gold","floor":3.0,"gold_loss":0.0,"damage_taken":11.0},{"cards_removed":["Strike_B"],"damage_healed":0.0,"max_hp_gain":0.0,"max_hp_loss":0.0,"gold_gain":0.0,"event_name":"The Cleric","player_choice":"Card Removal","floor":11.0,"gold_loss":50.0,"damage_taken":0.0},{"damage_healed":0.0,"max_hp_gain":0.0,"max_hp_loss":0.0,"gold_gain":0.0,"event_name":"Drug Dealer","player_choice":"Inject Mutagens","floor":28.0,"gold_loss":0.0,"damage_taken":0.0,"relics_obtained":["MutagenicStrength"]},{"damage_healed":0,"gold_gain":0,"player_choice":"Paid","damage_taken":0,"relics_obtained":["Red Mask"],"max_hp_gain":0,"max_hp_loss":0,"event_name":"Tomb of Lord Red Mask","floor":37,"gold_loss":34}],"is_beta":false,"boss_relics":[{"not_picked":["Orrery","Astrolabe"],"picked":"Black Star"},{"not_picked":["Runic Pyramid","FrozenCore"],"picked":"Velvet Choker"}],"items_purged_floors":[14,36],"is_endless":false,"potions_floor_spawned":[4,5,12,16,20,23,27,30,31,38],"killed_by":"Reptomancer","ascension_level":7}