{"gold_per_floor":[119,135,135,85,101,101,101,139,211,211,242,65,65,79,79,210,210,230,230,210,160,174,210,210,56,56,56,8,8,27,43,43,167,167,185,185,185,185,206,206,227,227,227,69,69,69,83,83,83,83],"floor_reached":51,"playtime":2289,"items_purged":[],"score":1301,"play_id":"19ebfd82-128b-4794-bdec-b9f07b76cfff","local_time":"20181002225713","is_ascension_mode":true,"campfire_choices":[{"data":"Footwork","floor":6.0,"key":"SMITH"},{"floor":10.0,"key":"REST"},{"data":"Noxious Fumes","floor":13.0,"key":"SMITH"},{"data":"Survivor","floor":15.0,"key":"SMITH"},{"floor":24.0,"key":"REST"},{"data":"Footwork","floor":27.0,"key":"SMITH"},{"data":"Tools of the Trade","floor":32.0,"key":"SMITH"},{"floor":40,"key":"REST"},{"floor":42,"key":"REST"},{"floor":45,"key":"REST"},{"floor":49,"key":"REST"}],"neow_cost":"NONE","seed_source_timestamp":204707742941038,"circlet_count":0,"master_deck":["Survivor+1","Neutralize+1","AscendersBane","Deflect","Footwork+1","Cloak And Dagger","Noxious Fumes+1","Blur+1","PiercingWail+1","PiercingWail+1","Adrenaline+1","PiercingWail+1","Dagger Throw","Escape Plan+1","Backstab","Calculated Gamble+1","Backflip+1","Bouncing Flask+1","Backflip+1","Dodge and Roll+1","Sucker Punch+1","Crippling Poison+1","Footwork+1","Backflip+1","Tools of the Trade+1","Cloak And Dagger+1","PiercingWail+1","Tactician+1","Corpse Explosion+1","Dark Shackles+1","Noxious Fumes+1","Cloak And Dagger+1","Cloak And Dagger+1","Malaise+1","Crippling Poison+1","Madness+1","Madness+1"],"special_seed":0,"relics":["Ring of the Snake","Golden Idol","Orichalcum","Toxic Egg 2","Odd Mushroom","Oddly Smooth Stone","Pandora\u0027s Box","Snake Skull","Bottled Flame","Fusion Hammer","Kunai"],"potions_floor_usage":[50],"damage_taken":[{"damage":0.0,"enemies":"Jaw Worm","floor":1.0,"turns":6.0},{"damage":1.0,"enemies":"Small Slimes","floor":2.0,"turns":4.0},{"damage":0.0,"enemies":"Cultist","floor":5.0,"turns":4.0},{"damage":24.0,"enemies":"3 Sentries","floor":8.0,"turns":17.0},{"damage":13.0,"enemies":"The Mushroom Lair","floor":11.0,"turns":5.0},{"damage":0.0,"enemies":"Large Slime","floor":14.0,"turns":8.0},{"damage":0.0,"enemies":"The Guardian","floor":16.0,"turns":13.0},{"damage":0.0,"enemies":"3 Byrds","floor":18.0,"turns":5.0},{"damage":22.0,"enemies":"2 Thieves","floor":22.0,"turns":5.0},{"damage":0.0,"enemies":"Book of Stabbing","floor":23.0,"turns":6.0},{"damage":6.0,"enemies":"Snake Plant","floor":30.0,"turns":5.0},{"damage":0.0,"enemies":"3 Cultists","floor":31.0,"turns":5.0},{"damage":0.0,"enemies":"Automaton","floor":33.0,"turns":10.0},{"damage":0.0,"enemies":"Orb Walker","floor":35.0,"turns":4.0},{"damage":15,"enemies":"3 Darklings","floor":39,"turns":5},{"damage":0,"enemies":"Reptomancer","floor":41,"turns":6},{"damage":0,"enemies":"Maw","floor":47,"turns":7},{"damage":24,"enemies":"Donu and Deca","floor":50,"turns":8}],"seed_played":"-5065459136606060433","potions_obtained":[{"floor":8.0,"key":"Ancient Potion"},{"floor":11.0,"key":"Energy Potion"},{"floor":16.0,"key":"SteroidPotion"},{"floor":20.0,"key":"EntropicBrew"},{"floor":31.0,"key":"GhostInAJar"},{"floor":41,"key":"Dexterity Potion"}],"is_trial":false,"path_per_floor":["M","M","?","?","M","R","?","E","T","R","?","$","R","M","R","B",null,"M","?","?","$","M","E","R","$","T","R","$","?","M","M","R","B",null,"M","?","?","?","M","R","M","R","T","$","R","$","M","?","R","B"],"character_chosen":"THE_SILENT","items_purchased":["Oddly Smooth Stone","PiercingWail+1","Backflip+1","Crippling Poison+1","Footwork","Backflip+1","Malaise+1"],"campfire_rested":6,"item_purchase_floors":[12,12,21,25,25,28,44],"current_hp_per_floor":[63,62,55,55,55,55,55,31,31,50,37,37,37,37,37,37,58,58,58,58,58,36,36,55,55,55,55,55,55,49,49,49,49,61,61,61,61,61,46,65,65,65,65,65,65,65,65,57,65,41],"gold":83,"neow_bonus":"UPGRADE_CARD","is_prod":false,"is_daily":false,"chose_seed":false,"campfire_upgraded":5,"win_rate":0,"timestamp":1538492233,"path_taken":["M","M","?","?","M","R","?","E","T","R","?","$","R","M","R","BOSS","M","?","?","$","M","E","R","$","T","R","?","?","M","M","R","BOSS","M","?","?","?","M","R","M","R","T","$","R","$","M","?","R","BOSS"],"build_version":"2018-09-27","purchased_purges":0,"victory":true,"max_hp_per_floor":[70,70,70,70,70,70,65,65,65,65,65,65,65,65,65,65,65,65,65,65,65,65,65,65,65,65,65,65,65,65,65,65,65,65,65,65,65,65,65,65,65,65,65,65,65,65,65,65,65,65],"card_choices":[{"not_picked":["Slice","Sucker Punch"],"picked":"Deflect","floor":1.0},{"not_picked":["Flechettes","PiercingWail"],"picked":"Footwork","floor":2.0},{"not_picked":["Dagger Throw","Setup"],"picked":"Cloak And Dagger","floor":5.0},{"not_picked":["Infinite Blades","Blade Dance"],"picked":"Noxious Fumes","floor":8.0},{"not_picked":["Dodge and Roll+1","Bouncing Flask+1"],"picked":"Blur+1","floor":11.0},{"not_picked":["Flying Knee","Sucker Punch"],"picked":"PiercingWail+1","floor":14.0},{"not_picked":["Envenom","Die Die Die"],"picked":"Adrenaline+1","floor":16.0},{"not_picked":["Sucker Punch","Deadly Poison+1"],"picked":"Bouncing Flask+1","floor":18.0},{"not_picked":["Flying Knee","Quick Slash"],"picked":"Dodge and Roll+1","floor":22.0},{"not_picked":["Deadly Poison+1","Heel Hook"],"picked":"Sucker Punch+1","floor":23.0},{"not_picked":["Slice","Bane"],"picked":"Tools of the Trade","floor":30.0},{"not_picked":["PiercingWail+1","Backflip+1"],"picked":"Cloak And Dagger+1","floor":31.0},{"not_picked":["Dagger Throw","Underhanded Strike"],"picked":"PiercingWail+1","floor":35.0},{"not_picked":["Acrobatics+1","Bane+1"],"picked":"Cloak And Dagger+1","floor":39},{"not_picked":["Prepared+1","Skewer"],"picked":"Cloak And Dagger+1","floor":41},{"not_picked":["Backstab","Distraction+1"],"picked":"Crippling Poison+1","floor":47}],"player_experience":408592,"relics_obtained":[{"floor":8.0,"key":"Orichalcum"},{"floor":9.0,"key":"Toxic Egg 2"},{"floor":11.0,"key":"Odd Mushroom"},{"floor":23.0,"key":"Snake Skull"},{"floor":26.0,"key":"Bottled Flame"},{"floor":43,"key":"Kunai"}],"event_choices":[{"event_name":"Golden Wing","player_choice":"Card Removal","floor":3.0,"damage_taken":0.0},{"event_name":"The Cleric","player_choice":"Card Removal","floor":4.0,"damage_taken":0.0},{"event_name":"Golden Idol","player_choice":"Lose Max HP","floor":7.0,"damage_taken":0.0},{"event_name":"Mushrooms","player_choice":"Fought Mushrooms","floor":11.0,"damage_taken":0.0},{"event_name":"Back to Basics","player_choice":"Elegance","floor":19.0,"damage_taken":0.0},{"event_name":"The Woman in Blue","player_choice":"Bought 1 Potion","floor":20.0,"damage_taken":0.0},{"event_name":"Vampires","player_choice":"Ignored","floor":29.0,"damage_taken":0.0},{"event_name":"Match and Keep!","player_choice":"3 cards matched","floor":36,"damage_taken":0},{"event_name":"Duplicator","player_choice":"One dupe","floor":37,"damage_taken":0},{"event_name":"Falling","player_choice":"Removed Attack","floor":38,"damage_taken":0},{"event_name":"Winding Halls","player_choice":"Embrace Madness","floor":48,"damage_taken":0}],"is_beta":false,"boss_relics":[{"not_picked":["Orrery","Calling Bell"],"picked":"Pandora\u0027s Box"},{"not_picked":["Empty Cage","Coffee Dripper"],"picked":"Fusion Hammer"}],"items_purged_floors":[],"is_endless":false,"potions_floor_spawned":[8,11,16,22,31,33,41,47],"ascension_level":11}