{"gold_per_floor":[114,114,124,49,63,92,92,136,136,151,164,189,189,89,89,213,213,227,317,331,355,37,37,50,50,50,50,89,89,108,133,133,262,262,281,25,39,57,81,112,112,126,150,150,150,150,150,1,1,1],"floor_reached":51,"playtime":5005,"items_purged":["Defend_G","Strike_G","Strike_G","Normality"],"score":884,"play_id":"df4a35b4-22d5-4f61-b415-6738e8a2aa5e","local_time":"20180706152629","is_ascension_mode":false,"campfire_choices":[{"data":"Noxious Fumes","floor":13.0,"key":"SMITH"},{"floor":15.0,"key":"REST"},{"floor":23,"key":"REST"},{"data":"Venomology","floor":25,"key":"SMITH"},{"floor":27,"key":"REST"},{"floor":32,"key":"REST"},{"floor":41,"key":"REST"},{"floor":44,"key":"REST"},{"floor":46,"key":"REST"},{"data":"Footwork","floor":49,"key":"SMITH"}],"neow_cost":"NONE","seed_source_timestamp":479053981373276,"circlet_count":0,"master_deck":["Defend_G","Defend_G","Defend_G","Strike_G+1","Strike_G+1","Survivor","Neutralize+1","Terror+1","Noxious Fumes+1","Backflip","Deadly Poison","Venomology+1","Corpse Explosion","Flying Knee+1","Dodge and Roll+1","Deadly Poison+1","Footwork+1","Bandage Up"],"special_seed":0,"relics":["Ring of the Snake","Paper Crane","Golden Idol","Ice Cream","Peace Pipe","Empty Cage","Toy Ornithopter","Regal Pillow","Whetstone","Calling Bell","Happy Flower","Letter Opener","Tingsha","Boot","Lantern","Incense Burner","Ancient Tea Set"],"potions_floor_usage":[21,24,24,28,28,30,33,33,33,35,37,38,38,38,40,40,40,42,45,50],"damage_taken":[{"damage":1.0,"enemies":"Small Slimes","floor":1.0,"turns":4.0},{"damage":0.0,"enemies":"Cultist","floor":3.0,"turns":4.0},{"damage":0.0,"enemies":"2 Louse","floor":5.0,"turns":3.0},{"damage":14.0,"enemies":"3 Sentries","floor":6.0,"turns":7.0},{"damage":3.0,"enemies":"Lagavulin","floor":8.0,"turns":7.0},{"damage":0.0,"enemies":"Exordium Wildlife","floor":10.0,"turns":4.0},{"damage":2.0,"enemies":"3 Louse","floor":11.0,"turns":3.0},{"damage":3.0,"enemies":"Blue Slaver","floor":12.0,"turns":4.0},{"damage":11.0,"enemies":"Slime Boss","floor":16.0,"turns":7.0},{"damage":15.0,"enemies":"2 Thieves","floor":18.0,"turns":3.0},{"damage":7,"enemies":"3 Byrds","floor":20,"turns":3},{"damage":7,"enemies":"3 Cultists","floor":21,"turns":5},{"damage":22,"enemies":"Slaver and Parasite","floor":24,"turns":4},{"damage":6,"enemies":"Book of Stabbing","floor":28,"turns":5},{"damage":9,"enemies":"Snake Plant","floor":30,"turns":4},{"damage":23,"enemies":"Sentry and Sphere","floor":31,"turns":8},{"damage":8,"enemies":"Automaton","floor":33,"turns":11},{"damage":50,"enemies":"3 Darklings","floor":35,"turns":7},{"damage":12,"enemies":"Orb Walker","floor":37,"turns":5},{"damage":16,"enemies":"Sphere and 2 Shapes","floor":38,"turns":5},{"damage":10,"enemies":"Maw","floor":39,"turns":8},{"damage":33,"enemies":"2 Orb Walkers","floor":40,"turns":4},{"damage":29,"enemies":"3 Darklings","floor":42,"turns":5},{"damage":33,"floor":45,"turns":8},{"damage":62,"enemies":"Time Eater","floor":50,"turns":13}],"seed_played":"9132575840576732727","potions_obtained":[{"floor":8.0,"key":"SkillPotion"},{"floor":11.0,"key":"Poison Potion"},{"floor":12.0,"key":"Fire Potion"},{"floor":16.0,"key":"Energy Potion"},{"floor":18.0,"key":"SteroidPotion"},{"floor":20,"key":"Dexterity Potion"},{"floor":24,"key":"Regen Potion"},{"floor":31,"key":"Regen Potion"},{"floor":33,"key":"Dexterity Potion"},{"floor":35,"key":"Energy Potion"},{"floor":38,"key":"GhostInAJar"}],"is_trial":false,"path_per_floor":["M","?","M","$","M","E","?","E","T","M","M","M","R","$","R","B",null,"M","?","M","M","$","R","M","R","T","R","E","?","M","M","R","B",null,"M","$","M","M","M","E","R","M","T","R","?","R","?","$","R","B"],"character_chosen":"THE_SILENT","items_purchased":["Toy Ornithopter","Bandage Up","Ancient Tea Set"],"campfire_rested":7,"item_purchase_floors":[22,36,48],"current_hp_per_floor":[69,69,69,69,69,55,38,35,35,35,33,30,30,30,51,40,70,55,41,34,27,27,48,32,32,32,68,68,68,61,38,70,70,70,23,23,18,15,9,3,39,17,17,53,27,63,63,63,63,8],"gold":1,"neow_bonus":"UPGRADE_CARD","is_prod":false,"is_daily":false,"chose_seed":false,"campfire_upgraded":3,"win_rate":0,"timestamp":1530883589,"path_taken":["M","?","M","$","M","E","?","E","T","M","M","M","R","?","R","BOSS","M","?","M","?","$","R","M","R","T","R","E","?","M","M","R","BOSS","M","$","M","?","M","E","R","M","T","R","?","R","?","$","R","BOSS"],"build_version":"2018-07-05","purchased_purges":4,"victory":true,"max_hp_per_floor":[70,70,70,70,70,70,70,70,70,70,70,70,70,70,70,70,70,70,70,70,70,70,70,70,70,70,70,70,70,70,70,70,70,70,70,70,70,70,70,70,70,70,70,70,70,70,70,70,70,70],"card_choices":[{"not_picked":["Sucker Punch","Choke"],"picked":"Terror","floor":1.0},{"not_picked":["Flying Knee","Escape Plan"],"picked":"Noxious Fumes","floor":3.0},{"not_picked":["Blur","Cloak And Dagger"],"picked":"Backflip","floor":5.0},{"not_picked":["Eviscerate","Accuracy","Reflex"],"picked":"SKIP","floor":6.0},{"not_picked":["Finisher","Backflip","Flying Knee"],"picked":"SKIP","floor":8.0},{"not_picked":["Dagger Throw","Deflect"],"picked":"Deadly Poison","floor":10.0},{"not_picked":["Dagger Spray","Underhanded Strike"],"picked":"Venomology","floor":11.0},{"not_picked":["Flechettes","Acrobatics","Dodge and Roll"],"picked":"SKIP","floor":12.0},{"not_picked":["After Image","Tactician"],"picked":"Corpse Explosion","floor":16.0},{"not_picked":["Underhanded Strike","Predator+1"],"picked":"Flying Knee+1","floor":18.0},{"not_picked":["All Out Attack","Acrobatics"],"picked":"Dodge and Roll+1","floor":20},{"not_picked":["All Out Attack","Sucker Punch","Masterful Stab"],"picked":"SKIP","floor":21},{"not_picked":["Quick Slash","Predator"],"picked":"Deadly Poison+1","floor":24},{"not_picked":["Infinite Blades","PiercingWail+1"],"picked":"Footwork","floor":28},{"not_picked":["Dagger Throw+1","PiercingWail+1","Flying Knee"],"picked":"SKIP","floor":30},{"not_picked":["Terror","Wraith Form v2","Dagger Spray"],"picked":"SKIP","floor":31},{"not_picked":["Dash","Slice","Dodge and Roll+1"],"picked":"SKIP","floor":35},{"not_picked":["Blur","Endless Agony","Dagger Spray"],"picked":"SKIP","floor":37},{"not_picked":["Flying Knee","Dagger Spray","Endless Agony"],"picked":"SKIP","floor":38},{"not_picked":["Choke","Underhanded Strike","Flechettes+1"],"picked":"SKIP","floor":39},{"not_picked":["PiercingWail","Backflip","Flying Knee+1"],"picked":"SKIP","floor":40},{"not_picked":["Bane","A Thousand Cuts","Blade Dance+1"],"picked":"SKIP","floor":42}],"player_experience":43528,"relics_obtained":[{"floor":6.0,"key":"Paper Crane"},{"floor":8.0,"key":"Ice Cream"},{"floor":9.0,"key":"Peace Pipe"},{"floor":26,"key":"Regal Pillow"},{"floor":28,"key":"Whetstone"},{"floor":34,"key":"Happy Flower"},{"floor":34,"key":"Letter Opener"},{"floor":34,"key":"Tingsha"},{"floor":40,"key":"Boot"},{"floor":43,"key":"Lantern"},{"floor":45,"key":"Incense Burner"}],"event_choices":[{"event_name":"Upgrade Shrine","player_choice":"Upgraded","floor":2.0,"damage_taken":0.0},{"event_name":"Golden Idol","player_choice":"Take Damage","floor":7.0,"damage_taken":0.0},{"event_name":"Knowing Skull","player_choice":"GOLD ","floor":19.0,"damage_taken":0.0},{"event_name":"Drug Dealer","player_choice":"Ignored","floor":29,"damage_taken":0},{"event_name":"MindBloom","player_choice":"Fight","floor":45,"damage_taken":0},{"event_name":"Fountain of Cleansing","player_choice":"Removed Curse","floor":47,"damage_taken":0}],"boss_relics":[{"not_picked":["Snecko Eye","Busted Crown"],"picked":"Empty Cage"},{"not_picked":["Tiny House","Astrolabe"],"picked":"Calling Bell"}],"items_purged_floors":[4,14,22,36],"is_endless":false,"potions_floor_spawned":[8,11,12,16,18,20,24,31,33,35,38],"ascension_level":0}