{"gold_per_floor":[117,117,12,22,22,52,52,87,110,110,144,160,180,355,355,355],"floor_reached":16,"playtime":893,"items_purged":[],"score":201,"play_id":"967180c5-3192-4110-86a4-360ed9096542","local_time":"20190201191134","is_ascension_mode":true,"campfire_choices":[{"data":"Rampage","floor":10,"key":"SMITH"},{"data":"Anger","floor":15,"key":"SMITH"}],"neow_cost":"NONE","seed_source_timestamp":1831936273531698,"circlet_count":0,"master_deck":["Strike_R","Strike_R","Strike_R","Strike_R+1","Strike_R","Defend_R","Defend_R","Defend_R","Defend_R","Bash+1","Flex","Anger+1","Headbutt+1","Fire Breathing","Rampage+1","Doubt"],"relics":["Burning Blood","NeowsBlessing","Happy Flower","Matryoshka","Meat on the Bone","Orichalcum","Whetstone","Gremlin Horn","Odd Mushroom"],"potions_floor_usage":[11,16],"damage_taken":[{"damage":0,"enemies":"Jaw Worm","floor":1,"turns":1},{"damage":0,"enemies":"Small Slimes","floor":4,"turns":1},{"damage":0,"enemies":"3 Sentries","floor":6,"turns":1},{"damage":30,"enemies":"Gremlin Nob","floor":8,"turns":4},{"damage":20,"enemies":"Lagavulin","floor":11,"turns":4},{"damage":0,"enemies":"2 Louse","floor":12,"turns":1},{"damage":18,"enemies":"The Mushroom Lair","floor":13,"turns":3}],"seed_played":"-9021201579180540033","potions_obtained":[{"floor":1,"key":"SpeedPotion"},{"floor":8,"key":"Energy Potion"}],"is_trial":false,"path_per_floor":["M","?","$","M","?","E","?","E","T","R","E","M","?","?","R","B"],"character_chosen":"IRONCLAD","items_purchased":["Flex","Anger"],"campfire_rested":0,"item_purchase_floors":[3,3],"current_hp_per_floor":[80,80,80,80,80,80,73,49,49,49,47,53,53,53,53,0],"gold":355,"neow_bonus":"THREE_ENEMY_KILL","is_prod":false,"is_daily":false,"chose_seed":false,"campfire_upgraded":2,"win_rate":0,"timestamp":1549044694,"path_taken":["M","?","$","M","?","E","?","E","T","R","E","M","?","?","R","BOSS"],"build_version":"2019-01-23","purchased_purges":0,"victory":false,"max_hp_per_floor":[80,80,80,80,80,80,80,80,80,80,80,80,80,80,80,80],"card_choices":[{"not_picked":["Second Wind","Clash","Reckless Charge"],"picked":"SKIP","floor":1},{"not_picked":["Ghostly Armor","Havoc"],"picked":"Headbutt","floor":4},{"not_picked":["Headbutt","Entrench"],"picked":"Fire Breathing","floor":6},{"not_picked":["Headbutt","Havoc"],"picked":"Rampage","floor":8},{"not_picked":["Impervious","Power Through","Sever Soul"],"picked":"SKIP","floor":11},{"not_picked":["Iron Wave","Pummel","Carnage"],"picked":"SKIP","floor":12}],"player_experience":127151,"relics_obtained":[{"floor":6,"key":"Matryoshka"},{"floor":8,"key":"Meat on the Bone"},{"floor":9,"key":"Orichalcum"},{"floor":9,"key":"Whetstone"},{"floor":11,"key":"Gremlin Horn"},{"floor":13,"key":"Odd Mushroom"}],"event_choices":[{"damage_healed":0,"gold_gain":0,"player_choice":"Grow","damage_taken":0,"max_hp_gain":0,"max_hp_loss":0,"event_name":"Living Wall","floor":2,"gold_loss":0,"cards_upgraded":["Bash"]},{"damage_healed":0,"gold_gain":0,"player_choice":"Box","damage_taken":0,"relics_obtained":["Happy Flower"],"max_hp_gain":0,"max_hp_loss":0,"event_name":"Big Fish","floor":5,"gold_loss":0,"cards_obtained":["Regret"]},{"cards_removed":["Regret"],"damage_healed":0,"gold_gain":0,"player_choice":"Card Removal","damage_taken":7,"max_hp_gain":0,"max_hp_loss":0,"event_name":"Golden Wing","floor":7,"gold_loss":0},{"damage_healed":0,"gold_gain":0,"player_choice":"Fought Mushrooms","damage_taken":0,"max_hp_gain":0,"max_hp_loss":0,"event_name":"Mushrooms","floor":13,"gold_loss":0},{"damage_healed":0,"gold_gain":175,"player_choice":"AGREE","damage_taken":0,"max_hp_gain":0,"max_hp_loss":0,"event_name":"Liars Game","floor":14,"gold_loss":0,"cards_obtained":["Doubt"]}],"is_beta":false,"boss_relics":[],"items_purged_floors":[],"is_endless":false,"potions_floor_spawned":[1,8],"killed_by":"The Guardian","ascension_level":1}