{"gold_per_floor":[119,137,152,165,180,211,211,224,224,299,299,299,299,314,314,314],"floor_reached":16,"playtime":801,"items_purged":[],"score":114,"play_id":"183990ee-7482-4dae-a6a6-e09db51371dc","local_time":"20181207223402","is_ascension_mode":true,"campfire_choices":[{"floor":7,"key":"REST"},{"data":"Fiend Fire","floor":11,"key":"SMITH"},{"floor":13,"key":"RECALL"},{"floor":15,"key":"REST"}],"neow_cost":"NONE","seed_source_timestamp":214401061638321,"circlet_count":0,"master_deck":["Strike_R","Strike_R","Strike_R","Strike_R","Strike_R","Defend_R","Defend_R","Defend_R","Defend_R","Bash","Cleave","Cleave","Fiend Fire+1","Carnage","Spot Weakness","Power Through","Pummel","Headbutt"],"relics":["Burning Blood","Question Card","Meat on the Bone"],"potions_floor_usage":[6,6,16],"damage_taken":[{"damage":0,"enemies":"Small Slimes","floor":1,"turns":3},{"damage":1,"enemies":"Cultist","floor":2,"turns":3},{"damage":6,"enemies":"Jaw Worm","floor":3,"turns":4},{"damage":9,"enemies":"2 Fungi Beasts","floor":4,"turns":3},{"damage":7,"enemies":"Looter","floor":5,"turns":3},{"damage":47,"enemies":"Gremlin Nob","floor":6,"turns":5},{"damage":6,"enemies":"Blue Slaver","floor":8,"turns":4},{"damage":0,"enemies":"2 Fungi Beasts","floor":14,"turns":2},{"damage":82,"enemies":"The Guardian","floor":16,"turns":12}],"seed_played":"-5526908188680280582","potions_obtained":[{"floor":4,"key":"Strength Potion"},{"floor":5,"key":"LiquidBronze"},{"floor":6,"key":"Ancient Potion"},{"floor":8,"key":"SkillPotion"}],"is_trial":false,"path_per_floor":["M","M","M","M","M","E","R","M","T","?","R","?","R","M","R","B"],"character_chosen":"IRONCLAD","items_purchased":[],"campfire_rested":2,"item_purchase_floors":[],"current_hp_per_floor":[80,80,80,77,76,35,59,59,59,48,48,48,48,54,78,0],"gold":314,"neow_bonus":"THREE_CARDS","is_prod":false,"is_daily":false,"chose_seed":false,"campfire_upgraded":1,"win_rate":0,"timestamp":1544218442,"path_taken":["M","M","M","M","M","E","R","M","T","?","R","?","R","M","R","BOSS"],"build_version":"2018-12-06","purchased_purges":0,"victory":false,"max_hp_per_floor":[80,80,80,80,80,80,80,80,80,80,80,80,80,80,80,80],"card_choices":[{"not_picked":["Havoc","Pommel Strike"],"picked":"Cleave","floor":0},{"not_picked":["Perfected Strike","Armaments"],"picked":"Cleave","floor":1},{"not_picked":["Cleave","Clothesline"],"picked":"Fiend Fire","floor":2},{"not_picked":["Havoc","Twin Strike"],"picked":"Carnage","floor":3},{"not_picked":["Flex","Carnage"],"picked":"Spot Weakness","floor":4},{"not_picked":["Shrug It Off","Warcry","Rupture"],"picked":"SKIP","floor":5},{"not_picked":["Second Wind","Havoc"],"picked":"Power Through","floor":6},{"not_picked":["Sever Soul","Flex","Thunderclap"],"picked":"Pummel","floor":8},{"not_picked":["Body Slam","Double Tap","Cleave"],"picked":"Headbutt","floor":14}],"player_experience":232739,"relics_obtained":[{"floor":6,"key":"Question Card"}],"event_choices":[{"damage_healed":0,"gold_gain":75,"player_choice":"Gather Gold","damage_taken":11,"max_hp_gain":0,"max_hp_loss":0,"event_name":"World of Goop","floor":10,"gold_loss":0},{"damage_healed":0,"gold_gain":0,"player_choice":"Gave Potion","damage_taken":0,"relics_obtained":["Meat on the Bone"],"max_hp_gain":0,"max_hp_loss":0,"event_name":"WeMeetAgain","floor":12,"gold_loss":0}],"is_beta":false,"boss_relics":[],"items_purged_floors":[],"is_endless":false,"potions_floor_spawned":[4,5,6,8],"killed_by":"The Guardian","ascension_level":2}