{"gold_per_floor":[116,41,53,67,78,78,103,103,130,130,154,10,23,78,78,181,181,165,265,283,296,296,296,324,324,324,355,355,365,377,388,388,489,489,502,515,230,230,230,260,275,38,91,130,176,99,111,121,121,121],"floor_reached":51,"playtime":5572,"items_purged":["Decay","Normality"],"score":816,"play_id":"11ccf83b-e293-424d-927d-70fb27d897a1","local_time":"20190210161405","is_ascension_mode":true,"campfire_choices":[{"data":"Defragment","floor":6.0,"key":"SMITH"},{"data":"Zap","floor":8.0,"key":"SMITH"},{"floor":15.0,"key":"REST"},{"floor":23.0,"key":"REST"},{"floor":25.0,"key":"REST"},{"floor":32.0,"key":"REST"},{"floor":49,"key":"REST"}],"neow_cost":"CURSE","seed_source_timestamp":2593455868972975,"circlet_count":0,"master_deck":["Strike_B","Strike_B","Strike_B","Defend_B","Defend_B+1","Defend_B","Defend_B+1","Zap+1","Dualcast","Defragment+1","Gash","Redo","Gash","Gash","Auto Shields","Echo Form","Conserve Battery","Static Discharge","Streamline+1","Leap","Hologram","Stack","Conserve Battery+1","Aggregate","Self Repair","Conserve Battery+1","BootSequence","Thunder Strike","Bandage Up","Parasite"],"special_seed":0,"relics":["Cracked Core","Bag of Preparation","PreservedInsect","War Paint","Regal Pillow","Tiny Chest","Black Star","Letter Opener","Pocketwatch","Peace Pipe","Smiling Mask","Bottled Tornado","Lantern","Strawberry","Spirit Poop","Calling Bell","Ancient Tea Set","Dodecahedron","Dead Branch","Juzu Bracelet","Pantograph","Oddly Smooth Stone","Anchor","MawBank","Blood Vial","Bronze Scales","Ornamental Fan"],"potions_floor_usage":[50,50,50],"damage_taken":[{"damage":0.0,"enemies":"2 Louse","floor":1.0,"turns":3.0},{"damage":3.0,"enemies":"Jaw Worm","floor":3.0,"turns":4.0},{"damage":1.0,"enemies":"Cultist","floor":4.0,"turns":4.0},{"damage":23.0,"enemies":"Large Slime","floor":5.0,"turns":5.0},{"damage":16.0,"enemies":"3 Sentries","floor":7.0,"turns":6.0},{"damage":0.0,"enemies":"3 Louse","floor":13.0,"turns":3.0},{"damage":5.0,"enemies":"Lagavulin","floor":14.0,"turns":4.0},{"damage":30.0,"enemies":"The Guardian","floor":16.0,"turns":10.0},{"damage":16.0,"enemies":"2 Thieves","floor":18.0,"turns":4.0},{"damage":27.0,"enemies":"Colosseum Slavers","floor":19.0,"turns":4.0},{"damage":30.0,"enemies":"Colosseum Nobs","floor":19.0,"turns":4.0},{"damage":8.0,"enemies":"3 Byrds","floor":20.0,"turns":4.0},{"damage":6.0,"enemies":"3 Cultists","floor":21.0,"turns":4.0},{"damage":20.0,"enemies":"Book of Stabbing","floor":24.0,"turns":5.0},{"damage":30.0,"enemies":"Gremlin Leader","floor":27.0,"turns":7.0},{"damage":16.0,"enemies":"Shelled Parasite and Fungi","floor":29.0,"turns":4.0},{"damage":7.0,"enemies":"Snake Plant","floor":30.0,"turns":4.0},{"damage":0.0,"enemies":"Snecko","floor":31.0,"turns":5.0},{"damage":58.0,"enemies":"Collector","floor":33.0,"turns":11.0},{"damage":23.0,"enemies":"Orb Walker","floor":35.0,"turns":5.0},{"damage":14.0,"enemies":"3 Darklings","floor":36.0,"turns":4.0},{"damage":29.0,"enemies":"Reptomancer","floor":40.0,"turns":7.0},{"damage":0.0,"enemies":"4 Shapes","floor":41.0,"turns":4.0},{"damage":18.0,"enemies":"Nemesis","floor":45.0,"turns":7.0},{"damage":8,"enemies":"Writhing Mass","floor":47,"turns":8},{"damage":16,"enemies":"3 Darklings","floor":48,"turns":6},{"damage":65,"enemies":"Time Eater","floor":50,"turns":11}],"seed_played":"-261897006652898258","potions_obtained":[{"floor":1.0,"key":"Energy Potion"},{"floor":4.0,"key":"GamblersBrew"},{"floor":18.0,"key":"FearPotion"},{"floor":19.0,"key":"Strength Potion"},{"floor":21.0,"key":"EssenceOfSteel"},{"floor":24.0,"key":"Fire Potion"},{"floor":29.0,"key":"SkillPotion"},{"floor":31.0,"key":"PowerPotion"},{"floor":40.0,"key":"FocusPotion"},{"floor":47,"key":"PowerPotion"}],"is_trial":false,"path_per_floor":["M","$","M","M","M","R","E","R","T","?","T","$","M","E","R","B",null,"M","?","M","M","?","R","E","R","T","E","?","M","M","M","R","B",null,"M","M","$","?","?","E","M","$","T","T","E","$","M","M","R","B",null],"character_chosen":"DEFECT","items_purchased":["Regal Pillow","Self Repair","Juzu Bracelet","Anchor","Thunder Strike","Bandage Up"],"campfire_rested":5,"item_purchase_floors":[12,37,37,42,42,46],"current_hp_per_floor":[89,89,86,85,62,62,46,46,46,39,39,39,39,34,75,45,89,73,16,8,2,2,43,23,64,64,41,41,25,18,18,61,3,96,73,59,59,59,59,30,30,30,30,30,21,21,37,45,88,42],"gold":121,"neow_bonus":"TWENTY_PERCENT_HP_BONUS","is_prod":false,"is_daily":false,"chose_seed":false,"campfire_upgraded":2,"win_rate":0,"timestamp":1549811645,"path_taken":["M","$","M","M","M","R","E","R","T","?","?","$","?","E","R","BOSS","M","?","M","M","?","R","E","R","T","E","?","M","?","M","R","BOSS","M","M","$","?","?","E","M","?","T","?","E","$","M","M","R","BOSS"],"build_version":"2019-01-23","purchased_purges":2,"victory":true,"max_hp_per_floor":[89,89,89,89,89,89,89,89,89,89,89,89,89,89,89,89,89,89,89,89,89,89,89,89,89,89,96,96,96,96,96,96,96,96,96,96,96,96,96,96,96,96,96,96,96,96,96,96,96,96],"card_choices":[{"not_picked":["Beam Cell","Steam"],"picked":"Defragment","floor":1.0},{"not_picked":["Blizzard","Go for the Eyes"],"picked":"Gash","floor":3.0},{"not_picked":["Scrape","Self Repair"],"picked":"Redo","floor":4.0},{"not_picked":["Go for the Eyes","Consume"],"picked":"Gash","floor":5.0},{"not_picked":["Coolheaded","Redo"],"picked":"Gash","floor":7.0},{"not_picked":["Rebound","Coolheaded"],"picked":"Auto Shields","floor":13.0},{"not_picked":["Leap","Coolheaded","Streamline"],"picked":"SKIP","floor":14.0},{"not_picked":["Creative AI","Buffer"],"picked":"Echo Form","floor":16.0},{"not_picked":["Hologram","Redo+1","Undo"],"picked":"SKIP","floor":18.0},{"not_picked":["Stack","Defragment"],"picked":"Conserve Battery","floor":20.0},{"not_picked":["Sweeping Beam","Coolheaded+1","Chill+1"],"picked":"SKIP","floor":21.0},{"not_picked":["Defragment","Amplify"],"picked":"Static Discharge","floor":24.0},{"not_picked":["Static Discharge+1","Coolheaded"],"picked":"Streamline+1","floor":27.0},{"not_picked":["Auto Shields+1","Barrage"],"picked":"Leap","floor":29.0},{"not_picked":["Barrage","Biased Cognition"],"picked":"Hologram","floor":30.0},{"not_picked":["Double Energy","Aggregate"],"picked":"Stack","floor":31.0},{"not_picked":["Ball Lightning","Hologram"],"picked":"Conserve Battery+1","floor":35.0},{"not_picked":["Leap+1","FTL+1"],"picked":"Aggregate","floor":36.0},{"not_picked":["All For One","Steam+1"],"picked":"BootSequence","floor":40.0},{"not_picked":["Hologram+1","Blizzard+1","Leap+1"],"picked":"SKIP","floor":41.0},{"not_picked":["Leap+1","Beam Cell+1","FTL+1"],"picked":"SKIP","floor":45.0},{"not_picked":["Coolheaded","Streamline","Sweeping Beam"],"picked":"SKIP","floor":47},{"not_picked":["Rebound","Conserve Battery+1","Coolheaded+1"],"picked":"SKIP","floor":48}],"player_experience":131058,"relics_obtained":[{"floor":7.0,"key":"Bag of Preparation"},{"floor":9.0,"key":"PreservedInsect"},{"floor":11.0,"key":"War Paint"},{"floor":14.0,"key":"Tiny Chest"},{"floor":19.0,"key":"Letter Opener"},{"floor":19.0,"key":"Pocketwatch"},{"floor":24.0,"key":"Peace Pipe"},{"floor":24.0,"key":"Smiling Mask"},{"floor":26.0,"key":"Bottled Tornado"},{"floor":27.0,"key":"Lantern"},{"floor":27.0,"key":"Strawberry"},{"floor":34.0,"key":"Ancient Tea Set"},{"floor":34.0,"key":"Dodecahedron"},{"floor":34.0,"key":"Dead Branch"},{"floor":40.0,"key":"Pantograph"},{"floor":40.0,"key":"Oddly Smooth Stone"},{"floor":43.0,"key":"MawBank"},{"floor":44.0,"key":"Blood Vial"},{"floor":45.0,"key":"Bronze Scales"},{"floor":45.0,"key":"Ornamental Fan"}],"event_choices":[{"cards_removed":["Strike_B"],"damage_healed":0.0,"max_hp_gain":0.0,"max_hp_loss":0.0,"gold_gain":0.0,"event_name":"Golden Wing","player_choice":"Card Removal","floor":10.0,"gold_loss":0.0,"damage_taken":7.0},{"damage_healed":0.0,"max_hp_gain":0.0,"max_hp_loss":0.0,"gold_gain":0.0,"event_name":"Colosseum","player_choice":"Fight","floor":19.0,"gold_loss":0.0,"damage_taken":0.0},{"damage_healed":0.0,"max_hp_gain":0.0,"max_hp_loss":0.0,"gold_gain":0.0,"event_name":"Colosseum","player_choice":"Fought Nobs","floor":19.0,"gold_loss":0.0,"damage_taken":0.0},{"damage_healed":0.0,"max_hp_gain":0.0,"max_hp_loss":0.0,"gold_gain":0.0,"event_name":"Forgotten Altar","player_choice":"Smashed Altar","floor":22.0,"gold_loss":0.0,"damage_taken":0.0,"cards_obtained":["Decay"]},{"cards_removed":["Decay"],"damage_healed":0.0,"max_hp_gain":0.0,"max_hp_loss":0.0,"gold_gain":0.0,"event_name":"Bonfire Elementals","player_choice":"Offered Curse","floor":28.0,"gold_loss":0.0,"damage_taken":0.0,"relics_obtained":["Spirit Poop"]},{"cards_removed":["Clumsy","Normality"],"damage_healed":0.0,"max_hp_gain":0.0,"max_hp_loss":0.0,"gold_gain":0.0,"event_name":"Fountain of Cleansing","player_choice":"Removed Curses","floor":38.0,"gold_loss":0.0,"damage_taken":0.0},{"damage_healed":0.0,"max_hp_gain":0.0,"max_hp_loss":0.0,"gold_gain":0.0,"event_name":"Duplicator","player_choice":"Copied","floor":39.0,"gold_loss":0.0,"damage_taken":0.0,"cards_obtained":["Conserve Battery"]}],"is_beta":false,"boss_relics":[{"not_picked":["Nuclear Battery","Ectoplasm"],"picked":"Black Star"},{"not_picked":["Eternal Feather","Empty Cage"],"picked":"Calling Bell"}],"items_purged_floors":[2,37],"is_endless":false,"potions_floor_spawned":[1,4,18,19,21,24,29,31,35,40,47,48],"ascension_level":1}