{"gold_per_floor":[113,126,142,152,152,152,167,167,190,202,231,243,287,254,266,278],"floor_reached":16,"playtime":4522,"items_purged":[],"score":123,"play_id":"731631d1-8ee3-40e3-b29a-43bab87c90aa","local_time":"20180722205344","is_ascension_mode":true,"campfire_choices":[{"data":"Accuracy","floor":6,"key":"SMITH"},{"data":"Blade Dance","floor":8,"key":"SMITH"},{"data":"Cloak And Dagger","floor":12,"key":"SMITH"},{"floor":15,"key":"REST"}],"neow_cost":"NONE","seed_source_timestamp":979704993812694,"circlet_count":0,"master_deck":["Defend_G","Defend_G","Defend_G","Defend_G","Defend_G","Strike_G","Strike_G","Strike_G","Strike_G","Strike_G","Survivor","Neutralize","Outmaneuver","Dodge and Roll","Cloak And Dagger+1","Accuracy+1","Normality","Blade Dance+1","Deflect","Blur","Leg Sweep"],"relics":["Ring of the Snake","Bag of Marbles","Boot","MawBank","Tough Bandages"],"potions_floor_usage":[7,7,7,11],"damage_taken":[{"damage":0,"enemies":"Jaw Worm","floor":1,"turns":5},{"damage":1,"enemies":"Cultist","floor":2,"turns":5},{"damage":0,"enemies":"2 Louse","floor":3,"turns":3},{"damage":7,"enemies":"2 Fungi Beasts","floor":4,"turns":7},{"damage":27,"enemies":"Gremlin Gang","floor":7,"turns":8},{"damage":6,"enemies":"Lots of Slimes","floor":10,"turns":4},{"damage":6,"enemies":"3 Sentries","floor":11,"turns":11},{"damage":38,"enemies":"Gremlin Nob","floor":13,"turns":6},{"damage":35,"enemies":"Slime Boss","floor":16,"turns":11}],"seed_played":"-9033299638586028224","potions_obtained":[{"floor":2,"key":"EssenceOfSteel"},{"floor":3,"key":"SteroidPotion"},{"floor":4,"key":"LiquidBronze"},{"floor":7,"key":"Regen Potion"}],"is_trial":false,"path_per_floor":["M","M","M","M","?","R","M","R","T","M","E","R","E","?","R"],"character_chosen":"THE_SILENT","items_purchased":[],"campfire_rested":1,"item_purchase_floors":[],"current_hp_per_floor":[77,76,76,69,69,69,42,42,42,36,45,45,7,7,30,0],"gold":278,"neow_bonus":"TEN_PERCENT_HP_BONUS","is_prod":false,"is_daily":false,"chose_seed":false,"campfire_upgraded":3,"win_rate":0,"timestamp":1532285624,"path_taken":["M","M","M","M","?","R","?","R","T","M","E","R","E","?","R","BOSS"],"build_version":"2018-07-19v2","purchased_purges":0,"victory":false,"max_hp_per_floor":[77,77,77,77,77,77,77,77,77,77,77,77,77,77,77,77],"card_choices":[{"not_picked":["Deadly Poison","Poisoned Stab"],"picked":"Outmaneuver","floor":1},{"not_picked":["Slice","Tactician"],"picked":"Dodge and Roll","floor":2},{"not_picked":["Setup","Slice"],"picked":"Cloak And Dagger","floor":3},{"not_picked":["Slice","Poisoned Stab"],"picked":"Accuracy","floor":4},{"not_picked":["Poisoned Stab","Bane"],"picked":"Blade Dance","floor":7},{"not_picked":["Deadly Poison","Crippling Poison"],"picked":"Deflect","floor":10},{"not_picked":["Underhanded Strike","Concentrate"],"picked":"Blur","floor":11},{"not_picked":["Night Terror","Bane"],"picked":"Leg Sweep","floor":13}],"player_experience":75621,"relics_obtained":[{"floor":9,"key":"Boot"},{"floor":11,"key":"MawBank"},{"floor":13,"key":"Tough Bandages"}],"event_choices":[{"event_name":"Accursed Blacksmith","player_choice":"Rummage","floor":5,"damage_taken":0},{"event_name":"World of Goop","player_choice":"Left","floor":14,"damage_taken":0}],"is_beta":false,"boss_relics":[],"items_purged_floors":[],"is_endless":false,"potions_floor_spawned":[2,3,4,7],"killed_by":"Slime Boss","ascension_level":2}