{"gold_per_floor":[109,59,59,74,88,88,121,138,184,184,33,33,61,61,61,61],"floor_reached":16,"playtime":554,"items_purged":[],"score":190,"play_id":"a6b1f6ba-8fdb-4253-963f-c36007c334a3","local_time":"20190329193930","is_ascension_mode":true,"campfire_choices":[{"data":"Reckless Charge","floor":6,"key":"SMITH"},{"data":"Cleave","floor":10,"key":"SMITH"},{"data":"Flame Barrier","floor":15,"key":"SMITH"}],"neow_cost":"NONE","seed_source_timestamp":1637297920936193,"circlet_count":0,"master_deck":["Strike_R","Strike_R","Strike_R+1","Defend_R+1","Defend_R","Defend_R+1","Bash+1","Reckless Charge+1","Cleave+1","Clothesline","Flame Barrier+1","Thunderclap+1","Cleave+1","Cleave+1"],"relics":["Burning Blood","Molten Egg 2","Pen Nib","PreservedInsect","Smiling Mask","Whetstone"],"potions_floor_usage":[],"damage_taken":[{"damage":4,"enemies":"Jaw Worm","floor":1,"turns":3},{"damage":0,"enemies":"Small Slimes","floor":4,"turns":2},{"damage":0,"enemies":"Cultist","floor":5,"turns":2},{"damage":27,"enemies":"Lagavulin","floor":7,"turns":6},{"damage":0,"enemies":"Lots of Slimes","floor":8,"turns":1},{"damage":15,"enemies":"3 Sentries","floor":13,"turns":3}],"seed_played":"8904323403533084075","potions_obtained":[{"floor":1,"key":"Weak Potion"},{"floor":7,"key":"Energy Potion"}],"is_trial":false,"path_per_floor":["M","?","?","M","M","R","E","M","T","R","$","T","E","?","R","B"],"character_chosen":"IRONCLAD","items_purchased":["PreservedInsect"],"campfire_rested":0,"item_purchase_floors":[11],"current_hp_per_floor":[80,80,80,80,80,80,59,65,65,65,65,65,56,40,40,0],"gold":61,"neow_bonus":"TRANSFORM_CARD","is_prod":false,"is_daily":false,"chose_seed":false,"campfire_upgraded":3,"win_rate":0,"timestamp":1553884770,"path_taken":["M","?","?","M","M","R","E","?","T","R","$","?","E","?","R","BOSS"],"build_version":"2019-01-23","purchased_purges":0,"victory":false,"max_hp_per_floor":[80,80,80,80,80,80,80,80,80,80,80,80,80,80,80,80],"card_choices":[{"not_picked":["Second Wind","Rampage"],"picked":"Cleave","floor":1},{"not_picked":["Dual Wield","Thunderclap"],"picked":"Clothesline","floor":4},{"not_picked":["Feel No Pain","Evolve"],"picked":"Flame Barrier","floor":5},{"not_picked":["Juggernaut","Heavy Blade"],"picked":"Thunderclap","floor":7},{"not_picked":["Power Through","Seeing Red"],"picked":"Cleave+1","floor":8},{"not_picked":["Flex","Armaments"],"picked":"Cleave+1","floor":13}],"player_experience":144821,"relics_obtained":[{"floor":7,"key":"Molten Egg 2"},{"floor":9,"key":"Pen Nib"},{"floor":12,"key":"Smiling Mask"},{"floor":13,"key":"Whetstone"}],"event_choices":[{"cards_removed":["Strike_R"],"damage_healed":0,"gold_gain":0,"player_choice":"Card Removal","damage_taken":0,"max_hp_gain":0,"max_hp_loss":0,"event_name":"The Cleric","floor":2,"gold_loss":50},{"cards_removed":["Defend_R"],"damage_healed":0,"gold_gain":0,"player_choice":"Card Removal","damage_taken":0,"max_hp_gain":0,"max_hp_loss":0,"event_name":"Wheel of Change","floor":3,"gold_loss":0},{"damage_healed":0,"gold_gain":0,"player_choice":"Entered Light","damage_taken":16,"max_hp_gain":0,"max_hp_loss":0,"event_name":"Shining Light","floor":14,"gold_loss":0,"cards_upgraded":["Defend_R","Defend_R"]}],"is_beta":false,"boss_relics":[],"items_purged_floors":[],"is_endless":false,"potions_floor_spawned":[1,7],"killed_by":"The Guardian","ascension_level":4}