{"gold_per_floor":[117,137,137,157,232,273,296,317,317,317,317,317,342,365,365,488,488,502,153,172,172,197,197,197,217,217,236,436,35,56,56],"floor_reached":31,"playtime":1687,"items_purged":["Strike_B","Strike_B"],"score":241,"play_id":"778fef62-7b41-4cff-a3e7-d61dcf101f53","local_time":"20190412203732","is_ascension_mode":false,"campfire_choices":[{"floor":10.0,"key":"REST"},{"data":"Reboot","floor":12.0,"key":"SMITH"},{"floor":15,"key":"REST"},{"data":"Tempest","floor":23,"key":"SMITH"}],"neow_cost":"NONE","seed_source_timestamp":2845618417046909,"circlet_count":0,"master_deck":["Defend_B","Defend_B","Defend_B","Defend_B","Zap","Dualcast","Dramatic Entrance","Gash","Melter","BootSequence","Reboot+1","Gash","Chaos","Static Discharge","Multi-Cast","Double Energy+1","Skim","Dramatic Entrance","Tempest+1","Headbutt+1","Core Surge","FTL","Deep Breath","Gash"],"special_seed":0,"relics":["Cracked Core","Golden Idol","Ornamental Fan","Kunai","Sozu","PrismaticShard","Orichalcum","Ancient Tea Set"],"potions_floor_usage":[16,16,16,30],"damage_taken":[{"damage":0.0,"enemies":"Small Slimes","floor":1.0,"turns":1.0},{"damage":1.0,"enemies":"2 Louse","floor":2.0,"turns":2.0},{"damage":6.0,"enemies":"Jaw Worm","floor":4.0,"turns":2.0},{"damage":23.0,"enemies":"Lagavulin","floor":6.0,"turns":6.0},{"damage":3.0,"enemies":"Exordium Thugs","floor":7.0,"turns":3.0},{"damage":10.0,"enemies":"Looter","floor":8.0,"turns":3.0},{"damage":0,"enemies":"2 Fungi Beasts","floor":13,"turns":2},{"damage":10,"enemies":"Gremlin Gang","floor":14,"turns":3},{"damage":12,"enemies":"Slime Boss","floor":16,"turns":10},{"damage":17,"enemies":"Chosen","floor":18,"turns":5},{"damage":0,"enemies":"3 Byrds","floor":20,"turns":4},{"damage":10,"enemies":"Centurion and Healer","floor":22,"turns":7},{"damage":10,"enemies":"Chosen and Byrds","floor":25,"turns":4},{"damage":30,"enemies":"Snake Plant","floor":27,"turns":3},{"damage":4,"enemies":"Cultist and Chosen","floor":30,"turns":4},{"damage":6,"enemies":"3 Cultists","floor":31,"turns":4}],"seed_played":"-3072119994696618798","potions_obtained":[{"floor":1.0,"key":"Weak Potion"},{"floor":8.0,"key":"Dexterity Potion"},{"floor":14,"key":"Regen Potion"},{"floor":16,"key":"EssenceOfSteel"}],"is_trial":false,"path_per_floor":["M","M","?","M","?","E","M","M","T","R","?","R","M","M","R","B",null,"M","$","M","?","M","R","?","M","T","M","?","$","M","M"],"character_chosen":"DEFECT","items_purchased":["PrismaticShard","Skim","FTL","Ancient Tea Set","Deep Breath"],"campfire_rested":2,"item_purchase_floors":[19,19,29,29,29],"current_hp_per_floor":[75,74,56,50,39,16,13,3,3,25,18,18,18,8,30,33,75,58,58,58,58,48,48,48,38,38,8,8,8,4,0],"gold":56,"neow_bonus":"RANDOM_COLORLESS","is_prod":false,"is_daily":false,"chose_seed":false,"campfire_upgraded":2,"win_rate":0,"timestamp":1555094252,"path_taken":["M","M","?","M","?","E","M","M","T","R","?","R","?","M","R","BOSS","M","$","M","?","M","R","?","M","T","M","?","$","?","M"],"build_version":"2019-01-23","purchased_purges":2,"victory":false,"max_hp_per_floor":[75,75,75,75,75,75,75,75,75,75,75,75,75,75,75,75,75,75,75,75,75,75,75,75,75,75,75,75,75,75,75],"card_choices":[{"not_picked":["Sweeping Beam","Conserve Battery"],"picked":"Gash","floor":1.0},{"not_picked":["Chill","Conserve Battery"],"picked":"Melter","floor":2.0},{"not_picked":["Coolheaded","Hyperbeam"],"picked":"BootSequence","floor":4.0},{"not_picked":["Darkness","Beam Cell"],"picked":"Reboot","floor":6.0},{"not_picked":["Cold Snap","Stack"],"picked":"Gash","floor":7.0},{"not_picked":["Rainbow","Barrage","Go for the Eyes"],"picked":"SKIP","floor":8.0},{"not_picked":["Compile Driver","Coolheaded"],"picked":"Chaos","floor":13},{"not_picked":["Hologram","Darkness"],"picked":"Static Discharge","floor":14},{"not_picked":["Thunder Strike","Amplify"],"picked":"Multi-Cast","floor":16},{"not_picked":["Turbo","Stack+1"],"picked":"Double Energy+1","floor":18},{"not_picked":["Beam Cell","Iron Wave"],"picked":"Dramatic Entrance","floor":20},{"not_picked":["Underhanded Strike","Perfected Strike+1","Finisher"],"picked":"SKIP","floor":22},{"not_picked":["Rampage","Deadly Poison"],"picked":"Headbutt+1","floor":25},{"not_picked":["True Grit","Cleave"],"picked":"Core Surge","floor":27},{"not_picked":["Static Discharge","Impatience"],"picked":"Gash","floor":30}],"player_experience":171223,"relics_obtained":[{"floor":6.0,"key":"Ornamental Fan"},{"floor":9.0,"key":"Kunai"},{"floor":26,"key":"Orichalcum"}],"event_choices":[{"damage_healed":0.0,"max_hp_gain":0.0,"max_hp_loss":0.0,"gold_gain":0.0,"event_name":"Golden Idol","player_choice":"Take Damage","floor":3.0,"gold_loss":0.0,"damage_taken":18.0,"relics_obtained":["Golden Idol"]},{"damage_healed":0.0,"max_hp_gain":0.0,"max_hp_loss":0.0,"gold_gain":75.0,"event_name":"World of Goop","player_choice":"Gather Gold","floor":5.0,"gold_loss":0.0,"damage_taken":11.0},{"cards_removed":["Strike_B"],"damage_healed":0.0,"max_hp_gain":0.0,"max_hp_loss":0.0,"gold_gain":0.0,"event_name":"Golden Wing","player_choice":"Card Removal","floor":11.0,"gold_loss":0.0,"damage_taken":7.0},{"damage_healed":0,"gold_gain":0,"player_choice":"Read","damage_taken":0,"max_hp_gain":0,"max_hp_loss":0,"event_name":"The Library","floor":21,"gold_loss":0,"cards_obtained":["Tempest"]},{"cards_removed":["Strike_B"],"damage_healed":0,"gold_gain":0,"player_choice":"Elegance","damage_taken":0,"max_hp_gain":0,"max_hp_loss":0,"event_name":"Back to Basics","floor":24,"gold_loss":0},{"damage_healed":0,"gold_gain":250,"player_choice":"Bet on Owner","damage_taken":0,"max_hp_gain":0,"max_hp_loss":0,"event_name":"The Joust","floor":28,"gold_loss":50}],"is_beta":false,"boss_relics":[{"not_picked":["Calling Bell","White Beast Statue"],"picked":"Sozu"}],"items_purged_floors":[19,29],"is_endless":false,"potions_floor_spawned":[1,8,14,16,18,25,30],"killed_by":"3 Cultists","ascension_level":0}