{"gold_per_floor":[119,27,37,37,53,81,81,113,143,153,153,141,160,160,160,237,237,248,248,23,43,61,61,94,106,193,215,240,252,281,310,322,409,421,445,471,81,0,18,18,45,94,94,106,122,122,141,167,167,167],"floor_reached":51,"playtime":2609,"items_purged":["Strike_R","Writhe"],"score":1392,"play_id":"7d723526-59de-40de-b8f6-0011b64f33bf","local_time":"20190407103844","is_ascension_mode":true,"campfire_choices":[{"data":"Whirlwind","floor":7.0,"key":"SMITH"},{"data":"True Grit","floor":11.0,"key":"SMITH"},{"data":"Shockwave","floor":15.0,"key":"SMITH"},{"data":"Limit Break","floor":23.0,"key":"SMITH"},{"data":"Shrug It Off","floor":25.0,"key":"SMITH"},{"floor":32.0,"key":"REST"},{"data":"Disarm","floor":40.0,"key":"SMITH"},{"data":"Double Tap","floor":46.0,"key":"SMITH"},{"floor":49,"key":"REST"}],"neow_cost":"NONE","seed_source_timestamp":0,"circlet_count":0,"master_deck":["AscendersBane","Strike_R+1","Strike_R","Strike_R","Strike_R","Defend_R","Defend_R","Defend_R","Defend_R","Bash","Thunderclap","Battle Trance","Whirlwind+1","Feed+1","Shockwave+1","True Grit+1","Limit Break+1","Shrug It Off+1","Feed","Immolate","Shrug It Off","Spot Weakness","Clothesline+1","Double Tap+1","Shrug It Off","Disarm+1","Intimidate+1"],"special_seed":0,"relics":["Burning Blood","Centennial Puzzle","Self Forming Clay","Tiny Chest","Red Skull","Cursed Key","MawBank","Letter Opener","Velvet Choker","Sling","Red Mask","Dream Catcher","Ginger","Whetstone"],"potions_floor_usage":[47,48],"damage_taken":[{"damage":6.0,"enemies":"Cultist","floor":1.0,"turns":4.0},{"damage":12.0,"enemies":"Jaw Worm","floor":3.0,"turns":3.0},{"damage":5.0,"enemies":"Small Slimes","floor":5.0,"turns":3.0},{"damage":38.0,"enemies":"Lagavulin","floor":6.0,"turns":8.0},{"damage":10.0,"enemies":"3 Sentries","floor":8.0,"turns":3.0},{"damage":0.0,"enemies":"Gremlin Gang","floor":10.0,"turns":1.0},{"damage":1.0,"enemies":"Exordium Thugs","floor":12.0,"turns":4.0},{"damage":14.0,"enemies":"3 Louse","floor":13.0,"turns":2.0},{"damage":41.0,"enemies":"Hexaghost","floor":16.0,"turns":10.0},{"damage":13.0,"enemies":"Shell Parasite","floor":18.0,"turns":8.0},{"damage":10.0,"enemies":"3 Byrds","floor":21.0,"turns":4.0},{"damage":28.0,"enemies":"Snake Plant","floor":22.0,"turns":5.0},{"damage":29.0,"enemies":"Slavers","floor":24.0,"turns":2.0},{"damage":2.0,"enemies":"Centurion and Healer","floor":27.0,"turns":6.0},{"damage":0.0,"enemies":"3 Cultists","floor":28.0,"turns":3.0},{"damage":19.0,"enemies":"Chosen and Byrds","floor":30.0,"turns":6.0},{"damage":22.0,"enemies":"Snake Plant","floor":31.0,"turns":6.0},{"damage":66.0,"enemies":"Automaton","floor":33.0,"turns":8.0},{"damage":1.0,"enemies":"Orb Walker","floor":35.0,"turns":3.0},{"damage":8.0,"enemies":"3 Shapes","floor":36.0,"turns":1.0},{"damage":0.0,"enemies":"Sphere and 2 Shapes","floor":39.0,"turns":3.0},{"damage":34.0,"enemies":"Reptomancer","floor":41.0,"turns":7.0},{"damage":28.0,"enemies":"2 Orb Walkers","floor":42.0,"turns":4.0},{"damage":4.0,"enemies":"Jaw Worm Horde","floor":44.0,"turns":2.0},{"damage":24.0,"enemies":"4 Shapes","floor":45.0,"turns":3.0},{"damage":32,"enemies":"Spire Growth","floor":47,"turns":5},{"damage":5,"enemies":"Nemesis","floor":48,"turns":5},{"damage":72,"enemies":"Awakened One","floor":50,"turns":11}],"seed_played":"-3808819694642361818","potions_obtained":[{"floor":3.0,"key":"Block Potion"},{"floor":6.0,"key":"Energy Potion"},{"floor":13.0,"key":"Strength Potion"},{"floor":16.0,"key":"GamblersBrew"},{"floor":18.0,"key":"PowerPotion"},{"floor":21.0,"key":"Fire Potion"},{"floor":27.0,"key":"Regen Potion"},{"floor":28.0,"key":"Ancient Potion"}],"is_trial":false,"path_per_floor":["M","$","M","?","M","E","R","E","T","M","R","M","M","?","R","B",null,"M","?","$","M","M","R","E","R","T","M","M","T","M","M","R","B",null,"M","M","$","?","M","R","E","?","T","M","M","R","M","E","R","B",null],"character_chosen":"IRONCLAD","items_purchased":["Battle Trance","AttackPotion","Immolate","Disarm","Sling"],"campfire_rested":2,"item_purchase_floors":[2,2,20,37,37],"current_hp_per_floor":[75,75,69,74,75,43,43,42,42,48,48,56,51,46,46,11,75,71,71,71,73,51,51,28,28,28,38,59,59,52,39,76,16,99,107,108,108,108,120,120,95,76,76,78,60,60,34,35,78,19],"gold":167,"neow_bonus":"TEN_PERCENT_HP_BONUS","is_prod":false,"is_daily":false,"chose_seed":false,"campfire_upgraded":7,"win_rate":0,"timestamp":1554658724,"path_taken":["M","$","M","?","M","E","R","E","T","M","R","M","M","?","R","BOSS","M","?","$","M","M","R","E","R","T","?","M","?","M","M","R","BOSS","M","M","$","?","M","R","E","?","T","M","M","R","M","E","R","BOSS"],"build_version":"2019-01-23","purchased_purges":2,"victory":true,"max_hp_per_floor":[82,82,82,87,87,87,87,90,90,90,90,93,96,96,96,96,96,99,99,99,105,105,105,105,105,105,111,117,117,123,126,126,126,126,129,132,132,132,138,138,141,144,144,144,144,144,144,144,144,151],"card_choices":[{"not_picked":["Clash","Flex"],"picked":"Thunderclap","floor":1.0},{"not_picked":["Warcry","Havoc","Hemokinesis"],"picked":"SKIP","floor":3.0},{"not_picked":["Thunderclap","Armaments"],"picked":"Whirlwind","floor":5.0},{"not_picked":["Warcry","Sword Boomerang"],"picked":"Feed","floor":6.0},{"not_picked":["Carnage","Ghostly Armor"],"picked":"Shockwave","floor":8.0},{"not_picked":["Cleave","Dropkick"],"picked":"True Grit","floor":10.0},{"not_picked":["Iron Wave","Burning Pact","Cleave"],"picked":"SKIP","floor":12.0},{"not_picked":["Rage","Headbutt","Bloodletting"],"picked":"SKIP","floor":13.0},{"not_picked":["Reaper","Barricade"],"picked":"Limit Break","floor":16.0},{"not_picked":["Armaments","Thunderclap"],"picked":"Shrug It Off","floor":18.0},{"not_picked":["Twin Strike","Armaments","Havoc"],"picked":"SKIP","floor":21.0},{"not_picked":["Dual Wield","True Grit+1"],"picked":"Shrug It Off","floor":22.0},{"not_picked":["Juggernaut","Flex","Blood for Blood"],"picked":"SKIP","floor":24.0},{"not_picked":["Cleave","Headbutt","Iron Wave"],"picked":"SKIP","floor":27.0},{"not_picked":["Rupture","Flex"],"picked":"Spot Weakness","floor":28.0},{"not_picked":["Body Slam","Infernal Blade","True Grit"],"picked":"SKIP","floor":30.0},{"not_picked":["Flex","Clash"],"picked":"Clothesline+1","floor":31.0},{"not_picked":["Brutality","Barricade"],"picked":"Double Tap","floor":33.0},{"not_picked":["Perfected Strike","Body Slam+1"],"picked":"Shrug It Off","floor":35.0},{"not_picked":["Rupture","Havoc","Clash"],"picked":"SKIP","floor":36.0},{"not_picked":["Corruption+1","Shrug It Off","Entrench"],"picked":"SKIP","floor":39.0},{"not_picked":["Flex","Thunderclap","Armaments"],"picked":"SKIP","floor":41.0},{"not_picked":["Flex","Limit Break","Sever Soul"],"picked":"SKIP","floor":44.0},{"not_picked":["Searing Blow","Evolve","Havoc+1"],"picked":"SKIP","floor":45.0},{"not_picked":["Sentinel+1","Cleave","Fire Breathing"],"picked":"SKIP","floor":47},{"not_picked":["Sword Boomerang","Infernal Blade+1"],"picked":"Intimidate+1","floor":48}],"player_experience":451915,"relics_obtained":[{"floor":6.0,"key":"Centennial Puzzle"},{"floor":8.0,"key":"Self Forming Clay"},{"floor":9.0,"key":"Tiny Chest"},{"floor":24.0,"key":"MawBank"},{"floor":26.0,"key":"Letter Opener"},{"floor":41.0,"key":"Dream Catcher"},{"floor":42.0,"key":"Ginger"},{"floor":48,"key":"Whetstone"}],"event_choices":[{"damage_healed":0.0,"max_hp_gain":5.0,"max_hp_loss":0.0,"gold_gain":0.0,"event_name":"Big Fish","player_choice":"Donut","floor":4.0,"gold_loss":0.0,"damage_taken":0.0},{"damage_healed":0.0,"max_hp_gain":0.0,"max_hp_loss":0.0,"gold_gain":0.0,"event_name":"Scrap Ooze","player_choice":"Success","floor":14.0,"gold_loss":0.0,"damage_taken":5.0,"relics_obtained":["Red Skull"]},{"damage_healed":0.0,"max_hp_gain":0.0,"max_hp_loss":0.0,"gold_gain":0.0,"event_name":"Duplicator","player_choice":"Copied","floor":19.0,"gold_loss":0.0,"damage_taken":0.0,"cards_obtained":["Feed"]},{"damage_healed":0.0,"max_hp_gain":0.0,"max_hp_loss":0.0,"gold_gain":0.0,"event_name":"Tomb of Lord Red Mask","player_choice":"Paid","floor":38.0,"gold_loss":81.0,"damage_taken":0.0,"relics_obtained":["Red Mask"]},{"damage_healed":0.0,"max_hp_gain":0.0,"max_hp_loss":0.0,"gold_gain":0.0,"event_name":"Mysterious Sphere","player_choice":"Fight","floor":42.0,"gold_loss":0.0,"damage_taken":0.0}],"is_beta":false,"boss_relics":[{"not_picked":["White Beast Statue","Lizard Tail"],"picked":"Cursed Key"},{"not_picked":["Orrery","Runic Dome"],"picked":"Velvet Choker"}],"items_purged_floors":[20,37],"is_endless":false,"potions_floor_spawned":[3,5,6,13,16,18,21,27,28,35,36,42,45],"ascension_level":16}