{"gold_per_floor":[217,234,234,18,31,56,56,81,81,100,100],"floor_reached":11,"playtime":670,"items_purged":[],"score":108,"play_id":"6b015232-c25e-4a41-b410-afcd1104e50f","local_time":"20181217142322","is_ascension_mode":true,"campfire_choices":[],"neow_cost":"NONE","seed_source_timestamp":73120008945366,"circlet_count":0,"master_deck":["Strike_R","Strike_R","Strike_R","Strike_R","Defend_R","Defend_R","Defend_R","Defend_R","Bash","Body Slam+1","Flame Barrier","Immolate","Shockwave","Whirlwind"],"relics":["Burning Blood","Regal Pillow","Sundial","Turnip","Du-Vu Doll"],"potions_floor_usage":[6,11],"damage_taken":[{"damage":9,"enemies":"Jaw Worm","floor":1,"turns":4},{"damage":1,"enemies":"Cultist","floor":2,"turns":3},{"damage":1,"enemies":"Small Slimes","floor":5,"turns":3},{"damage":51,"enemies":"Lagavulin","floor":6,"turns":13},{"damage":27,"enemies":"3 Sentries","floor":8,"turns":5},{"damage":0,"enemies":"Exordium Wildlife","floor":10,"turns":2},{"damage":20,"enemies":"Lagavulin","floor":11,"turns":5}],"seed_played":"2257624650728965535","potions_obtained":[{"floor":1,"key":"Dexterity Potion"},{"floor":8,"key":"Explosive Potion"}],"is_trial":false,"path_per_floor":["M","M","?","$","M","E","?","E","T","M","E"],"character_chosen":"IRONCLAD","items_purchased":["Flame Barrier","Regal Pillow"],"campfire_rested":0,"item_purchase_floors":[4,4],"current_hp_per_floor":[69,74,74,74,79,34,34,13,13,19,0],"gold":100,"neow_bonus":"HUNDRED_GOLD","is_prod":false,"is_daily":false,"chose_seed":false,"campfire_upgraded":0,"win_rate":0,"timestamp":1545053002,"path_taken":["M","M","?","$","M","E","?","E","T","M","E"],"build_version":"2018-12-13","purchased_purges":0,"victory":false,"max_hp_per_floor":[80,80,80,80,80,80,80,80,80,80,80],"card_choices":[{"not_picked":["Thunderclap","True Grit","Dropkick"],"picked":"SKIP","floor":1},{"not_picked":["Inflame","Carnage"],"picked":"Body Slam","floor":2},{"not_picked":["Havoc","Disarm","Thunderclap"],"picked":"SKIP","floor":5},{"not_picked":["Dropkick","Hemokinesis","Twin Strike"],"picked":"SKIP","floor":6},{"not_picked":["Spot Weakness","Perfected Strike"],"picked":"Shockwave","floor":8},{"not_picked":["Body Slam","Feel No Pain"],"picked":"Whirlwind","floor":10}],"player_experience":373778,"relics_obtained":[{"floor":6,"key":"Sundial"},{"floor":8,"key":"Turnip"},{"floor":9,"key":"Du-Vu Doll"}],"event_choices":[{"damage_healed":0,"gold_gain":0,"player_choice":"Grow","damage_taken":0,"max_hp_gain":0,"max_hp_loss":0,"event_name":"Living Wall","floor":3,"gold_loss":0,"cards_upgraded":["Body Slam"]},{"damage_healed":0,"gold_gain":0,"cards_transformed":["Strike_R"],"player_choice":"Transformed","damage_taken":0,"max_hp_gain":0,"max_hp_loss":0,"event_name":"Transmorgrifier","floor":7,"gold_loss":0,"cards_obtained":["Immolate"]}],"is_beta":false,"boss_relics":[],"items_purged_floors":[],"is_endless":false,"potions_floor_spawned":[1,8],"killed_by":"Lagavulin","ascension_level":6}