{"gold_per_floor":[111,125,145,110,17,17,17,42,42,42,42,97,97,113,113,214,214,232,243,116,130,146,180,180,209,209,228,228,114,125,145,145,244,244,258,276,287,287,126,126,143,143,143,163,163,83,101,0,0,0],"floor_reached":50,"playtime":2410,"items_purged":["Strike_R"],"score":648,"play_id":"9cb44680-f4e3-44f4-a29d-6e5066078d02","local_time":"20181211180120","is_ascension_mode":true,"campfire_choices":[{"data":"Demon Form","floor":6,"key":"SMITH"},{"data":"Heavy Blade","floor":11,"key":"SMITH"},{"floor":13,"key":"REST"},{"floor":15,"key":"REST"},{"floor":24,"key":"REST"},{"data":"Ghostly Armor","floor":28,"key":"SMITH"},{"floor":32,"key":"REST"},{"floor":40,"key":"REST"},{"floor":45,"key":"RECALL"},{"floor":49,"key":"REST"}],"neow_cost":"PERCENT_DAMAGE","seed_source_timestamp":98234959873527,"circlet_count":0,"master_deck":["Strike_R","Strike_R","Strike_R","Strike_R","Defend_R","Defend_R","Defend_R","Defend_R","Bash","Demon Form+1","Heavy Blade+1","Inflame","Inflame","Headbutt","Ghostly Armor+1","Headbutt","Juggernaut","Clash","Headbutt","Headbutt","Intimidate+1","Sword Boomerang+1","Disarm","Dual Wield+1","Feel No Pain"],"relics":["Burning Blood","Bag of Marbles","Boot","Self Forming Clay","Tiny Chest","Busted Crown","Red Skull","Vajra","The Courier","Happy Flower","Philosopher\u0027s Stone","FossilizedHelix","Red Mask"],"potions_floor_usage":[16,16,19,23,25,25,25,25,30,33,37,41,44,44,50,50,50],"damage_taken":[{"damage":18,"enemies":"Jaw Worm","floor":1,"turns":5},{"damage":0,"enemies":"2 Louse","floor":2,"turns":3},{"damage":13,"enemies":"Small Slimes","floor":3,"turns":4},{"damage":25,"enemies":"Lagavulin","floor":8,"turns":7},{"damage":27,"enemies":"3 Sentries","floor":12,"turns":7},{"damage":10,"enemies":"Red Slaver","floor":14,"turns":3},{"damage":21,"enemies":"Hexaghost","floor":16,"turns":7},{"damage":6,"enemies":"Shell Parasite","floor":18,"turns":5},{"damage":23,"enemies":"2 Thieves","floor":19,"turns":4},{"damage":26,"enemies":"Snake Plant","floor":21,"turns":4},{"damage":14,"enemies":"Cultist and Chosen","floor":22,"turns":4},{"damage":57,"enemies":"Gremlin Leader","floor":23,"turns":5},{"damage":9,"enemies":"Book of Stabbing","floor":25,"turns":4},{"damage":7,"enemies":"3 Cultists","floor":27,"turns":5},{"damage":13,"enemies":"Snecko","floor":30,"turns":4},{"damage":5,"enemies":"Centurion and Healer","floor":31,"turns":4},{"damage":14,"enemies":"Champ","floor":33,"turns":8},{"damage":42,"enemies":"3 Darklings","floor":35,"turns":6},{"damage":19,"enemies":"3 Shapes","floor":36,"turns":4},{"damage":30,"enemies":"Sphere and 2 Shapes","floor":37,"turns":4},{"damage":16,"enemies":"Maw","floor":41,"turns":6},{"damage":0,"enemies":"Transient","floor":44,"turns":5},{"damage":31,"enemies":"Spire Growth","floor":47,"turns":5},{"damage":51,"enemies":"Awakened One","floor":50,"turns":3}],"seed_played":"8411818036680138860","potions_obtained":[{"floor":12,"key":"SteroidPotion"},{"floor":14,"key":"SteroidPotion"},{"floor":16,"key":"PowerPotion"},{"floor":21,"key":"FairyPotion"},{"floor":22,"key":"Regen Potion"},{"floor":23,"key":"EntropicBrew"},{"floor":27,"key":"Regen Potion"},{"floor":31,"key":"Ancient Potion"},{"floor":33,"key":"AttackPotion"},{"floor":41,"key":"Ancient Potion"},{"floor":44,"key":"Poison Potion"}],"is_trial":false,"path_per_floor":["M","M","M","?","$","R","?","E","T","?","R","E","R","M","R","B",null,"M","M","$","M","M","E","R","E","T","M","R","$","M","M","R","B",null,"M","M","M","T","$","R","M","?","T","M","R","$","M","?","R","B"],"character_chosen":"IRONCLAD","items_purchased":["Inflame","Headbutt","Headbutt","Happy Flower","BloodPotion","Regen Potion","AttackPotion","SteroidPotion","Strength Potion"],"campfire_rested":6,"item_purchase_floors":[5,5,20,29,39,39,39,46,46],"current_hp_per_floor":[44,50,43,63,63,63,56,37,37,29,29,8,32,28,52,37,80,80,63,63,43,35,14,38,35,35,34,34,34,36,37,61,53,80,44,31,7,7,7,31,29,29,29,50,50,50,25,25,49,0],"gold":0,"neow_bonus":"THREE_RARE_CARDS","is_prod":false,"is_daily":false,"chose_seed":false,"campfire_upgraded":3,"win_rate":0,"timestamp":1544547680,"path_taken":["M","M","M","?","$","R","?","E","T","?","R","E","R","M","R","BOSS","M","M","?","?","M","E","R","E","T","M","R","$","M","M","R","BOSS","M","M","?","?","$","R","M","?","T","M","R","$","?","?","R","BOSS"],"build_version":"2018-12-06","purchased_purges":1,"victory":false,"max_hp_per_floor":[80,80,80,80,80,80,80,80,80,80,80,80,80,80,80,80,80,80,80,80,80,80,80,80,80,80,80,80,80,80,80,80,80,80,80,80,80,80,80,80,80,80,80,80,80,80,80,80,80,80],"card_choices":[{"not_picked":["Bludgeon","Exhume"],"picked":"Demon Form","floor":0},{"not_picked":["Iron Wave","Clash"],"picked":"Heavy Blade","floor":1},{"not_picked":["Pommel Strike","Power Through"],"picked":"Inflame","floor":2},{"not_picked":["Iron Wave","Combust","Wild Strike"],"picked":"SKIP","floor":3},{"not_picked":["Reckless Charge","Metallicize","Rampage"],"picked":"SKIP","floor":8},{"not_picked":["Fiend Fire","Iron Wave"],"picked":"Ghostly Armor","floor":12},{"not_picked":["Body Slam","Burning Pact"],"picked":"Headbutt","floor":14},{"not_picked":["Dark Embrace","Berserk"],"picked":"Juggernaut","floor":16},{"not_picked":[],"picked":"Clash","floor":18},{"not_picked":[],"picked":"Headbutt","floor":19},{"not_picked":[],"picked":"Intimidate+1","floor":21},{"not_picked":["Combust"],"picked":"SKIP","floor":22},{"not_picked":["Searing Blow"],"picked":"SKIP","floor":23},{"not_picked":["Armaments"],"picked":"SKIP","floor":25},{"not_picked":["Shrug It Off"],"picked":"SKIP","floor":27},{"not_picked":[],"picked":"Sword Boomerang+1","floor":30},{"not_picked":[],"picked":"Disarm","floor":31},{"not_picked":[],"picked":"Dual Wield+1","floor":35},{"not_picked":["Intimidate+1"],"picked":"SKIP","floor":36},{"not_picked":[],"picked":"Feel No Pain","floor":37},{"not_picked":["Twin Strike"],"picked":"SKIP","floor":41},{"not_picked":["Armaments+1"],"picked":"SKIP","floor":44},{"not_picked":["Clothesline"],"picked":"SKIP","floor":47}],"player_experience":292873,"relics_obtained":[{"floor":8,"key":"Boot"},{"floor":9,"key":"Self Forming Clay"},{"floor":12,"key":"Tiny Chest"},{"floor":23,"key":"Red Skull"},{"floor":25,"key":"Vajra"},{"floor":26,"key":"The Courier"},{"floor":38,"key":"FossilizedHelix"}],"event_choices":[{"damage_healed":20,"gold_gain":0,"player_choice":"Healed","damage_taken":0,"max_hp_gain":0,"max_hp_loss":0,"event_name":"The Cleric","floor":4,"gold_loss":35},{"damage_healed":0,"gold_gain":0,"player_choice":"Success","damage_taken":7,"relics_obtained":["Bag of Marbles"],"max_hp_gain":0,"max_hp_loss":0,"event_name":"Scrap Ooze","floor":7,"gold_loss":0},{"damage_healed":0,"gold_gain":0,"player_choice":"Damaged","damage_taken":8,"max_hp_gain":0,"max_hp_loss":0,"event_name":"Wheel of Change","floor":10,"gold_loss":0},{"damage_healed":0,"gold_gain":0,"player_choice":"Got Potions","damage_taken":0,"max_hp_gain":0,"max_hp_loss":0,"event_name":"Lab","floor":42,"gold_loss":0},{"damage_healed":0,"gold_gain":0,"player_choice":"Paid","damage_taken":0,"relics_obtained":["Red Mask"],"max_hp_gain":0,"max_hp_loss":0,"event_name":"Tomb of Lord Red Mask","floor":48,"gold_loss":101}],"is_beta":false,"boss_relics":[{"not_picked":["Astrolabe","Eternal Feather"],"picked":"Busted Crown"},{"not_picked":["Mark of Pain","Calling Bell"],"picked":"Philosopher\u0027s Stone"}],"items_purged_floors":[20],"is_endless":false,"potions_floor_spawned":[12,14,16,21,22,23,27,31,33,41,44],"killed_by":"Awakened One","ascension_level":4}