{"gold_per_floor":[118,118,118,129,145,179,179,198,198,217,217,65,79,79,79,151,151,126,51,61,61,77,77,352,352,376,390,390,118,118,128,128,205,205,220,21,21,38,51,51,67,67,67,67,77,90,90,107,107,107,107],"floor_reached":51,"playtime":2918,"items_purged":["Strike_B","Regret"],"score":1202,"play_id":"9c6399b2-61a4-4a39-8775-1f3421dd50d3","local_time":"20190430181545","is_ascension_mode":true,"campfire_choices":[{"floor":7,"key":"REST"},{"floor":15,"key":"REST"},{"floor":23,"key":"REST"},{"floor":25,"key":"REST"},{"data":"White Noise","floor":28,"key":"SMITH"},{"data":"Loop","floor":30,"key":"SMITH"},{"floor":32,"key":"REST"},{"data":"Defragment","floor":40,"key":"SMITH"},{"data":"Cold Snap","floor":42,"key":"SMITH"},{"floor":44,"key":"REST"},{"floor":49,"key":"REST"}],"neow_cost":"NONE","seed_source_timestamp":3732375822523985,"circlet_count":0,"master_deck":["AscendersBane","Strike_B","Strike_B","Defend_B","Defend_B","Defend_B","Defend_B","Zap","Dualcast","Go for the Eyes","Melter","Sunder","Biased Cognition","Gash","Cold Snap+1","Conserve Battery","Loop+1","Cold Snap","Core Surge","White Noise+1","Leap+1","Conserve Battery","Defragment+1","Cold Snap","Go for the Eyes+1","Parasite","Gash"],"relics":["FrozenCore","Bag of Marbles","Emotion Chip","Anchor","Orichalcum","Lizard Tail","DataDisk","Bottled Lightning"],"potions_floor_usage":[16,33,33,39,50],"damage_taken":[{"damage":6,"enemies":"Cultist","floor":1,"turns":3},{"damage":0,"enemies":"Small Slimes","floor":4,"turns":2},{"damage":2,"enemies":"Jaw Worm","floor":5,"turns":3},{"damage":50,"enemies":"3 Sentries","floor":6,"turns":7},{"damage":0,"enemies":"Exordium Thugs","floor":8,"turns":3},{"damage":0,"enemies":"Lots of Slimes","floor":10,"turns":3},{"damage":13,"enemies":"Blue Slaver","floor":13,"turns":2},{"damage":19,"enemies":"Hexaghost","floor":16,"turns":10},{"damage":16,"enemies":"2 Thieves","floor":18,"turns":4},{"damage":0,"enemies":"Chosen","floor":20,"turns":5},{"damage":37,"enemies":"Centurion and Healer","floor":22,"turns":13},{"damage":2,"enemies":"3 Cultists","floor":27,"turns":6},{"damage":0,"enemies":"Cultist and Chosen","floor":31,"turns":9},{"damage":37,"enemies":"Champ","floor":33,"turns":20},{"damage":9,"enemies":"3 Darklings","floor":35,"turns":6},{"damage":0,"enemies":"Orb Walker","floor":38,"turns":7},{"damage":3,"enemies":"Transient","floor":39,"turns":6},{"damage":0,"enemies":"4 Shapes","floor":41,"turns":5},{"damage":4,"enemies":"Sphere and 2 Shapes","floor":45,"turns":10},{"damage":9,"enemies":"Writhing Mass","floor":46,"turns":11},{"damage":5,"enemies":"Transient","floor":48,"turns":6},{"damage":64,"enemies":"Awakened One","floor":50,"turns":28},{"damage":72,"enemies":"Time Eater","floor":51,"turns":30}],"seed_played":"7837612507204511426","potions_obtained":[{"floor":0,"key":"FocusPotion"},{"floor":0,"key":"Dexterity Potion"},{"floor":5,"key":"FocusPotion"},{"floor":20,"key":"Weak Potion"},{"floor":27,"key":"EssenceOfSteel"},{"floor":38,"key":"Weak Potion"},{"floor":41,"key":"FearPotion"}],"is_trial":false,"path_per_floor":["M","?","?","M","M","E","R","M","T","M","T","$","M","?","R","B",null,"M","?","M","?","M","R","?","R","T","M","R","$","R","M","R","B",null,"M","$","?","M","M","R","M","R","T","R","M","M","?","M","R","B","B"],"character_chosen":"DEFECT","items_purchased":["Loop","Orichalcum","DataDisk","Defragment"],"campfire_rested":7,"item_purchase_floors":[12,29,36,36],"current_hp_per_floor":[58,58,58,58,56,6,27,27,27,27,27,27,14,14,35,16,57,41,41,41,41,4,25,25,46,46,44,44,44,44,44,65,28,60,51,51,51,51,48,48,48,48,48,69,65,56,56,51,71,7,0],"gold":107,"neow_bonus":"THREE_SMALL_POTIONS","is_prod":false,"is_daily":false,"chose_seed":false,"campfire_upgraded":4,"win_rate":0,"timestamp":1556644545,"path_taken":["M","?","?","M","?","E","R","M","T","M","?","?","?","?","R","BOSS","M","?","M","?","M","R","?","R","T","M","R","$","R","M","R","BOSS","M","$","?","?","M","R","M","R","T","R","M","M","?","M","R","BOSS","BOSS"],"build_version":"2019-01-23","purchased_purges":2,"victory":false,"max_hp_per_floor":[71,71,71,71,71,71,71,71,71,71,71,71,71,71,71,71,71,71,71,71,71,71,71,71,71,71,71,71,71,71,71,71,71,71,71,71,71,71,71,71,71,71,71,71,71,71,71,71,71,71,71],"card_choices":[{"not_picked":["Turbo","Steam Power"],"picked":"Go for the Eyes","floor":1},{"not_picked":["Coolheaded","Rebound"],"picked":"Sunder","floor":4},{"not_picked":["Fusion","Rebound"],"picked":"Biased Cognition","floor":5},{"not_picked":["Go for the Eyes","All For One"],"picked":"Gash","floor":6},{"not_picked":["Ball Lightning","Force Field"],"picked":"Cold Snap","floor":8},{"not_picked":["Leap","Loop"],"picked":"Conserve Battery","floor":10},{"not_picked":["Hello World","Conserve Battery"],"picked":"Cold Snap","floor":13},{"not_picked":["Fission","Machine Learning"],"picked":"Core Surge","floor":16},{"not_picked":["Steam Power","Consume","Tempest"],"picked":"SKIP","floor":18},{"not_picked":["Force Field+1","Compile Driver"],"picked":"White Noise","floor":20},{"not_picked":["Streamline","Hologram"],"picked":"Leap+1","floor":22},{"not_picked":["Streamline","Genetic Algorithm","Steam"],"picked":"SKIP","floor":27},{"not_picked":["Chill","Turbo"],"picked":"Conserve Battery","floor":31},{"not_picked":["Ball Lightning","Hologram","Glacier"],"picked":"SKIP","floor":35},{"not_picked":["Darkness+1","Compile Driver"],"picked":"Cold Snap","floor":38},{"not_picked":["Hologram","All For One","Aggregate"],"picked":"SKIP","floor":39},{"not_picked":["Tempest","Hologram"],"picked":"Go for the Eyes+1","floor":41},{"not_picked":["Self Repair+1","Double Energy","Turbo"],"picked":"SKIP","floor":45},{"not_picked":["Hologram","Beam Cell+1"],"picked":"Gash","floor":46},{"not_picked":["Darkness+1","Undo+1","Chaos"],"picked":"SKIP","floor":48}],"player_experience":739610,"relics_obtained":[{"floor":6,"key":"Bag of Marbles"},{"floor":11,"key":"Emotion Chip"},{"floor":26,"key":"Anchor"},{"floor":43,"key":"Bottled Lightning"}],"event_choices":[{"damage_healed":0,"gold_gain":0,"player_choice":"Ignored","damage_taken":0,"max_hp_gain":0,"max_hp_loss":0,"event_name":"Golden Wing","floor":2,"gold_loss":0},{"damage_healed":0,"gold_gain":0,"player_choice":"1 cards matched","damage_taken":0,"max_hp_gain":0,"max_hp_loss":0,"event_name":"Match and Keep!","floor":3,"gold_loss":0,"cards_obtained":["Melter"]},{"damage_healed":0,"gold_gain":0,"player_choice":"Ignored","damage_taken":0,"max_hp_gain":0,"max_hp_loss":0,"event_name":"Shining Light","floor":14,"gold_loss":0},{"cards_removed":["Strike_B"],"damage_healed":0,"gold_gain":0,"player_choice":"Gave Gold","damage_taken":0,"max_hp_gain":0,"max_hp_loss":0,"event_name":"Beggar","floor":19,"gold_loss":75},{"damage_healed":0,"gold_gain":0,"player_choice":"Ignored","damage_taken":0,"max_hp_gain":0,"max_hp_loss":0,"event_name":"Ghosts","floor":21,"gold_loss":0},{"damage_healed":0,"gold_gain":275,"player_choice":"Desecrate","damage_taken":0,"max_hp_gain":0,"max_hp_loss":0,"event_name":"Golden Shrine","floor":24,"gold_loss":0,"cards_obtained":["Regret"]},{"damage_healed":0,"gold_gain":0,"player_choice":"Ignored","damage_taken":0,"max_hp_gain":0,"max_hp_loss":0,"event_name":"SecretPortal","floor":37,"gold_loss":0},{"damage_healed":0,"gold_gain":0,"player_choice":"Ignored","damage_taken":0,"max_hp_gain":0,"max_hp_loss":0,"event_name":"Mysterious Sphere","floor":47,"gold_loss":0}],"is_beta":false,"boss_relics":[{"not_picked":["Busted Crown","Astrolabe"],"picked":"FrozenCore"},{"not_picked":["Cursed Key","Runic Pyramid"],"picked":"Lizard Tail"}],"items_purged_floors":[12,29],"is_endless":false,"potions_floor_spawned":[5,6,8,20,27,38,41],"killed_by":"Time Eater","ascension_level":20}