{"gold_per_floor":[112,122,122,133,151,180,190,190,214,225,236,264,264,295,295,390,390,409,509,383,399,417,451,451,468,468,495,495,594,608,625,625,625],"floor_reached":33,"playtime":2590,"items_purged":["Strike_R"],"score":373,"play_id":"00963110-db79-40a5-a836-58e8ada78922","local_time":"20181211171957","is_ascension_mode":true,"campfire_choices":[{"floor":8,"key":"RECALL"},{"data":"Demon Form","floor":13,"key":"SMITH"},{"data":"Metamorphosis","floor":15,"key":"SMITH"},{"data":"Corruption","floor":24,"key":"SMITH"},{"floor":28,"key":"REST"},{"floor":32,"key":"REST"}],"neow_cost":"PERCENT_DAMAGE","seed_source_timestamp":95572602404506,"circlet_count":0,"master_deck":["Strike_R","Strike_R+1","Strike_R","Defend_R","Defend_R","Defend_R","Defend_R","Bash","Dark Shackles","Metamorphosis+1","Disarm","Heavy Blade","Heavy Blade","Entrench","Demon Form+1","Headbutt+1","Rage","Flex","Impervious","Battle Trance","Body Slam+1","Spot Weakness","Corruption+1","Feel No Pain","Dual Wield","Ghostly Armor"],"relics":["Burning Blood","Bag of Preparation","Centennial Puzzle","Boot","Whetstone","Black Star","Dodecahedron","Vajra","The Courier","Matryoshka","Anchor"],"potions_floor_usage":[4,6,12,14,14,16,22,22,23,23,23,25,27,33],"damage_taken":[{"damage":3,"enemies":"2 Louse","floor":1,"turns":4},{"damage":6,"enemies":"Cultist","floor":2,"turns":4},{"damage":0,"enemies":"Small Slimes","floor":4,"turns":3},{"damage":4,"enemies":"Looter","floor":5,"turns":3},{"damage":18,"enemies":"Gremlin Nob","floor":6,"turns":4},{"damage":11,"enemies":"Blue Slaver","floor":7,"turns":6},{"damage":5,"enemies":"Exordium Wildlife","floor":10,"turns":3},{"damage":10,"enemies":"2 Fungi Beasts","floor":11,"turns":3},{"damage":8,"enemies":"Lagavulin","floor":12,"turns":6},{"damage":15,"enemies":"Gremlin Nob","floor":14,"turns":4},{"damage":20,"enemies":"Hexaghost","floor":16,"turns":7},{"damage":7,"enemies":"Chosen","floor":18,"turns":4},{"damage":16,"enemies":"3 Byrds","floor":21,"turns":7},{"damage":31,"enemies":"Shelled Parasite and Fungi","floor":22,"turns":5},{"damage":13,"enemies":"Gremlin Leader","floor":23,"turns":4},{"damage":2,"enemies":"Centurion and Healer","floor":25,"turns":7},{"damage":37,"enemies":"Book of Stabbing","floor":27,"turns":7},{"damage":11,"enemies":"Snecko","floor":30,"turns":4},{"damage":23,"enemies":"Chosen and Byrds","floor":31,"turns":7},{"damage":41,"enemies":"Champ","floor":33,"turns":7}],"seed_played":"-4794772303853946143","potions_obtained":[{"floor":2,"key":"Swift Potion"},{"floor":5,"key":"Weak Potion"},{"floor":7,"key":"AttackPotion"},{"floor":11,"key":"SpeedPotion"},{"floor":12,"key":"Poison Potion"},{"floor":14,"key":"Strength Potion"},{"floor":21,"key":"FearPotion"},{"floor":22,"key":"EntropicBrew"},{"floor":25,"key":"Block Potion"},{"floor":31,"key":"SkillPotion"}],"is_trial":false,"path_per_floor":["M","M","?","M","M","E","M","R","T","M","M","E","R","E","R","B",null,"M","?","$","M","M","E","R","M","T","E","R","?","M","M","R","B"],"character_chosen":"IRONCLAD","items_purchased":["PowerPotion"],"campfire_rested":2,"item_purchase_floors":[20],"current_hp_per_floor":[59,59,59,65,67,55,50,50,50,51,47,45,45,36,36,22,80,79,79,79,69,44,37,37,41,41,10,34,34,29,12,36,0],"gold":625,"neow_bonus":"RANDOM_COLORLESS_2","is_prod":false,"is_daily":false,"chose_seed":false,"campfire_upgraded":3,"win_rate":0,"timestamp":1544545197,"path_taken":["M","M","?","?","?","E","M","R","T","M","M","E","R","E","R","BOSS","M","?","?","M","M","E","R","M","T","E","R","?","M","M","R","BOSS"],"build_version":"2018-12-06","purchased_purges":1,"victory":false,"max_hp_per_floor":[80,80,80,80,80,80,80,80,80,80,80,80,80,80,80,80,80,80,80,80,80,80,80,80,80,80,80,80,80,80,80,80,80],"card_choices":[{"not_picked":["Armaments","Pommel Strike"],"picked":"Disarm","floor":1},{"not_picked":["Havoc","Metallicize"],"picked":"Heavy Blade","floor":2},{"not_picked":["Havoc","Warcry"],"picked":"Heavy Blade","floor":4},{"not_picked":["Perfected Strike","Sever Soul"],"picked":"Entrench","floor":5},{"not_picked":["Metallicize","Warcry"],"picked":"Demon Form","floor":6},{"not_picked":["Sword Boomerang","Thunderclap","True Grit"],"picked":"SKIP","floor":7},{"not_picked":["Flame Barrier","Body Slam"],"picked":"Headbutt","floor":10},{"not_picked":["Metallicize","Clash"],"picked":"Rage","floor":11},{"not_picked":["Iron Wave","Twin Strike","Metallicize"],"picked":"SKIP","floor":12},{"not_picked":["Clothesline","Sever Soul"],"picked":"Flex","floor":14},{"not_picked":["Double Tap","Feed"],"picked":"Impervious","floor":16},{"not_picked":["Shrug It Off","Entrench"],"picked":"Battle Trance","floor":18},{"not_picked":["Shrug It Off","Bloodletting"],"picked":"Body Slam+1","floor":21},{"not_picked":["Combust","Warcry"],"picked":"Spot Weakness","floor":22},{"not_picked":["Perfected Strike","Headbutt"],"picked":"Corruption","floor":23},{"not_picked":["Twin Strike","Anger","Wild Strike"],"picked":"SKIP","floor":25},{"not_picked":["Perfected Strike+1","Cleave"],"picked":"Feel No Pain","floor":27},{"not_picked":["Warcry","Pommel Strike"],"picked":"Dual Wield","floor":30},{"not_picked":["Flex","Berserk"],"picked":"Ghostly Armor","floor":31}],"player_experience":290283,"relics_obtained":[{"floor":6,"key":"Bag of Preparation"},{"floor":9,"key":"Centennial Puzzle"},{"floor":12,"key":"Boot"},{"floor":14,"key":"Whetstone"},{"floor":23,"key":"Dodecahedron"},{"floor":23,"key":"Vajra"},{"floor":26,"key":"The Courier"},{"floor":27,"key":"Matryoshka"},{"floor":27,"key":"Anchor"}],"event_choices":[{"cards_removed":["Strike_R"],"damage_healed":0,"gold_gain":0,"player_choice":"Purged","damage_taken":0,"max_hp_gain":0,"max_hp_loss":0,"event_name":"Purifier","floor":3,"gold_loss":0},{"damage_healed":0,"gold_gain":100,"player_choice":"Pray","damage_taken":0,"max_hp_gain":0,"max_hp_loss":0,"event_name":"Golden Shrine","floor":19,"gold_loss":0},{"damage_healed":0,"gold_gain":99,"player_choice":"Stole From Cult","damage_taken":0,"max_hp_gain":0,"max_hp_loss":0,"event_name":"Nest","floor":29,"gold_loss":0}],"is_beta":false,"boss_relics":[{"not_picked":["Lizard Tail","Empty Cage"],"picked":"Black Star"}],"items_purged_floors":[20],"is_endless":false,"potions_floor_spawned":[2,5,7,11,12,14,21,22,25,31],"killed_by":"Champ","ascension_level":4}