{"gold_per_floor":[112,112,129,140,218,218,233,233,233,266,276,289,309,319,319,422,422,422,422,282,282,282,282,282,282,282,282,282,282,282,282,282,282,282,282,282,282,282,282,282,282,282,282,22,22,22,22,22,22,22],"floor_reached":51,"playtime":4030,"items_purged":[],"score":1173,"play_id":"b5f28c5f-6cdf-4e27-906b-a0234aea9e65","local_time":"20180924172412","is_ascension_mode":true,"campfire_choices":[{"data":"Footwork","floor":6.0,"key":"SMITH"},{"data":"Neutralize","floor":8.0,"key":"SMITH"},{"floor":15.0,"key":"REST"},{"data":"Burst","floor":23.0,"key":"SMITH"},{"data":"Well Laid Plans","floor":25.0,"key":"SMITH"},{"data":"Crippling Poison","floor":28.0,"key":"SMITH"},{"data":"Flechettes","floor":32.0,"key":"SMITH"},{"data":"Footwork","floor":40,"key":"SMITH"},{"data":"A Thousand Cuts","floor":46,"key":"SMITH"},{"floor":49,"key":"REST"}],"neow_cost":"NONE","seed_source_timestamp":10182036661938,"circlet_count":0,"master_deck":["Defend_G+1","Defend_G+1","Defend_G+1","Defend_G+1","Strike_G+1","Strike_G+1","Strike_G+1","Neutralize+1","Footwork+1","Crippling Poison+1","Flechettes+1","Backflip","PiercingWail","Backstab","Backflip","Burst+1","Backflip","Well Laid Plans+1","Blur","Infinite Blades+1","Backflip","Accuracy+1","Leg Sweep+1","A Thousand Cuts+1","Phantasmal Killer+1","Setup+1","Backflip+1","Crippling Poison+1","Escape Plan","Footwork+1","Madness","Madness","Bouncing Flask+1","Sucker Punch+1","Backstab+1"],"special_seed":0,"relics":["Ring of the Snake","Singing Bowl","Mercury Hourglass","Dead Branch","Ectoplasm","Ninja Scroll","Happy Flower","Astrolabe","Molten Egg 2","Pear","Smiling Mask"],"potions_floor_usage":[39,48,50,50,50],"damage_taken":[{"damage":5.0,"enemies":"Small Slimes","floor":1.0,"turns":7.0},{"damage":0.0,"enemies":"Cultist","floor":3.0,"turns":4.0},{"damage":4.0,"enemies":"Jaw Worm","floor":4.0,"turns":6.0},{"damage":0.0,"enemies":"Red Slaver","floor":7.0,"turns":6.0},{"damage":27.0,"enemies":"3 Sentries","floor":10.0,"turns":9.0},{"damage":0.0,"enemies":"Large Slime","floor":11.0,"turns":6.0},{"damage":0.0,"enemies":"Looter","floor":12.0,"turns":4.0},{"damage":0.0,"enemies":"2 Fungi Beasts","floor":13.0,"turns":2.0},{"damage":5.0,"enemies":"Gremlin Gang","floor":14.0,"turns":4.0},{"damage":0.0,"enemies":"The Guardian","floor":16.0,"turns":15.0},{"damage":1.0,"enemies":"Spheric Guardian","floor":18.0,"turns":4.0},{"damage":1.0,"enemies":"Chosen","floor":19.0,"turns":5.0},{"damage":14.0,"enemies":"Shelled Parasite and Fungi","floor":21.0,"turns":8.0},{"damage":7.0,"enemies":"Gremlin Leader","floor":24.0,"turns":8.0},{"damage":0.0,"enemies":"Centurion and Healer","floor":27.0,"turns":7.0},{"damage":0.0,"enemies":"Snecko","floor":29.0,"turns":3.0},{"damage":12.0,"enemies":"Snake Plant","floor":31.0,"turns":4.0},{"damage":0,"enemies":"Automaton","floor":33,"turns":9},{"damage":1,"enemies":"3 Shapes","floor":35,"turns":4},{"damage":0,"enemies":"Orb Walker","floor":36,"turns":3},{"damage":0,"enemies":"Spire Growth","floor":37,"turns":5},{"damage":3,"enemies":"Maw","floor":38,"turns":5},{"damage":1,"enemies":"3 Darklings","floor":39,"turns":4},{"damage":0,"enemies":"Transient","floor":42,"turns":5},{"damage":5,"enemies":"Nemesis","floor":47,"turns":5},{"damage":10,"enemies":"Reptomancer","floor":48,"turns":6},{"damage":68,"enemies":"Awakened One","floor":50,"turns":11}],"seed_played":"-1792339486326908960","potions_obtained":[{"floor":1.0,"key":"FearPotion"},{"floor":3.0,"key":"Fruit Juice"},{"floor":12.0,"key":"Block Potion"},{"floor":14.0,"key":"Energy Potion"},{"floor":24.0,"key":"Regen Potion"},{"floor":31.0,"key":"Ancient Potion"},{"floor":33,"key":"Block Potion"},{"floor":36,"key":"Swift Potion"},{"floor":47,"key":"Explosive Potion"}],"is_trial":false,"path_per_floor":["M","?","M","M","T","R","M","R","T","E","M","M","M","M","R","B",null,"M","M","$","M","?","R","E","R","T","M","R","M","$","M","R","B",null,"M","M","M","M","M","R","?","M","T","$","$","R","E","M","R","B"],"character_chosen":"THE_SILENT","items_purchased":["Well Laid Plans","Blur","Pear"],"campfire_rested":2,"item_purchase_floors":[20,20,44],"current_hp_per_floor":[58,44,49,45,45,45,45,45,45,18,18,18,20,15,38,38,67,68,67,67,53,53,53,46,46,46,61,61,63,63,51,51,51,74,75,75,75,74,73,73,62,62,62,72,72,72,67,57,85,17],"gold":22,"neow_bonus":"REMOVE_CARD","is_prod":false,"is_daily":false,"chose_seed":false,"campfire_upgraded":8,"win_rate":0,"timestamp":1537781052,"path_taken":["M","?","M","M","?","R","M","R","T","E","M","M","M","?","R","BOSS","M","M","$","M","?","R","E","R","T","M","R","M","$","M","R","BOSS","M","?","?","M","M","R","?","M","T","?","$","R","E","M","R","BOSS"],"build_version":"2018-09-20","purchased_purges":0,"victory":true,"max_hp_per_floor":[70,70,75,75,75,75,75,75,75,75,75,75,77,77,77,77,77,79,79,79,79,79,79,79,79,79,79,79,81,81,81,81,81,81,83,83,83,85,85,85,85,85,85,95,95,95,95,95,95,95],"card_choices":[{"not_picked":["Caltrops","Choke"],"picked":"Footwork","floor":1.0},{"not_picked":["Finisher","Acrobatics"],"picked":"Crippling Poison","floor":3.0},{"not_picked":["Deadly Poison","Dagger Throw","Deflect"],"picked":"SKIP","floor":4.0},{"not_picked":["Underhanded Strike","Deflect"],"picked":"Flechettes","floor":7.0},{"not_picked":["Underhanded Strike","Flechettes"],"picked":"Backflip","floor":10.0},{"not_picked":["Underhanded Strike","Dagger Throw"],"picked":"PiercingWail","floor":11.0},{"not_picked":["Flying Knee","PiercingWail"],"picked":"Backstab","floor":12.0},{"not_picked":["Underhanded Strike","Quick Slash","Acrobatics"],"picked":"Singing Bowl","floor":13.0},{"not_picked":["Masterful Stab","Slice"],"picked":"Backflip","floor":14.0},{"not_picked":["Phantasmal Killer","Die Die Die"],"picked":"Burst","floor":16.0},{"not_picked":["Dagger Throw+1","All Out Attack","Prepared"],"picked":"Singing Bowl","floor":18.0},{"not_picked":["Bane+1","Reflex"],"picked":"Backflip","floor":19.0},{"not_picked":["Backflip","Acrobatics"],"picked":"Infinite Blades+1","floor":21.0},{"not_picked":["Reflex+1","Wraith Form v2"],"picked":"Backflip","floor":24.0},{"not_picked":["Slice","Caltrops"],"picked":"Accuracy+1","floor":27.0},{"not_picked":["Sucker Punch","PiercingWail","Flechettes"],"picked":"Singing Bowl","floor":29.0},{"not_picked":["Flying Knee","Masterful Stab"],"picked":"Leg Sweep+1","floor":31.0},{"not_picked":["Night Terror","Phantasmal Killer"],"picked":"A Thousand Cuts","floor":33},{"not_picked":["Dagger Throw+1","Quick Slash+1","Eviscerate+1"],"picked":"Singing Bowl","floor":35},{"not_picked":["Acrobatics+1","Deflect+1"],"picked":"Crippling Poison+1","floor":36},{"not_picked":["Masterful Stab+1","Bane"],"picked":"Escape Plan","floor":37},{"not_picked":["Flying Knee+1","PiercingWail","Setup"],"picked":"Singing Bowl","floor":38},{"not_picked":["Bane","Distraction+1"],"picked":"Footwork","floor":39},{"not_picked":["Prepared+1","Concentrate+1"],"picked":"Bouncing Flask+1","floor":42},{"not_picked":["Phantasmal Killer","Poisoned Stab+1"],"picked":"Sucker Punch+1","floor":47},{"not_picked":["Deadly Poison","Masterful Stab+1"],"picked":"Backstab+1","floor":48}],"player_experience":322262,"relics_obtained":[{"floor":5.0,"key":"Singing Bowl"},{"floor":9.0,"key":"Mercury Hourglass"},{"floor":10.0,"key":"Dead Branch"},{"floor":24.0,"key":"Ninja Scroll"},{"floor":26.0,"key":"Happy Flower"},{"floor":43,"key":"Molten Egg 2"},{"floor":47,"key":"Smiling Mask"}],"event_choices":[{"event_name":"Shining Light","player_choice":"Entered Light","floor":2.0,"damage_taken":0.0},{"event_name":"Back to Basics","player_choice":"Simplicity","floor":22.0,"damage_taken":0.0},{"event_name":"Winding Halls","player_choice":"Embrace Madness","floor":41,"damage_taken":0}],"is_beta":false,"boss_relics":[{"not_picked":["Eternal Feather","Lizard Tail"],"picked":"Ectoplasm"},{"not_picked":["Pandora\u0027s Box","Black Star"],"picked":"Astrolabe"}],"items_purged_floors":[],"is_endless":false,"potions_floor_spawned":[1,3,12,14,24,31,33,36,47],"ascension_level":9}