{"gold_per_floor":[113,113,131,19,194,228,228,57,82,82,82,82,97,128,128,223,223,239,253,273,4,4],"floor_reached":22,"playtime":694,"items_purged":["Strike_R","Doubt","Strike_R"],"score":282,"play_id":"eaaa6111-a728-42da-92e0-6a77ed84767d","local_time":"20190417190044","is_ascension_mode":true,"campfire_choices":[{"data":"Disarm","floor":7,"key":"SMITH"},{"data":"Bludgeon","floor":10,"key":"SMITH"},{"data":"Bash","floor":12,"key":"SMITH"},{"data":"Iron Wave","floor":15,"key":"SMITH"}],"neow_cost":"NONE","seed_source_timestamp":379436747598638,"circlet_count":0,"master_deck":["Strike_R","Strike_R","Strike_R","Defend_R","Defend_R","Defend_R","Defend_R","Bash+1","Rampage+1","Disarm+1","Bludgeon+1","Inflame+1","Iron Wave+1","Battle Trance","Offering","Iron Wave+1","Clash","True Grit","Blind"],"relics":["Burning Blood","NeowsBlessing","Frozen Egg 2","Strawberry","Shuriken","Philosopher\u0027s Stone"],"potions_floor_usage":[18,20,20],"damage_taken":[{"damage":0,"enemies":"2 Louse","floor":1,"turns":1},{"damage":0,"enemies":"Cultist","floor":3,"turns":1},{"damage":0,"enemies":"Lagavulin","floor":6,"turns":2},{"damage":12,"enemies":"Jaw Worm","floor":13,"turns":2},{"damage":16,"enemies":"Gremlin Nob","floor":14,"turns":3},{"damage":17,"enemies":"Hexaghost","floor":16,"turns":7},{"damage":49,"enemies":"3 Byrds","floor":18,"turns":4},{"damage":30,"enemies":"2 Thieves","floor":19,"turns":3},{"damage":14,"enemies":"Centurion and Healer","floor":20,"turns":5},{"damage":18,"enemies":"Sentry and Sphere","floor":22,"turns":3}],"seed_played":"2164704863779123827","potions_obtained":[{"floor":6,"key":"Poison Potion"},{"floor":13,"key":"Poison Potion"},{"floor":19,"key":"BloodPotion"}],"is_trial":false,"path_per_floor":["M","?","M","$","?","E","R","$","T","R","$","R","M","E","R","B",null,"M","M","M","$","M"],"character_chosen":"IRONCLAD","items_purchased":["Disarm","Inflame+1","True Grit","Blind"],"campfire_rested":0,"item_purchase_floors":[4,8,21,21],"current_hp_per_floor":[78,78,80,80,80,80,80,80,87,87,87,87,81,71,71,60,80,37,13,13,13,0],"gold":4,"neow_bonus":"THREE_ENEMY_KILL","is_prod":false,"is_daily":false,"chose_seed":false,"campfire_upgraded":4,"win_rate":0,"timestamp":1555520444,"path_taken":["M","?","?","?","?","E","R","$","T","R","?","R","M","E","R","BOSS","M","M","M","$","M"],"build_version":"2019-01-23","purchased_purges":3,"victory":false,"max_hp_per_floor":[80,80,80,80,80,80,80,80,87,87,87,87,87,87,87,87,87,87,87,87,87,87],"card_choices":[{"not_picked":["Armaments","Intimidate"],"picked":"Rampage","floor":1},{"not_picked":["Wild Strike","Anger","Body Slam"],"picked":"SKIP","floor":3},{"not_picked":["Havoc","Heavy Blade"],"picked":"Bludgeon","floor":6},{"not_picked":["Entrench","Carnage"],"picked":"Iron Wave","floor":13},{"not_picked":["Body Slam","Searing Blow"],"picked":"Battle Trance","floor":14},{"not_picked":["Exhume","Berserk+1"],"picked":"Offering","floor":16},{"not_picked":["Anger","Wild Strike"],"picked":"Iron Wave+1","floor":18},{"not_picked":["Anger+1","Spot Weakness+1","Thunderclap"],"picked":"SKIP","floor":19},{"not_picked":["Clash","Heavy Blade","Anger"],"picked":"SKIP","floor":20},{"not_picked":["Heavy Blade","Anger"],"picked":"Clash","floor":20}],"player_experience":295631,"relics_obtained":[{"floor":6,"key":"Frozen Egg 2"},{"floor":9,"key":"Strawberry"},{"floor":14,"key":"Shuriken"}],"event_choices":[{"damage_healed":0,"gold_gain":0,"player_choice":"Forge","damage_taken":0,"max_hp_gain":0,"max_hp_loss":0,"event_name":"Accursed Blacksmith","floor":2,"gold_loss":0,"cards_upgraded":["Rampage"]},{"damage_healed":0,"gold_gain":175,"player_choice":"AGREE","damage_taken":0,"max_hp_gain":0,"max_hp_loss":0,"event_name":"Liars Game","floor":5,"gold_loss":0,"cards_obtained":["Doubt"]}],"is_beta":false,"boss_relics":[{"not_picked":["Coffee Dripper","Cursed Key"],"picked":"Philosopher\u0027s Stone"}],"items_purged_floors":[4,8,21],"is_endless":false,"potions_floor_spawned":[6,13,19],"killed_by":"Sentry and Sphere","ascension_level":6}