{"gold_per_floor":[117,117,137,42,61,88,105,136,209,209,221,221,249,262,262,365,365,379,379,390,315,285,315,330,29,54,54,64,64,90,101,101,203,203,219,230,241,42,42],"floor_reached":39,"playtime":2434,"items_purged":["Strike_R"],"score":604,"play_id":"cae73f2d-7af6-4093-b35a-48b085257e8d","local_time":"20181216155424","is_ascension_mode":true,"campfire_choices":[{"floor":10,"key":"REST"},{"floor":12,"key":"REST"},{"data":"Whirlwind","floor":15,"key":"SMITH"},{"floor":27,"key":"REST"},{"floor":29,"key":"REST"},{"floor":32,"key":"REST"}],"neow_cost":"PERCENT_DAMAGE","seed_source_timestamp":9163440793765,"circlet_count":0,"master_deck":["Strike_R+1","Defend_R","Defend_R","Defend_R+1","Bash","Cleave","Warcry","Inflame","Warcry+1","Intimidate","Whirlwind+1","Sword Boomerang+1","Barricade","Demon Form+1","Heavy Blade+1","Sword Boomerang","Dual Wield","Feed","Rage+1","Demon Form","Havoc+1","Shrug It Off+1","Barricade+1","Sword Boomerang+1","Entrench+1"],"relics":["Burning Blood","Smiling Mask","Pocketwatch","Singing Bowl","War Paint","Philosopher\u0027s Stone","Whetstone","Strawberry","Regal Pillow","Ancient Tea Set","Astrolabe","Red Skull"],"potions_floor_usage":[6,13,16,16,23,23,24,30,30,31,36],"damage_taken":[{"damage":10,"enemies":"Cultist","floor":1,"turns":5},{"damage":0,"enemies":"Small Slimes","floor":3,"turns":4},{"damage":10,"enemies":"2 Louse","floor":5,"turns":2},{"damage":25,"enemies":"Lagavulin","floor":6,"turns":5},{"damage":35,"enemies":"Gremlin Gang","floor":7,"turns":4},{"damage":20,"enemies":"Gremlin Nob","floor":8,"turns":4},{"damage":21,"enemies":"Blue Slaver","floor":11,"turns":4},{"damage":20,"enemies":"Lagavulin","floor":13,"turns":7},{"damage":8,"enemies":"Large Slime","floor":14,"turns":5},{"damage":36,"enemies":"The Guardian","floor":16,"turns":16},{"damage":31,"enemies":"Spheric Guardian","floor":18,"turns":5},{"damage":14,"enemies":"Chosen","floor":20,"turns":3},{"damage":4,"enemies":"Slavers","floor":23,"turns":3},{"damage":35,"enemies":"Shelled Parasite and Fungi","floor":24,"turns":5},{"damage":33,"enemies":"Snecko","floor":28,"turns":5},{"damage":59,"enemies":"Book of Stabbing","floor":30,"turns":5},{"damage":22,"enemies":"Snake Plant","floor":31,"turns":3},{"damage":39,"enemies":"Automaton","floor":33,"turns":6},{"damage":60,"enemies":"Orb Walker","floor":35,"turns":6},{"damage":25,"enemies":"3 Shapes","floor":36,"turns":6},{"damage":35,"enemies":"Spire Growth","floor":37,"turns":5},{"damage":12,"enemies":"3 Darklings","floor":39,"turns":1}],"seed_played":"8937489088530139219","potions_obtained":[{"floor":3,"key":"AttackPotion"},{"floor":7,"key":"Swift Potion"},{"floor":11,"key":"GamblersBrew"},{"floor":13,"key":"FearPotion"},{"floor":14,"key":"Explosive Potion"},{"floor":22,"key":"Block Potion"},{"floor":22,"key":"Fire Potion"},{"floor":23,"key":"Strength Potion"},{"floor":28,"key":"Weak Potion"},{"floor":30,"key":"Poison Potion"},{"floor":35,"key":"SkillPotion"}],"is_trial":false,"path_per_floor":["M","$","M","$","M","E","M","E","T","R","M","R","E","M","R","B",null,"M","?","M","?","?","E","M","$","T","R","M","R","E","M","R","B",null,"M","M","M","$","M"],"character_chosen":"IRONCLAD","items_purchased":["Inflame","Warcry","Strawberry","Feed","Red Skull"],"campfire_rested":5,"item_purchase_floors":[4,4,25,25,38],"current_hp_per_floor":[68,68,74,74,70,51,22,8,8,36,23,52,40,40,40,10,79,54,54,46,46,46,50,21,28,28,76,51,99,51,35,85,52,102,51,40,11,11,0],"gold":42,"neow_bonus":"TWENTY_PERCENT_HP_BONUS","is_prod":false,"is_daily":false,"chose_seed":false,"campfire_upgraded":1,"win_rate":0,"timestamp":1544972064,"path_taken":["M","$","M","$","M","E","M","E","T","R","?","R","E","M","R","BOSS","M","?","?","?","?","E","M","$","T","R","M","R","E","M","R","BOSS","M","M","M","$","?"],"build_version":"2018-12-13","purchased_purges":1,"victory":false,"max_hp_per_floor":[96,96,96,96,96,96,96,96,96,96,98,98,100,102,102,102,102,102,102,102,102,102,104,104,111,111,111,113,113,118,118,118,118,118,121,129,129,129,129],"card_choices":[{"not_picked":["Body Slam","Metallicize"],"picked":"Cleave","floor":1},{"not_picked":["Armaments","Iron Wave"],"picked":"Warcry","floor":3},{"not_picked":["Clothesline","Havoc"],"picked":"Intimidate","floor":5},{"not_picked":["Hemokinesis","Evolve"],"picked":"Whirlwind","floor":6},{"not_picked":["Clothesline","Shrug It Off"],"picked":"Sword Boomerang","floor":7},{"not_picked":["Clash","Shrug It Off"],"picked":"Barricade","floor":8},{"not_picked":["Clash","Wild Strike","Intimidate"],"picked":"Singing Bowl","floor":11},{"not_picked":["Second Wind","Evolve","Combust"],"picked":"Singing Bowl","floor":13},{"not_picked":["Uppercut","Warcry","Heavy Blade"],"picked":"Singing Bowl","floor":14},{"not_picked":["Barricade","Double Tap"],"picked":"Demon Form","floor":16},{"not_picked":["Perfected Strike","Body Slam"],"picked":"Heavy Blade+1","floor":18},{"not_picked":["True Grit","Heavy Blade"],"picked":"Sword Boomerang","floor":20},{"not_picked":["Searing Blow","Reckless Charge","Flex"],"picked":"Singing Bowl","floor":23},{"not_picked":["Cleave","Havoc"],"picked":"Dual Wield","floor":24},{"not_picked":["Dropkick+1","Clash","Clothesline"],"picked":"Singing Bowl","floor":28},{"not_picked":["Berserk","Sword Boomerang","Body Slam"],"picked":"Singing Bowl","floor":30},{"not_picked":["Infernal Blade","Cleave"],"picked":"Rage+1","floor":31},{"not_picked":["Impervious","Double Tap"],"picked":"Demon Form","floor":33},{"not_picked":["Anger+1","Heavy Blade"],"picked":"Sword Boomerang+1","floor":35},{"not_picked":["Dropkick","Armaments","Immolate"],"picked":"Singing Bowl","floor":36},{"not_picked":["Flex","Flame Barrier"],"picked":"Entrench+1","floor":37}],"player_experience":350356,"relics_obtained":[{"floor":6,"key":"Smiling Mask"},{"floor":8,"key":"Pocketwatch"},{"floor":9,"key":"Singing Bowl"},{"floor":13,"key":"War Paint"},{"floor":23,"key":"Whetstone"},{"floor":26,"key":"Regal Pillow"},{"floor":30,"key":"Ancient Tea Set"}],"event_choices":[{"damage_healed":0,"gold_gain":0,"player_choice":"Forge","damage_taken":0,"max_hp_gain":0,"max_hp_loss":0,"event_name":"Accursed Blacksmith","floor":19,"gold_loss":0,"cards_upgraded":["Demon Form"]},{"cards_removed":["Strike_R"],"damage_healed":0,"gold_gain":0,"player_choice":"Gave Gold","damage_taken":0,"max_hp_gain":0,"max_hp_loss":0,"event_name":"Beggar","floor":21,"gold_loss":75},{"damage_healed":0,"gold_gain":0,"player_choice":"Bought 2 Potions","damage_taken":0,"max_hp_gain":0,"max_hp_loss":0,"event_name":"The Woman in Blue","floor":22,"gold_loss":0}],"is_beta":false,"boss_relics":[{"not_picked":["Runic Dome","Ectoplasm"],"picked":"Philosopher\u0027s Stone"},{"not_picked":["Empty Cage","White Beast Statue"],"picked":"Astrolabe"}],"items_purged_floors":[38],"is_endless":false,"potions_floor_spawned":[3,7,11,13,14,23,28,30,35],"killed_by":"3 Darklings","ascension_level":5}