{"gold_per_floor":[112,112,122,132,60,91,91,91,118,118,118,128,128,88,88,88],"floor_reached":16,"playtime":635,"items_purged":[],"score":178,"play_id":"610801ab-e9b0-4f60-a468-56921fac598e","local_time":"20190221193704","is_ascension_mode":true,"campfire_choices":[{"floor":7,"key":"REST"},{"floor":10,"key":"REST"},{"data":"True Grit","floor":13,"key":"SMITH"},{"data":"Feed","floor":15,"key":"SMITH"}],"neow_cost":"NONE","seed_source_timestamp":458623690711829,"circlet_count":0,"master_deck":["AscendersBane","Strike_R","Strike_R","Strike_R","Strike_R","Strike_R","Defend_R","Defend_R","Defend_R","Defend_R","Bash","Heavy Blade","Exhume","True Grit+1","Uppercut","Ghostly Armor","Feed+1","Shrug It Off","Flex","Feel No Pain"],"relics":["Burning Blood","Orichalcum","Dream Catcher","Bag of Preparation"],"potions_floor_usage":[8],"damage_taken":[{"damage":6,"enemies":"2 Louse","floor":1,"turns":4},{"damage":9,"enemies":"Cultist","floor":3,"turns":4},{"damage":15,"enemies":"Jaw Worm","floor":4,"turns":6},{"damage":53,"enemies":"3 Sentries","floor":6,"turns":11},{"damage":0,"enemies":"Lagavulin","floor":8,"turns":1},{"damage":13,"enemies":"Lots of Slimes","floor":12,"turns":7},{"damage":77,"enemies":"Slime Boss","floor":16,"turns":12}],"seed_played":"4497818476739904935","potions_obtained":[{"floor":4,"key":"SmokeBomb"}],"is_trial":false,"path_per_floor":["M","?","M","M","$","E","R","E","T","R","?","M","R","$","R","B"],"character_chosen":"IRONCLAD","items_purchased":["Ghostly Armor","Feel No Pain"],"campfire_rested":2,"item_purchase_floors":[5,14],"current_hp_per_floor":[72,72,69,60,60,13,37,43,43,67,67,66,66,66,66,0],"gold":88,"neow_bonus":"ONE_RANDOM_RARE_CARD","is_prod":false,"is_daily":false,"chose_seed":false,"campfire_upgraded":2,"win_rate":0,"timestamp":1550749024,"path_taken":["M","?","M","?","$","E","R","E","T","R","?","?","R","$","R","BOSS"],"build_version":"2019-01-23","purchased_purges":0,"victory":false,"max_hp_per_floor":[80,80,80,80,80,80,80,80,80,80,80,86,86,86,86,86],"card_choices":[{"not_picked":["Pommel Strike","Blood for Blood"],"picked":"Heavy Blade","floor":1},{"not_picked":["Dual Wield","Wild Strike"],"picked":"True Grit","floor":3},{"not_picked":["Cleave","Sword Boomerang"],"picked":"Uppercut","floor":4},{"not_picked":["Pommel Strike","Clash"],"picked":"Feed","floor":6},{"not_picked":["Twin Strike","Clothesline"],"picked":"Shrug It Off","floor":10},{"not_picked":["Anger","Blood for Blood"],"picked":"Flex","floor":12}],"player_experience":437798,"relics_obtained":[{"floor":6,"key":"Orichalcum"},{"floor":9,"key":"Dream Catcher"}],"event_choices":[{"damage_healed":0,"gold_gain":0,"player_choice":"1 cards matched","damage_taken":0,"max_hp_gain":0,"max_hp_loss":0,"event_name":"Match and Keep!","floor":2,"gold_loss":0,"cards_obtained":["Exhume"]},{"cards_removed":["Brutality"],"damage_healed":0,"gold_gain":0,"player_choice":"Gave Card","damage_taken":0,"relics_obtained":["Bag of Preparation"],"max_hp_gain":0,"max_hp_loss":0,"event_name":"WeMeetAgain","floor":11,"gold_loss":0}],"is_beta":false,"boss_relics":[],"items_purged_floors":[],"is_endless":false,"potions_floor_spawned":[4],"killed_by":"Slime Boss","ascension_level":13}