{"gold_per_floor":[110,123,143,70,86,86,119,119,119,153,171,171],"floor_reached":12,"playtime":527,"items_purged":[],"score":117,"play_id":"bd566a73-d1eb-46b0-867b-6dee6553b046","local_time":"20181217152637","is_ascension_mode":true,"campfire_choices":[{"data":"Pommel Strike","floor":6,"key":"SMITH"},{"data":"Seeing Red","floor":8,"key":"SMITH"}],"neow_cost":"NONE","seed_source_timestamp":77058239585986,"circlet_count":0,"master_deck":["Strike_R","Strike_R","Strike_R","Strike_R","Defend_R","Defend_R","Defend_R","Defend_R","Bash","Seeing Red+1","Warcry","Pommel Strike+1","Headbutt","Spot Weakness"],"relics":["Burning Blood","Blood Vial","Molten Egg 2","Ginger"],"potions_floor_usage":[7,7,10],"damage_taken":[{"damage":11,"enemies":"Jaw Worm","floor":1,"turns":5},{"damage":6,"enemies":"2 Louse","floor":2,"turns":3},{"damage":1,"enemies":"Cultist","floor":3,"turns":4},{"damage":12,"enemies":"Looter","floor":5,"turns":3},{"damage":36,"enemies":"Lagavulin","floor":7,"turns":7},{"damage":16,"enemies":"Gremlin Nob","floor":10,"turns":3},{"damage":25,"enemies":"Exordium Thugs","floor":11,"turns":5},{"damage":15,"enemies":"Gremlin Gang","floor":12,"turns":1}],"seed_played":"2614212209331703344","potions_obtained":[{"floor":1,"key":"Weak Potion"},{"floor":3,"key":"Fire Potion"},{"floor":7,"key":"Explosive Potion"},{"floor":11,"key":"GamblersBrew"}],"is_trial":false,"path_per_floor":["M","M","M","$","M","R","E","R","T","E","M","M"],"character_chosen":"IRONCLAD","items_purchased":["Warcry","Pommel Strike"],"campfire_rested":0,"item_purchase_floors":[4,4],"current_hp_per_floor":[67,67,72,72,66,66,36,36,36,28,11,0],"gold":171,"neow_bonus":"REMOVE_CARD","is_prod":false,"is_daily":false,"chose_seed":false,"campfire_upgraded":2,"win_rate":0,"timestamp":1545056797,"path_taken":["M","M","M","$","M","R","E","R","T","E","M","M"],"build_version":"2018-12-13","purchased_purges":0,"victory":false,"max_hp_per_floor":[80,80,80,80,80,80,80,80,80,80,80,80],"card_choices":[{"not_picked":["Rampage","Twin Strike"],"picked":"Seeing Red","floor":1},{"not_picked":["Havoc","Clash","Clothesline"],"picked":"SKIP","floor":2},{"not_picked":["Clothesline","Clash","Cleave"],"picked":"SKIP","floor":3},{"not_picked":["Clash","Perfected Strike","Berserk"],"picked":"SKIP","floor":5},{"not_picked":["Uppercut","Inflame"],"picked":"Headbutt","floor":7},{"not_picked":["Sever Soul+1","True Grit","Clothesline+1"],"picked":"SKIP","floor":10},{"not_picked":["Warcry","Iron Wave+1"],"picked":"Spot Weakness","floor":11}],"player_experience":377677,"relics_obtained":[{"floor":7,"key":"Blood Vial"},{"floor":9,"key":"Molten Egg 2"},{"floor":10,"key":"Ginger"}],"event_choices":[],"is_beta":false,"boss_relics":[],"items_purged_floors":[],"is_endless":false,"potions_floor_spawned":[1,3,7,11],"killed_by":"Gremlin Gang","ascension_level":6}