{"gold_per_floor":[111,125,140,156,106,106,134,134,134,169,169,94,94,112,112,213,213,231,146,158,158,171,171,189,220,220,252,266,266],"floor_reached":29,"playtime":2432,"items_purged":["Strike_G"],"score":300,"play_id":"da39c6c9-0c9d-4ad0-bca7-1eb4c63231b2","local_time":"20180901132040","is_ascension_mode":false,"campfire_choices":[{"data":"Adrenaline","floor":6.0,"key":"SMITH"},{"data":"Poisoned Stab","floor":8.0,"key":"SMITH"},{"data":"Neutralize","floor":13.0,"key":"SMITH"},{"data":"Noxious Fumes","floor":15.0,"key":"SMITH"},{"data":"Burst","floor":23,"key":"SMITH"}],"neow_cost":"CURSE","seed_source_timestamp":0,"circlet_count":0,"master_deck":["Defend_G","Defend_G+1","Defend_G","Defend_G","Defend_G","Strike_G","Strike_G","Strike_G","Survivor","Neutralize+1","Adrenaline+1","Poisoned Stab+1","Blade Dance+1","Die Die Die","Noxious Fumes+1","Bane+1","Prepared","Burst+1","Regret","Injury","Injury","Bane+1","PiercingWail+1","Caltrops+1","Slice+1"],"special_seed":0,"relics":["Ring of the Snake","Strawberry","War Paint","Molten Egg 2","Calling Bell","Pen Nib","Darkstone Periapt","Nunchaku","Regal Pillow","Pear","Lantern","Snake Skull","Bronze Scales"],"potions_floor_usage":[24,29],"damage_taken":[{"damage":0.0,"enemies":"Cultist","floor":1.0,"turns":4.0},{"damage":0.0,"enemies":"2 Louse","floor":2.0,"turns":3.0},{"damage":7.0,"enemies":"Small Slimes","floor":3.0,"turns":4.0},{"damage":8.0,"enemies":"Exordium Wildlife","floor":4.0,"turns":8.0},{"damage":9.0,"enemies":"3 Sentries","floor":7.0,"turns":9.0},{"damage":11.0,"enemies":"Lagavulin","floor":10.0,"turns":5.0},{"damage":0.0,"enemies":"Looter","floor":14.0,"turns":3.0},{"damage":26.0,"enemies":"Hexaghost","floor":16.0,"turns":10.0},{"damage":12.0,"enemies":"Shell Parasite","floor":18.0,"turns":6.0},{"damage":5.0,"enemies":"Chosen","floor":20.0,"turns":3.0},{"damage":19.0,"enemies":"Centurion and Healer","floor":22.0,"turns":5.0},{"damage":2,"enemies":"Centurion and Healer","floor":24,"turns":5},{"damage":20,"enemies":"Book of Stabbing","floor":25,"turns":5},{"damage":8,"enemies":"Gremlin Leader","floor":27,"turns":4},{"damage":5,"enemies":"Snake Plant","floor":28,"turns":4},{"damage":21,"enemies":"Sentry and Sphere","floor":29,"turns":5}],"seed_played":"4746300900912865473","potions_obtained":[{"floor":3.0,"key":"SpeedPotion"},{"floor":7.0,"key":"Explosive Potion"},{"floor":14.0,"key":"Fire Potion"},{"floor":16.0,"key":"SmokeBomb"},{"floor":18.0,"key":"EssenceOfSteel"},{"floor":25,"key":"SpeedPotion"}],"is_trial":false,"path_per_floor":["M","M","M","M","?","R","E","R","T","E","?","$","R","M","R","B",null,"M","?","M","?","T","R","M","E","T","E","M"],"character_chosen":"THE_SILENT","items_purchased":[],"campfire_rested":0,"item_purchase_floors":[],"current_hp_per_floor":[70,70,63,55,55,55,53,53,53,42,47,47,47,47,47,21,82,70,70,65,65,56,56,54,34,34,26,21,0],"gold":266,"neow_bonus":"THREE_RARE_CARDS","is_prod":false,"is_daily":false,"chose_seed":false,"campfire_upgraded":5,"win_rate":0,"timestamp":1535800840,"path_taken":["M","?","M","M","?","R","E","R","T","E","?","$","R","?","R","BOSS","M","?","M","?","?","R","M","E","T","E","?","M"],"build_version":"2018-08-30","purchased_purges":1,"victory":false,"max_hp_per_floor":[70,70,70,70,70,70,77,77,77,77,82,82,82,82,82,82,82,82,82,82,82,92,92,92,92,92,92,92,92],"card_choices":[{"not_picked":["Phantasmal Killer","A Thousand Cuts"],"picked":"Adrenaline","floor":0.0},{"not_picked":["Terror","Deflect"],"picked":"Poisoned Stab","floor":1.0},{"not_picked":["Dagger Throw","Heel Hook"],"picked":"Blade Dance","floor":2.0},{"not_picked":["Riddle With Holes","Acrobatics"],"picked":"Die Die Die","floor":3.0},{"not_picked":["Calculated Gamble","Caltrops","Acrobatics"],"picked":"SKIP","floor":4.0},{"not_picked":["Caltrops","Poisoned Stab"],"picked":"Noxious Fumes","floor":7.0},{"not_picked":["Distraction","Acrobatics"],"picked":"Bane","floor":10.0},{"not_picked":["Masterful Stab+1","Slice+1"],"picked":"Prepared","floor":14.0},{"not_picked":["After Image","Doppelganger"],"picked":"Burst","floor":16.0},{"not_picked":["Underhanded Strike+1","Flying Knee+1"],"picked":"Bane+1","floor":18.0},{"not_picked":["Underhanded Strike+1","Tactician","Prepared"],"picked":"SKIP","floor":20.0},{"not_picked":["Noxious Fumes","Acrobatics"],"picked":"PiercingWail+1","floor":24},{"not_picked":["Burst","Dagger Throw+1"],"picked":"Caltrops+1","floor":25},{"not_picked":["All Out Attack+1","Infinite Blades","Quick Slash+1"],"picked":"SKIP","floor":27},{"not_picked":["Sucker Punch+1","Deflect"],"picked":"Slice+1","floor":28}],"player_experience":74979,"relics_obtained":[{"floor":7.0,"key":"Strawberry"},{"floor":9.0,"key":"War Paint"},{"floor":10.0,"key":"Molten Egg 2"},{"floor":17.0,"key":"Pen Nib"},{"floor":17.0,"key":"Darkstone Periapt"},{"floor":17.0,"key":"Nunchaku"},{"floor":22,"key":"Pear"},{"floor":25,"key":"Lantern"},{"floor":26,"key":"Snake Skull"},{"floor":27,"key":"Bronze Scales"}],"event_choices":[{"event_name":"The Cleric","player_choice":"Card Removal","floor":5.0,"damage_taken":0.0},{"event_name":"Big Fish","player_choice":"Donut","floor":11.0,"damage_taken":0.0},{"event_name":"Addict","player_choice":"Obtained Relic","floor":19.0,"damage_taken":0.0},{"event_name":"Back to Basics","player_choice":"Elegance","floor":21.0,"damage_taken":0.0}],"is_beta":false,"boss_relics":[{"not_picked":["Coffee Dripper","Runic Dome"],"picked":"Calling Bell"}],"items_purged_floors":[12],"is_endless":false,"potions_floor_spawned":[3,7,14,16,18,25,27],"killed_by":"Sentry and Sphere","ascension_level":0}