{"gold_per_floor":[359,359,377,9,28,57,57,84,111,111,111,127,202,227,227,227],"floor_reached":16,"playtime":885,"items_purged":[],"score":142,"play_id":"fdabe7c1-9eeb-4a9c-adbf-3760225ba8dc","local_time":"20181213184135","is_ascension_mode":true,"campfire_choices":[{"floor":7,"key":"REST"},{"data":"Feed","floor":10,"key":"SMITH"},{"floor":15,"key":"REST"}],"neow_cost":"PERCENT_DAMAGE","seed_source_timestamp":169009987970663,"circlet_count":0,"master_deck":["Strike_R","Strike_R","Strike_R","Strike_R","Defend_R","Defend_R","Defend_R","Defend_R","Bash","Corruption","Cleave","Feed+1","Battle Trance","Inflame","Shockwave","Headbutt","Bash+1","Whirlwind+1","Spot Weakness"],"relics":["Burning Blood","PreservedInsect","Blood Vial","Potion Belt","Orichalcum","Whetstone"],"potions_floor_usage":[14,16,16],"damage_taken":[{"damage":8,"enemies":"Jaw Worm","floor":1,"turns":5},{"damage":4,"enemies":"2 Louse","floor":3,"turns":3},{"damage":10,"enemies":"Cultist","floor":5,"turns":5},{"damage":30,"enemies":"3 Sentries","floor":6,"turns":7},{"damage":20,"enemies":"Lagavulin","floor":8,"turns":6},{"damage":7,"enemies":"Blue Slaver","floor":12,"turns":5},{"damage":14,"enemies":"Gremlin Nob","floor":14,"turns":4},{"damage":62,"enemies":"Hexaghost","floor":16,"turns":9}],"seed_played":"-8532286434381301752","potions_obtained":[{"floor":1,"key":"FearPotion"},{"floor":3,"key":"PowerPotion"},{"floor":6,"key":"Swift Potion"},{"floor":8,"key":"LiquidBronze"}],"is_trial":false,"path_per_floor":["M","?","M","$","M","E","R","E","T","R","?","M","?","E","R","B"],"character_chosen":"IRONCLAD","items_purchased":["PreservedInsect","Feed","Battle Trance"],"campfire_rested":2,"item_purchase_floors":[4,4,4],"current_hp_per_floor":[54,47,49,49,48,27,52,43,43,43,43,48,37,31,58,0],"gold":227,"neow_bonus":"TWO_FIFTY_GOLD","is_prod":false,"is_daily":false,"chose_seed":false,"campfire_upgraded":1,"win_rate":0,"timestamp":1544722895,"path_taken":["M","?","M","$","M","E","R","E","T","R","?","?","?","E","R","BOSS"],"build_version":"2018-12-06","purchased_purges":0,"victory":false,"max_hp_per_floor":[80,80,80,80,83,86,86,89,89,89,89,93,93,93,93,93],"card_choices":[{"not_picked":["Metallicize","Iron Wave"],"picked":"Corruption","floor":1},{"not_picked":["Combust","True Grit"],"picked":"Cleave","floor":3},{"not_picked":["Armaments","Flex"],"picked":"Inflame","floor":5},{"not_picked":["Entrench","Perfected Strike"],"picked":"Shockwave","floor":6},{"not_picked":["Shockwave","Havoc"],"picked":"Headbutt","floor":8},{"not_picked":["Corruption","Clothesline"],"picked":"Spot Weakness","floor":12},{"not_picked":["Perfected Strike","Pommel Strike","Battle Trance"],"picked":"SKIP","floor":14}],"player_experience":300256,"relics_obtained":[{"floor":6,"key":"Blood Vial"},{"floor":8,"key":"Potion Belt"},{"floor":9,"key":"Orichalcum"},{"floor":14,"key":"Whetstone"}],"event_choices":[{"cards_removed":["Strike_R"],"damage_healed":0,"gold_gain":0,"player_choice":"Card Removal","damage_taken":7,"max_hp_gain":0,"max_hp_loss":0,"event_name":"Golden Wing","floor":2,"gold_loss":0},{"damage_healed":0,"gold_gain":0,"player_choice":"2 cards matched","damage_taken":0,"max_hp_gain":0,"max_hp_loss":0,"event_name":"Match and Keep!","floor":11,"gold_loss":0,"cards_obtained":["Bash","Whirlwind"]},{"damage_healed":0,"gold_gain":75,"player_choice":"Gather Gold","damage_taken":11,"max_hp_gain":0,"max_hp_loss":0,"event_name":"World of Goop","floor":13,"gold_loss":0}],"is_beta":false,"boss_relics":[],"items_purged_floors":[],"is_endless":false,"potions_floor_spawned":[1,3,6,8],"killed_by":"Hexaghost","ascension_level":4}