{"gold_per_floor":[115,115,133,147,163,163,191,191,191,201,201],"floor_reached":11,"playtime":291,"items_purged":[],"score":113,"play_id":"fe497572-95f9-475d-8efb-e44ae776bd43","local_time":"20180929172703","is_ascension_mode":true,"campfire_choices":[{"data":"True Grit","floor":6,"key":"SMITH"},{"floor":8,"key":"REST"}],"neow_cost":"NONE","seed_source_timestamp":446131710593722,"circlet_count":0,"master_deck":["Strike_R","Strike_R","Strike_R","Strike_R","Defend_R","Defend_R","Defend_R","Defend_R","Bash","AscendersBane","Inflame","True Grit+1","Metallicize","Pommel Strike","Heavy Blade","Warcry"],"relics":["Burning Blood","Potion Belt","Matryoshka"],"potions_floor_usage":[5,7],"damage_taken":[{"damage":2,"enemies":"2 Louse","floor":1,"turns":4},{"damage":25,"enemies":"Small Slimes","floor":3,"turns":5},{"damage":1,"enemies":"Cultist","floor":4,"turns":4},{"damage":30,"enemies":"Exordium Thugs","floor":5,"turns":6},{"damage":37,"enemies":"Lagavulin","floor":7,"turns":5},{"damage":16,"enemies":"3 Louse","floor":10,"turns":3},{"damage":26,"enemies":"Gremlin Nob","floor":11,"turns":4}],"seed_played":"1357091793354381277","potions_obtained":[{"floor":1,"key":"FearPotion"},{"floor":3,"key":"SkillPotion"}],"is_trial":false,"path_per_floor":["M","?","M","M","M","R","E","R","T","M"],"character_chosen":"IRONCLAD","items_purchased":[],"campfire_rested":1,"item_purchase_floors":[],"current_hp_per_floor":[76,76,57,62,38,38,7,31,31,21,0],"gold":201,"neow_bonus":"REMOVE_CARD","is_prod":false,"is_daily":false,"chose_seed":false,"campfire_upgraded":1,"win_rate":0,"timestamp":1538213223,"path_taken":["M","?","?","M","M","R","E","R","T","M","E"],"build_version":"2018-09-27","purchased_purges":0,"victory":false,"max_hp_per_floor":[80,80,80,80,80,80,80,80,80,80,80],"card_choices":[{"not_picked":["Carnage","Warcry"],"picked":"Inflame","floor":1},{"not_picked":["Cleave","Thunderclap"],"picked":"True Grit","floor":3},{"not_picked":["Dual Wield","Heavy Blade"],"picked":"Metallicize","floor":4},{"not_picked":["True Grit","Warcry"],"picked":"Pommel Strike","floor":5},{"not_picked":["Pommel Strike","Fiend Fire"],"picked":"Heavy Blade","floor":7},{"not_picked":["Perfected Strike","Rage"],"picked":"Warcry","floor":10}],"player_experience":388228,"relics_obtained":[{"floor":7,"key":"Potion Belt"},{"floor":9,"key":"Matryoshka"}],"event_choices":[{"event_name":"Liars Game","player_choice":"disagreed","floor":2,"damage_taken":0}],"is_beta":false,"boss_relics":[],"items_purged_floors":[],"is_endless":false,"potions_floor_spawned":[1,3],"killed_by":"Gremlin Nob","ascension_level":10}