{"gold_per_floor":[119,132,148,4,4,35,51,85,85,110,110,110,130,130,130,130],"floor_reached":16,"playtime":1054,"items_purged":[],"score":163,"play_id":"5c0a359b-5939-4751-94a1-5059ecbf3160","local_time":"20181013145524","is_ascension_mode":true,"campfire_choices":[{"data":"Headbutt","floor":15,"key":"SMITH"}],"neow_cost":"PERCENT_DAMAGE","seed_source_timestamp":0,"circlet_count":0,"master_deck":["Strike_R","Strike_R","Strike_R+1","Strike_R","Strike_R","Defend_R","Defend_R","Defend_R","Defend_R","Bash","Feed","Pommel Strike","Dual Wield+1","Headbutt+1"],"special_seed":0,"relics":["Burning Blood","PreservedInsect","Boot","WingedGreaves","Magic Flower","StoneCalendar","Golden Idol"],"potions_floor_usage":[10,16],"damage_taken":[{"damage":7.0,"enemies":"Small Slimes","floor":1.0,"turns":3.0},{"damage":3.0,"enemies":"Jaw Worm","floor":2.0,"turns":4.0},{"damage":2.0,"enemies":"2 Louse","floor":3.0,"turns":2.0},{"damage":5.0,"enemies":"Gremlin Nob","floor":6.0,"turns":3.0},{"damage":16.0,"enemies":"Lots of Slimes","floor":7.0,"turns":7.0},{"damage":30.0,"enemies":"Lagavulin","floor":8.0,"turns":7.0},{"damage":25,"enemies":"3 Sentries","floor":10,"turns":7},{"damage":11,"enemies":"Looter","floor":13,"turns":4},{"damage":56,"enemies":"Hexaghost","floor":16,"turns":8}],"seed_played":"7921384206628074486","potions_obtained":[{"floor":2.0,"key":"LiquidBronze"},{"floor":7.0,"key":"Poison Potion"},{"floor":10,"key":"Dexterity Potion"}],"is_trial":false,"path_per_floor":["M","M","M","$","?","E","M","E","T","E","?","?","M","?","R"],"character_chosen":"IRONCLAD","items_purchased":["PreservedInsect"],"campfire_rested":0,"item_purchase_floors":[4],"current_hp_per_floor":[58,64,71,71,71,75,68,47,47,36,16,49,52,52,52,0],"gold":130,"neow_bonus":"THREE_RARE_CARDS","is_prod":false,"is_daily":false,"chose_seed":false,"campfire_upgraded":1,"win_rate":0,"timestamp":1539435324,"path_taken":["M","M","M","$","?","E","?","E","T","E","?","?","M","?","R","BOSS"],"build_version":"2018-10-11","purchased_purges":0,"victory":false,"max_hp_per_floor":[83,86,89,89,89,92,95,98,98,101,101,101,104,96,96,96],"card_choices":[{"not_picked":["Juggernaut","Exhume"],"picked":"Feed","floor":0.0},{"not_picked":["Clash","Dropkick"],"picked":"Pommel Strike","floor":1.0},{"not_picked":["Anger","Bloodletting","Clash"],"picked":"SKIP","floor":2.0},{"not_picked":["Armaments","Flex"],"picked":"Dual Wield","floor":3.0},{"not_picked":["Body Slam","Flame Barrier","Corruption"],"picked":"SKIP","floor":6.0},{"not_picked":["True Grit","Whirlwind"],"picked":"Headbutt","floor":7.0},{"not_picked":["True Grit","Sword Boomerang","Fiend Fire"],"picked":"SKIP","floor":8.0},{"not_picked":["Thunderclap","Wild Strike","Pommel Strike"],"picked":"SKIP","floor":10},{"not_picked":["Armaments","Inflame","Anger"],"picked":"SKIP","floor":13}],"player_experience":122315,"relics_obtained":[{"floor":6.0,"key":"Boot"},{"floor":8.0,"key":"WingedGreaves"},{"floor":9.0,"key":"Magic Flower"},{"floor":10,"key":"StoneCalendar"}],"event_choices":[{"event_name":"The Cleric","player_choice":"Leave","floor":5.0,"damage_taken":0.0},{"event_name":"Shining Light","player_choice":"Entered Light","floor":11,"damage_taken":0},{"event_name":"Big Fish","player_choice":"Banana","floor":12,"damage_taken":0},{"event_name":"Golden Idol","player_choice":"Lose Max HP","floor":14,"damage_taken":0}],"is_beta":false,"boss_relics":[],"items_purged_floors":[],"is_endless":false,"potions_floor_spawned":[2,7,10],"killed_by":"Hexaghost","ascension_level":3}