{"gold_per_floor":[118,132,57,72,87,87,34,69,69,144,144,92,117,135,135,135],"floor_reached":16,"playtime":787,"items_purged":["Strike_R"],"score":143,"play_id":"dfee481d-f56b-4924-86c2-cf74b79b0265","local_time":"20181217232249","is_ascension_mode":true,"campfire_choices":[{"data":"Shockwave","floor":6,"key":"SMITH"},{"floor":11,"key":"REST"},{"floor":15,"key":"REST"}],"neow_cost":"NONE","seed_source_timestamp":104644706691521,"circlet_count":0,"master_deck":["Strike_R","Strike_R","Strike_R","Strike_R","Defend_R","Defend_R","Defend_R","Defend_R","Bash","Ghostly Armor","Shockwave+1","Warcry","Entrench","Shrug It Off","Demon Form+1"],"relics":["Burning Blood","Juzu Bracelet","Frozen Egg 2","Unceasing Top"],"potions_floor_usage":[8,16],"damage_taken":[{"damage":1,"enemies":"Cultist","floor":1,"turns":3},{"damage":4,"enemies":"2 Louse","floor":2,"turns":3},{"damage":0,"enemies":"Small Slimes","floor":4,"turns":3},{"damage":33,"enemies":"Exordium Wildlife","floor":5,"turns":7},{"damage":20,"enemies":"Lagavulin","floor":8,"turns":6},{"damage":33,"enemies":"Gremlin Nob","floor":13,"turns":5},{"damage":30,"enemies":"Lots of Slimes","floor":14,"turns":10},{"damage":37,"enemies":"Hexaghost","floor":16,"turns":12}],"seed_played":"4043590083181390573","potions_obtained":[{"floor":2,"key":"Block Potion"},{"floor":4,"key":"AttackPotion"},{"floor":13,"key":"Swift Potion"},{"floor":14,"key":"Ancient Potion"}],"is_trial":false,"path_per_floor":["M","M","$","M","M","R","$","E","T","?","R","$","E","M","R","B"],"character_chosen":"IRONCLAD","items_purchased":["Warcry","Shrug It Off"],"campfire_rested":2,"item_purchase_floors":[7,12],"current_hp_per_floor":[85,87,87,88,61,61,61,47,47,36,62,62,35,11,37,0],"gold":135,"neow_bonus":"TEN_PERCENT_HP_BONUS","is_prod":false,"is_daily":false,"chose_seed":false,"campfire_upgraded":1,"win_rate":0,"timestamp":1545085369,"path_taken":["M","M","$","M","M","R","?","E","T","?","R","$","E","M","R","BOSS"],"build_version":"2018-12-13","purchased_purges":1,"victory":false,"max_hp_per_floor":[88,88,88,88,88,88,88,88,88,88,88,88,88,88,88,88],"card_choices":[{"not_picked":["True Grit","Twin Strike","Anger"],"picked":"SKIP","floor":1},{"not_picked":["Clash","Feel No Pain"],"picked":"Ghostly Armor","floor":2},{"not_picked":["Shrug It Off","Warcry"],"picked":"Shockwave","floor":4},{"not_picked":["Bloodletting","Evolve","Thunderclap"],"picked":"SKIP","floor":5},{"not_picked":["Iron Wave","Reckless Charge"],"picked":"Entrench","floor":8},{"not_picked":["Clash","Shockwave","Fire Breathing+1"],"picked":"SKIP","floor":13},{"not_picked":["Bloodletting","Feel No Pain+1"],"picked":"Demon Form+1","floor":14}],"player_experience":398206,"relics_obtained":[{"floor":8,"key":"Juzu Bracelet"},{"floor":9,"key":"Frozen Egg 2"},{"floor":13,"key":"Unceasing Top"}],"event_choices":[{"damage_healed":0,"gold_gain":75,"player_choice":"Gather Gold","damage_taken":11,"max_hp_gain":0,"max_hp_loss":0,"event_name":"World of Goop","floor":10,"gold_loss":0}],"is_beta":false,"boss_relics":[],"items_purged_floors":[3],"is_endless":false,"potions_floor_spawned":[2,4,13,14],"killed_by":"Hexaghost","ascension_level":6}