{"gold_per_floor":[109,128,128,148,158,158,188,148,171,181,211,222,234,247,247,247],"floor_reached":16,"playtime":647,"items_purged":[],"score":232,"play_id":"233745e2-5e89-4fb8-842a-9f012363ddbe","local_time":"20190501172012","is_ascension_mode":true,"campfire_choices":[{"floor":6,"key":"REST"},{"data":"Body Slam","floor":15,"key":"SMITH"}],"neow_cost":"NONE","seed_source_timestamp":3817720025502263,"circlet_count":0,"master_deck":["AscendersBane","Strike_R","Strike_R","Strike_R","Strike_R","Strike_R","Defend_R+1","Defend_R","Defend_R","Defend_R","Bash","Shrug It Off+1","Sword Boomerang","Body Slam+1","Iron Wave","Battle Trance","Iron Wave","Armaments","Iron Wave"],"relics":["Burning Blood","PreservedInsect","Centennial Puzzle","Potion Belt","War Paint"],"potions_floor_usage":[5,7,10,11,16],"damage_taken":[{"damage":9,"enemies":"Small Slimes","floor":1,"turns":5},{"damage":8,"enemies":"Jaw Worm","floor":2,"turns":5},{"damage":7,"enemies":"Cultist","floor":4,"turns":4},{"damage":60,"enemies":"Gremlin Gang","floor":5,"turns":7},{"damage":19,"enemies":"Gremlin Nob","floor":7,"turns":4},{"damage":0,"enemies":"Red Slaver","floor":10,"turns":5},{"damage":13,"enemies":"3 Sentries","floor":11,"turns":8},{"damage":15,"enemies":"Exordium Thugs","floor":12,"turns":6},{"damage":3,"enemies":"Blue Slaver","floor":13,"turns":5},{"damage":5,"enemies":"Large Slime","floor":14,"turns":8},{"damage":36,"enemies":"Slime Boss","floor":16,"turns":8}],"seed_played":"8283790739473391613","potions_obtained":[{"floor":1,"key":"Ancient Potion"},{"floor":2,"key":"SkillPotion"},{"floor":4,"key":"Energy Potion"},{"floor":8,"key":"Regen Potion"},{"floor":8,"key":"Dexterity Potion"},{"floor":14,"key":"AttackPotion"}],"is_trial":false,"path_per_floor":["M","M","?","M","M","R","E","?","T","M","E","M","M","M","R","B"],"character_chosen":"IRONCLAD","items_purchased":[],"campfire_rested":1,"item_purchase_floors":[],"current_hp_per_floor":[65,63,68,67,13,37,24,24,24,44,37,28,31,32,32,0],"gold":247,"neow_bonus":"RANDOM_COMMON_RELIC","is_prod":false,"is_daily":false,"chose_seed":false,"campfire_upgraded":1,"win_rate":0,"timestamp":1556727612,"path_taken":["M","M","?","M","M","R","E","?","T","M","E","M","M","M","R","BOSS"],"build_version":"2019-01-23","purchased_purges":0,"victory":false,"max_hp_per_floor":[75,75,80,80,80,80,80,80,80,80,80,80,80,80,80,80],"card_choices":[{"not_picked":["Battle Trance","Flex"],"picked":"Shrug It Off","floor":1},{"not_picked":["Seeing Red","True Grit"],"picked":"Sword Boomerang","floor":2},{"not_picked":["Perfected Strike","Headbutt"],"picked":"Body Slam","floor":4},{"not_picked":["Havoc","Clash"],"picked":"Iron Wave","floor":5},{"not_picked":["Whirlwind","Brutality"],"picked":"Battle Trance","floor":7},{"not_picked":["Clash","Sword Boomerang"],"picked":"Iron Wave","floor":10},{"not_picked":["Wild Strike","Flex","Perfected Strike"],"picked":"SKIP","floor":11},{"not_picked":["Seeing Red","Sever Soul"],"picked":"Armaments","floor":12},{"not_picked":["Double Tap","Anger"],"picked":"Iron Wave","floor":13},{"not_picked":["Clothesline","Twin Strike","Pommel Strike"],"picked":"SKIP","floor":14}],"player_experience":779620,"relics_obtained":[{"floor":7,"key":"Centennial Puzzle"},{"floor":9,"key":"Potion Belt"},{"floor":11,"key":"War Paint"}],"event_choices":[{"damage_healed":0,"gold_gain":0,"player_choice":"Donut","damage_taken":0,"max_hp_gain":5,"max_hp_loss":0,"event_name":"Big Fish","floor":3,"gold_loss":0},{"damage_healed":0,"gold_gain":0,"player_choice":"Bought 3 Potions","damage_taken":0,"max_hp_gain":0,"max_hp_loss":0,"event_name":"The Woman in Blue","floor":8,"gold_loss":0}],"is_beta":false,"boss_relics":[],"items_purged_floors":[],"is_endless":false,"potions_floor_spawned":[1,2,4,14],"killed_by":"Slime Boss","ascension_level":20}