{"gold_per_floor":[118,118,40,40,59,87,87,106,133,168,182,194,62,62,62,139,139,150,163,173,123,123,123],"floor_reached":23,"playtime":1143,"items_purged":["Strike_R","Strike_R"],"score":384,"play_id":"3d6fab9a-4d42-4ba6-a186-634849ecdfe2","local_time":"20190501145119","is_ascension_mode":true,"campfire_choices":[{"data":"Shockwave","floor":7,"key":"SMITH"},{"data":"Offering","floor":15,"key":"SMITH"}],"neow_cost":"NONE","seed_source_timestamp":536894969458860,"circlet_count":0,"master_deck":["AscendersBane","Strike_R","Defend_R","Defend_R","Defend_R","Defend_R","Bash","Pommel Strike","Flame Barrier","Shockwave+1","Cleave","Sword Boomerang","Reaper","Offering+1","Dual Wield","Demon Form+1","Infernal Blade+1","Ghostly Armor"],"relics":["Burning Blood","NeowsBlessing","Smiling Mask","Strawberry","Question Card","Sozu"],"potions_floor_usage":[10,16],"damage_taken":[{"damage":0,"enemies":"Jaw Worm","floor":1,"turns":1},{"damage":0,"enemies":"Cultist","floor":5,"turns":1},{"damage":0,"enemies":"Gremlin Nob","floor":6,"turns":1},{"damage":0,"enemies":"Small Slimes","floor":8,"turns":4},{"damage":22,"enemies":"3 Sentries","floor":10,"turns":4},{"damage":16,"enemies":"Exordium Thugs","floor":11,"turns":7},{"damage":39,"enemies":"Gremlin Gang","floor":12,"turns":4},{"damage":41,"enemies":"Hexaghost","floor":16,"turns":9},{"damage":21,"enemies":"Shell Parasite","floor":18,"turns":5},{"damage":22,"enemies":"Spheric Guardian","floor":19,"turns":5},{"damage":32,"enemies":"Centurion and Healer","floor":20,"turns":5},{"damage":28,"enemies":"Gremlin Leader","floor":23,"turns":3}],"seed_played":"-2524602498500736434","potions_obtained":[{"floor":1,"key":"PowerPotion"},{"floor":4,"key":"Poison Potion"},{"floor":8,"key":"PowerPotion"},{"floor":16,"key":"SteroidPotion"}],"is_trial":false,"path_per_floor":["M","?","$","?","M","E","R","M","T","E","M","M","$","?","R","B",null,"M","M","M","$","?","E"],"character_chosen":"IRONCLAD","items_purchased":["Flame Barrier","Dual Wield","Energy Potion"],"campfire_rested":0,"item_purchase_floors":[3,13,13],"current_hp_per_floor":[74,67,67,67,73,75,75,75,82,66,68,51,51,51,51,20,67,52,37,23,23,23,0],"gold":123,"neow_bonus":"THREE_ENEMY_KILL","is_prod":false,"is_daily":false,"chose_seed":false,"campfire_upgraded":2,"win_rate":0,"timestamp":1556715079,"path_taken":["M","?","$","?","M","E","R","?","T","E","M","M","$","?","R","BOSS","M","M","M","$","?","E"],"build_version":"2019-01-23","purchased_purges":2,"victory":false,"max_hp_per_floor":[75,75,75,75,75,75,75,75,82,82,82,82,82,82,82,82,82,82,82,82,82,82,82],"card_choices":[{"not_picked":["Infernal Blade","Searing Blow"],"picked":"Pommel Strike","floor":1},{"not_picked":["Entrench","Thunderclap"],"picked":"Shockwave","floor":5},{"not_picked":["Flex","Wild Strike"],"picked":"Cleave","floor":6},{"not_picked":["Cleave","Pommel Strike"],"picked":"Sword Boomerang","floor":8},{"not_picked":["Second Wind","Rampage"],"picked":"Reaper","floor":10},{"not_picked":["Clash","Flex","Sentinel","Iron Wave"],"picked":"SKIP","floor":11},{"not_picked":["Shockwave","Twin Strike","Pummel"],"picked":"Offering","floor":12},{"not_picked":["Bludgeon","Brutality","Impervious"],"picked":"Demon Form","floor":16},{"not_picked":["Perfected Strike","Cleave+1","Searing Blow+1","Armaments"],"picked":"SKIP","floor":18},{"not_picked":["Hemokinesis+1","Carnage","Iron Wave"],"picked":"Infernal Blade+1","floor":19},{"not_picked":["Havoc","Clothesline+1","Rampage"],"picked":"Ghostly Armor","floor":20}],"player_experience":718268,"relics_obtained":[{"floor":6,"key":"Smiling Mask"},{"floor":9,"key":"Strawberry"},{"floor":10,"key":"Question Card"}],"event_choices":[{"cards_removed":["Strike_R"],"damage_healed":0,"gold_gain":0,"player_choice":"Card Removal","damage_taken":7,"max_hp_gain":0,"max_hp_loss":0,"event_name":"Golden Wing","floor":2,"gold_loss":0},{"damage_healed":0,"gold_gain":0,"player_choice":"Got Potions","damage_taken":0,"max_hp_gain":0,"max_hp_loss":0,"event_name":"Lab","floor":4,"gold_loss":0},{"cards_removed":["Strike_R"],"damage_healed":0,"gold_gain":0,"player_choice":"Offered Basic","damage_taken":0,"max_hp_gain":0,"max_hp_loss":0,"event_name":"Bonfire Elementals","floor":14,"gold_loss":0},{"damage_healed":0,"gold_gain":0,"player_choice":"Upgraded","damage_taken":0,"max_hp_gain":0,"max_hp_loss":0,"event_name":"Upgrade Shrine","floor":22,"gold_loss":0,"cards_upgraded":["Demon Form"]}],"is_beta":false,"boss_relics":[{"not_picked":["White Beast Statue","Tiny House"],"picked":"Sozu"}],"items_purged_floors":[13,21],"is_endless":false,"potions_floor_spawned":[1,8,16,19,20],"killed_by":"Gremlin Leader","ascension_level":14}