{"gold_per_floor":[110,120,120,136,86,86,86,86,86,117,137,56,75,75,75,199,199,224,248,9,84,102,102],"floor_reached":23,"playtime":791,"items_purged":[],"score":306,"play_id":"6ada5afe-502c-4bdf-9426-bc7a71000951","local_time":"20181006122236","is_ascension_mode":true,"campfire_choices":[{"data":"Zap","floor":6,"key":"SMITH"},{"floor":8,"key":"REST"},{"floor":15,"key":"REST"}],"neow_cost":"NONE","seed_source_timestamp":513792584319164,"circlet_count":0,"master_deck":["Strike_B","Strike_B","Strike_B","Defend_B","Defend_B","Defend_B","Zap+1","Dualcast","AscendersBane","Go for the Eyes","Leap","Conserve Battery","White Noise","Loop","Conserve Battery","Seek","Cold Snap","Rip and Tear+1","Glacier"],"relics":["Cracked Core","Golden Idol","Kunai","DataDisk","Black Star","Tiny Chest"],"potions_floor_usage":[13,16,23,23],"damage_taken":[{"damage":6,"enemies":"2 Louse","floor":1,"turns":3},{"damage":5,"enemies":"Small Slimes","floor":2,"turns":3},{"damage":2,"enemies":"Jaw Worm","floor":4,"turns":4},{"damage":37,"enemies":"Gremlin Nob","floor":10,"turns":5},{"damage":2,"enemies":"2 Fungi Beasts","floor":11,"turns":4},{"damage":3,"enemies":"Exordium Thugs","floor":13,"turns":3},{"damage":18,"enemies":"Hexaghost","floor":16,"turns":11},{"damage":0,"enemies":"Chosen","floor":18,"turns":5},{"damage":14,"enemies":"3 Byrds","floor":19,"turns":4},{"damage":8,"enemies":"Snake Plant","floor":22,"turns":6},{"damage":48,"enemies":"Gremlin Leader","floor":23,"turns":6}],"seed_played":"-7863899917642645068","potions_obtained":[{"floor":2,"key":"EssenceOfSteel"},{"floor":10,"key":"Block Potion"},{"floor":19,"key":"Poison Potion"}],"is_trial":false,"path_per_floor":["M","M","?","M","?","R","?","R","T","E","M","$","M","?","R","B",null,"M","M","$","?","M"],"character_chosen":"DEFECT","items_purchased":["Loop","Glacier","Tiny Chest","Dexterity Potion"],"campfire_rested":2,"item_purchase_floors":[12,20,20,20],"current_hp_per_floor":[69,64,44,42,42,42,42,66,66,29,27,27,24,24,48,30,69,69,55,55,47,39,0],"gold":102,"neow_bonus":"TEN_PERCENT_HP_BONUS","is_prod":false,"is_daily":false,"chose_seed":false,"campfire_upgraded":1,"win_rate":0,"timestamp":1538799756,"path_taken":["M","M","?","M","?","R","?","R","T","E","?","$","M","?","R","BOSS","M","M","$","?","M","E"],"build_version":"2018-10-04v2","purchased_purges":0,"victory":false,"max_hp_per_floor":[82,82,82,82,82,82,82,82,82,82,82,82,82,82,82,82,82,82,82,82,82,82,82],"card_choices":[{"not_picked":["Turbo","Sweeping Beam"],"picked":"Go for the Eyes","floor":1},{"not_picked":["Darkness","Sweeping Beam"],"picked":"Leap","floor":2},{"not_picked":["Steam Power","Streamline","Turbo"],"picked":"SKIP","floor":4},{"not_picked":["Compile Driver","Darkness"],"picked":"Conserve Battery","floor":10},{"not_picked":["Steam","Conserve Battery"],"picked":"White Noise","floor":11},{"not_picked":["Compile Driver","Streamline"],"picked":"Conserve Battery","floor":13},{"not_picked":["Meteor Strike","Buffer"],"picked":"Seek","floor":16},{"not_picked":["Beam Cell","Conserve Battery"],"picked":"Cold Snap","floor":18},{"not_picked":["Beam Cell","Hologram"],"picked":"Rip and Tear+1","floor":19},{"not_picked":["Blizzard","Leap","Darkness"],"picked":"SKIP","floor":22}],"player_experience":424649,"relics_obtained":[{"floor":9,"key":"Kunai"},{"floor":10,"key":"DataDisk"}],"event_choices":[{"event_name":"Golden Idol","player_choice":"Take Damage","floor":3,"damage_taken":0},{"event_name":"The Cleric","player_choice":"Card Removal","floor":5,"damage_taken":0},{"event_name":"Liars Game","player_choice":"disagreed","floor":7,"damage_taken":0},{"event_name":"Purifier","player_choice":"One Purge","floor":14,"damage_taken":0},{"event_name":"FaceTrader","player_choice":"Touch","floor":21,"damage_taken":0}],"is_beta":false,"boss_relics":[{"not_picked":["White Beast Statue","Eternal Feather"],"picked":"Black Star"}],"items_purged_floors":[],"is_endless":false,"potions_floor_spawned":[2,10,19],"killed_by":"Gremlin Leader","ascension_level":12}