{"gold_per_floor":[110,60,33,48,68,68,96,115,164,193,193,118,193,206,206,206],"floor_reached":16,"playtime":698,"items_purged":["Strike_R"],"score":132,"play_id":"873f1f9e-a9be-4c94-a821-452f7078edd1","local_time":"20181211162334","is_ascension_mode":true,"campfire_choices":[{"data":"Seeing Red","floor":6,"key":"SMITH"},{"floor":11,"key":"REST"},{"data":"Inflame","floor":15,"key":"SMITH"}],"neow_cost":"NONE","seed_source_timestamp":94082505548324,"circlet_count":0,"master_deck":["Strike_R","Strike_R","Strike_R","Defend_R","Defend_R","Defend_R","Defend_R","Bash","Heavy Blade","Thunderclap","Rampage","Seeing Red+1","Dropkick","Body Slam","Inflame+1","Dropkick"],"relics":["Burning Blood","Mercury Hourglass","Bag of Marbles","Potion Belt"],"potions_floor_usage":[7,16,16],"damage_taken":[{"damage":0,"enemies":"Small Slimes","floor":1,"turns":3},{"damage":14,"enemies":"Jaw Worm","floor":4,"turns":5},{"damage":0,"enemies":"2 Louse","floor":5,"turns":3},{"damage":34,"enemies":"Lagavulin","floor":7,"turns":7},{"damage":12,"enemies":"Exordium Thugs","floor":8,"turns":3},{"damage":35,"enemies":"3 Sentries","floor":10,"turns":7},{"damage":12,"enemies":"Exordium Wildlife","floor":14,"turns":3},{"damage":41,"enemies":"The Guardian","floor":16,"turns":10}],"seed_played":"-4390186450803337256","potions_obtained":[{"floor":4,"key":"EssenceOfSteel"},{"floor":10,"key":"BloodPotion"},{"floor":14,"key":"Fire Potion"}],"is_trial":false,"path_per_floor":["M","?","$","M","M","R","E","M","T","E","R","$","?","M","R","B"],"character_chosen":"IRONCLAD","items_purchased":["Thunderclap"],"campfire_rested":1,"item_purchase_floors":[3],"current_hp_per_floor":[88,88,88,80,86,86,58,52,52,23,49,49,38,32,32,0],"gold":206,"neow_bonus":"TEN_PERCENT_HP_BONUS","is_prod":false,"is_daily":false,"chose_seed":false,"campfire_upgraded":2,"win_rate":0,"timestamp":1544541814,"path_taken":["M","?","$","M","M","R","E","M","T","E","R","$","?","M","R","BOSS"],"build_version":"2018-12-06","purchased_purges":1,"victory":false,"max_hp_per_floor":[88,88,88,88,88,88,88,88,88,88,88,88,88,88,88,88],"card_choices":[{"not_picked":["Armaments","Iron Wave"],"picked":"Heavy Blade","floor":1},{"not_picked":["Hemokinesis","Pommel Strike"],"picked":"Rampage","floor":4},{"not_picked":["Dark Embrace","Entrench"],"picked":"Seeing Red","floor":5},{"not_picked":["Second Wind","Perfected Strike"],"picked":"Dropkick","floor":7},{"not_picked":["Clothesline","Uppercut"],"picked":"Body Slam","floor":8},{"not_picked":["Clothesline","Hemokinesis"],"picked":"Inflame","floor":10},{"not_picked":["Iron Wave","True Grit"],"picked":"Dropkick","floor":14}],"player_experience":288816,"relics_obtained":[{"floor":7,"key":"Mercury Hourglass"},{"floor":9,"key":"Bag of Marbles"},{"floor":10,"key":"Potion Belt"}],"event_choices":[{"cards_removed":["Strike_R"],"damage_healed":0,"gold_gain":0,"player_choice":"Card Removal","damage_taken":0,"max_hp_gain":0,"max_hp_loss":0,"event_name":"The Cleric","floor":2,"gold_loss":50},{"damage_healed":0,"gold_gain":75,"player_choice":"Gather Gold","damage_taken":11,"max_hp_gain":0,"max_hp_loss":0,"event_name":"World of Goop","floor":13,"gold_loss":0}],"is_beta":false,"boss_relics":[],"items_purged_floors":[12],"is_endless":false,"potions_floor_spawned":[4,10,14],"killed_by":"The Guardian","ascension_level":4}