{"gold_per_floor":[114,126,126,139,162,205,205,241,241,241,241,264,339,339],"floor_reached":14,"playtime":664,"items_purged":[],"score":180,"play_id":"96d59988-ade9-4de6-978f-6ae93e7a5efd","local_time":"20190407095057","is_ascension_mode":true,"campfire_choices":[{"data":"Bash","floor":7.0,"key":"SMITH"},{"data":"Exhume","floor":10.0,"key":"SMITH"}],"neow_cost":"NONE","seed_source_timestamp":0,"circlet_count":0,"master_deck":["AscendersBane","Strike_R","Strike_R","Strike_R","Strike_R","Defend_R","Defend_R","Defend_R","Defend_R","Bash+1","Cleave","Twin Strike","Exhume+1","Sword Boomerang+1"],"special_seed":0,"relics":["Burning Blood","Golden Idol","Dream Catcher","Molten Egg 2","Pear","Ginger"],"potions_floor_usage":[],"damage_taken":[{"damage":5.0,"enemies":"2 Louse","floor":1.0,"turns":3.0},{"damage":7.0,"enemies":"Jaw Worm","floor":2.0,"turns":3.0},{"damage":7.0,"enemies":"Small Slimes","floor":4.0,"turns":3.0},{"damage":13.0,"enemies":"Red Slaver","floor":5.0,"turns":4.0},{"damage":30.0,"enemies":"3 Sentries","floor":6.0,"turns":7.0},{"damage":16.0,"enemies":"Gremlin Nob","floor":8.0,"turns":3.0},{"damage":12.0,"enemies":"Looter","floor":12.0,"turns":3.0},{"damage":13.0,"enemies":"Gremlin Nob","floor":13.0,"turns":3.0},{"damage":30,"enemies":"Lagavulin","floor":14,"turns":3}],"seed_played":"-5441055843090944530","potions_obtained":[{"floor":1.0,"key":"FearPotion"},{"floor":5.0,"key":"FearPotion"},{"floor":12.0,"key":"Explosive Potion"},{"floor":13.0,"key":"Fire Potion"}],"is_trial":false,"path_per_floor":["M","M","?","M","M","E","R","E","T","R","?","M","?","E"],"character_chosen":"IRONCLAD","items_purchased":[],"campfire_rested":0,"item_purchase_floors":[],"current_hp_per_floor":[76,75,74,73,66,42,42,32,42,42,35,29,22,0],"gold":339,"neow_bonus":"TEN_PERCENT_HP_BONUS","is_prod":false,"is_daily":false,"chose_seed":false,"campfire_upgraded":2,"win_rate":0,"timestamp":1554655857,"path_taken":["M","M","?","M","M","E","R","E","T","R","?","M","?","E"],"build_version":"2019-01-23","purchased_purges":0,"victory":false,"max_hp_per_floor":[82,82,74,74,74,74,74,74,84,84,84,84,84,84],"card_choices":[{"not_picked":["Second Wind","Armaments"],"picked":"Cleave","floor":1.0},{"not_picked":["Perfected Strike","Barricade"],"picked":"Twin Strike","floor":2.0},{"not_picked":["Headbutt","Heavy Blade","Thunderclap"],"picked":"SKIP","floor":4.0},{"not_picked":["Iron Wave","Second Wind","Dual Wield"],"picked":"SKIP","floor":5.0},{"not_picked":["Bloodletting","Entrench","Cleave"],"picked":"SKIP","floor":6.0},{"not_picked":["Cleave","Infernal Blade"],"picked":"Exhume","floor":8.0},{"not_picked":["Armaments","Power Through"],"picked":"Sword Boomerang+1","floor":12.0}],"player_experience":451251,"relics_obtained":[{"floor":6.0,"key":"Dream Catcher"},{"floor":8.0,"key":"Molten Egg 2"},{"floor":9.0,"key":"Pear"},{"floor":13.0,"key":"Ginger"}],"event_choices":[{"damage_healed":0.0,"max_hp_gain":0.0,"max_hp_loss":8.0,"gold_gain":0.0,"event_name":"Golden Idol","player_choice":"Lose Max HP","floor":3.0,"gold_loss":0.0,"damage_taken":0.0,"relics_obtained":["Golden Idol"]},{"cards_removed":["Strike_R"],"damage_healed":0.0,"max_hp_gain":0.0,"max_hp_loss":0.0,"gold_gain":0.0,"event_name":"Golden Wing","player_choice":"Card Removal","floor":11.0,"gold_loss":0.0,"damage_taken":7.0},{"damage_healed":0.0,"max_hp_gain":0.0,"max_hp_loss":0.0,"gold_gain":0.0,"event_name":"Dead Adventurer","player_choice":"Searched \u00271\u0027 times","floor":13.0,"gold_loss":0.0,"damage_taken":0.0}],"is_beta":false,"boss_relics":[],"items_purged_floors":[],"is_endless":false,"potions_floor_spawned":[1,5,12,13],"killed_by":"Lagavulin","ascension_level":16}