{"gold_per_floor":[119,44,44,54,2,37,57,57,137,171,182,182,37,68,68,173,173,173,143,43,43,43,43,43,43,43,43,43,43,43,43,43,43,43,43,43,43,43,43,43,43,43,43,43,43,43,43,0,0,0],"floor_reached":51,"playtime":3934,"items_purged":["Defend_G","Strike_G"],"score":997,"play_id":"c6a65383-fb25-4ffa-9c73-1eb5bffe81fb","local_time":"20190414172758","is_ascension_mode":true,"campfire_choices":[{"data":"Acrobatics","floor":8.0,"key":"SMITH"},{"data":"Noxious Fumes","floor":12.0,"key":"SMITH"},{"data":"Neutralize","floor":15.0,"key":"SMITH"},{"data":"Well Laid Plans","floor":32.0,"key":"SMITH"},{"data":"After Image","floor":40,"key":"SMITH"},{"data":"Mind Blast","floor":42,"key":"SMITH"},{"floor":46,"key":"DIG"},{"floor":49,"key":"DIG"}],"neow_cost":"NONE","seed_source_timestamp":97233985906954,"circlet_count":0,"master_deck":["Defend_G","Defend_G","Defend_G","Strike_G","Strike_G","Strike_G","Survivor","Neutralize+1","Acrobatics+1","Noxious Fumes+1","Well Laid Plans+1","Deflect","Venomology","Backflip+1","Deflect+1","Escape Plan+1","After Image+1","Madness+1","Madness+1","Venomology+1","Mind Blast+1","Writhe","Caltrops+1"],"special_seed":0,"relics":["Ring of the Snake","NeowsBlessing","PreservedInsect","Paper Crane","Centennial Puzzle","Kunai","Bronze Scales","Bag of Preparation","Dead Branch","Ectoplasm","Unceasing Top","Toxic Egg 2","Happy Flower","Lantern","Shuriken","Ornamental Fan","Cursed Key","Shovel","Strawberry","MawBank","Red Mask","Bottled Tornado"],"potions_floor_usage":[39,44,44,44,44,50,50,50,50,50,50,50,50],"damage_taken":[{"damage":0.0,"enemies":"2 Louse","floor":1.0,"turns":1.0},{"damage":0.0,"enemies":"Jaw Worm","floor":4.0,"turns":1.0},{"damage":0.0,"enemies":"3 Sentries","floor":6.0,"turns":1.0},{"damage":0.0,"enemies":"Cultist","floor":7.0,"turns":4.0},{"damage":7.0,"enemies":"Lagavulin","floor":10.0,"turns":8.0},{"damage":6.0,"enemies":"Lots of Slimes","floor":11.0,"turns":3.0},{"damage":0.0,"enemies":"Gremlin Nob","floor":14.0,"turns":4.0},{"damage":0.0,"enemies":"Hexaghost","floor":16.0,"turns":10.0},{"damage":5.0,"enemies":"3 Byrds","floor":18.0,"turns":3.0},{"damage":0.0,"enemies":"2 Thieves","floor":19.0,"turns":2.0},{"damage":0.0,"enemies":"Colosseum Slavers","floor":22.0,"turns":5.0},{"damage":13.0,"enemies":"Colosseum Nobs","floor":22.0,"turns":5.0},{"damage":0.0,"enemies":"Book of Stabbing","floor":23.0,"turns":5.0},{"damage":10.0,"enemies":"Slavers","floor":25.0,"turns":5.0},{"damage":0.0,"enemies":"Centurion and Healer","floor":27.0,"turns":7.0},{"damage":0.0,"enemies":"Sentry and Sphere","floor":28.0,"turns":7.0},{"damage":0.0,"enemies":"Snecko","floor":31.0,"turns":7.0},{"damage":0.0,"enemies":"Collector","floor":33.0,"turns":11.0},{"damage":0.0,"enemies":"3 Shapes","floor":35.0,"turns":4.0},{"damage":0.0,"enemies":"3 Darklings","floor":37.0,"turns":5.0},{"damage":0,"enemies":"Jaw Worm Horde","floor":39,"turns":3},{"damage":27,"enemies":"2 Orb Walkers","floor":44,"turns":4},{"damage":0,"enemies":"Spire Growth","floor":47,"turns":5},{"damage":0,"enemies":"Donu and Deca","floor":50,"turns":7}],"seed_played":"-741034776975484489","potions_obtained":[{"floor":4.0,"key":"FairyPotion"},{"floor":6.0,"key":"Regen Potion"},{"floor":10.0,"key":"Fire Potion"},{"floor":14.0,"key":"SmokeBomb"},{"floor":27.0,"key":"Explosive Potion"},{"floor":35.0,"key":"GhostInAJar"},{"floor":47,"key":"Energy Potion"}],"is_trial":false,"path_per_floor":["M","$","?","M","?","E","M","R","T","E","M","R","$","E","R","B",null,"M","M","$","?","?","E","?","E","T","M","M","?","?","M","R","B",null,"M","?","M","?","M","R","?","R","T","?","T","R","M","?","R","B",null],"character_chosen":"THE_SILENT","items_purchased":["Bag of Preparation"],"campfire_rested":0,"item_purchase_floors":[13],"current_hp_per_floor":[70,70,58,58,58,58,58,58,58,64,58,58,58,58,58,58,70,65,65,65,65,52,52,52,42,42,42,42,42,65,65,65,65,70,70,61,61,61,61,61,61,61,61,39,46,46,46,46,46,46],"gold":0,"neow_bonus":"THREE_ENEMY_KILL","is_prod":false,"is_daily":false,"chose_seed":false,"campfire_upgraded":6,"win_rate":0,"timestamp":1555255678,"path_taken":["M","$","?","M","?","E","?","R","T","E","M","R","$","E","R","BOSS","M","M","?","?","?","E","?","E","T","M","?","?","?","M","R","BOSS","M","?","M","?","M","R","?","R","T","?","?","R","M","?","R","BOSS"],"build_version":"2019-01-23","purchased_purges":2,"victory":true,"max_hp_per_floor":[70,70,70,70,70,70,70,70,70,70,70,70,70,70,70,70,70,70,70,70,70,70,70,70,70,70,70,70,70,70,70,70,70,70,70,70,70,70,70,70,70,70,70,70,77,77,77,77,77,77],"card_choices":[{"not_picked":["Outmaneuver","Dagger Throw"],"picked":"Acrobatics","floor":1.0},{"not_picked":["Endless Agony","Accuracy","Masterful Stab"],"picked":"SKIP","floor":4.0},{"not_picked":["Dagger Spray","PiercingWail"],"picked":"Noxious Fumes","floor":6.0},{"not_picked":["Eviscerate","Expertise"],"picked":"Well Laid Plans","floor":7.0},{"not_picked":["Eviscerate","Deadly Poison","Wraith Form v2"],"picked":"SKIP","floor":10.0},{"not_picked":["Deadly Poison","Skewer"],"picked":"Deflect","floor":11.0},{"not_picked":["Dash","Slice","Leg Sweep"],"picked":"SKIP","floor":14.0},{"not_picked":["Unload","Bullet Time"],"picked":"Venomology","floor":16.0},{"not_picked":["Dagger Throw","Riddle With Holes"],"picked":"Backflip+1","floor":18.0},{"not_picked":["Concentrate+1","Endless Agony+1"],"picked":"Deflect","floor":22.0},{"not_picked":["PiercingWail+1","Distraction+1","Poisoned Stab"],"picked":"SKIP","floor":23.0},{"not_picked":["Cloak And Dagger+1","Backstab","Reflex+1"],"picked":"SKIP","floor":25.0},{"not_picked":["Finisher","Slice","Backstab"],"picked":"SKIP","floor":27.0},{"not_picked":["Cloak And Dagger+1","Tactician+1"],"picked":"Escape Plan+1","floor":28.0},{"not_picked":["Choke+1","Slice+1","Dodge and Roll+1"],"picked":"SKIP","floor":31.0},{"not_picked":["Grand Finale","Unload"],"picked":"After Image","floor":33.0},{"not_picked":["Bouncing Flask+1","Crippling Poison+1","Backflip+1"],"picked":"SKIP","floor":35.0},{"not_picked":["Dodge and Roll+1","Bouncing Flask+1","Deadly Poison+1"],"picked":"SKIP","floor":37.0},{"not_picked":["Riddle With Holes+1","Crippling Poison+1"],"picked":"Venomology+1","floor":39},{"not_picked":["Trip+1","Sadistic Nature"],"picked":"Mind Blast","floor":41},{"not_picked":["Finisher+1","Acrobatics+1"],"picked":"Caltrops+1","floor":47}],"player_experience":172910,"relics_obtained":[{"floor":6.0,"key":"Centennial Puzzle"},{"floor":9.0,"key":"Kunai"},{"floor":10.0,"key":"Bronze Scales"},{"floor":14.0,"key":"Dead Branch"},{"floor":22.0,"key":"Unceasing Top"},{"floor":22.0,"key":"Toxic Egg 2"},{"floor":23.0,"key":"Happy Flower"},{"floor":25.0,"key":"Lantern"},{"floor":26.0,"key":"Shuriken"},{"floor":44,"key":"Shovel"},{"floor":45,"key":"Strawberry"},{"floor":46,"key":"MawBank"},{"floor":49,"key":"Bottled Tornado"}],"event_choices":[{"damage_healed":0.0,"max_hp_gain":0.0,"max_hp_loss":0.0,"gold_gain":0.0,"event_name":"Scrap Ooze","player_choice":"Success","floor":3.0,"gold_loss":0.0,"damage_taken":12.0,"relics_obtained":["PreservedInsect"]},{"damage_healed":0.0,"max_hp_gain":0.0,"max_hp_loss":0.0,"gold_gain":0.0,"event_name":"WeMeetAgain","player_choice":"Paid Gold","floor":5.0,"gold_loss":52.0,"damage_taken":0.0,"relics_obtained":["Paper Crane"]},{"damage_healed":0.0,"max_hp_gain":0.0,"max_hp_loss":0.0,"gold_gain":0.0,"event_name":"Cursed Tome","player_choice":"Ignored","floor":21.0,"gold_loss":0.0,"damage_taken":0.0},{"damage_healed":0.0,"max_hp_gain":0.0,"max_hp_loss":0.0,"gold_gain":0.0,"event_name":"Colosseum","player_choice":"Fight","floor":22.0,"gold_loss":0.0,"damage_taken":0.0},{"damage_healed":0.0,"max_hp_gain":0.0,"max_hp_loss":0.0,"gold_gain":0.0,"event_name":"Colosseum","player_choice":"Fought Nobs","floor":22.0,"gold_loss":0.0,"damage_taken":0.0},{"cards_removed":["Strike_G"],"damage_healed":0.0,"max_hp_gain":0.0,"max_hp_loss":0.0,"gold_gain":0.0,"event_name":"Back to Basics","player_choice":"Elegance","floor":24.0,"gold_loss":0.0,"damage_taken":0.0},{"damage_healed":0.0,"max_hp_gain":0.0,"max_hp_loss":0.0,"gold_gain":0.0,"event_name":"The Mausoleum","player_choice":"Opened","floor":29.0,"gold_loss":0.0,"damage_taken":0.0,"relics_obtained":["Ornamental Fan"]},{"damage_healed":23.0,"max_hp_gain":0.0,"max_hp_loss":0.0,"gold_gain":0.0,"event_name":"The Library","player_choice":"Heal","floor":30.0,"gold_loss":0.0,"damage_taken":0.0},{"damage_healed":0.0,"max_hp_gain":0.0,"max_hp_loss":0.0,"gold_gain":0.0,"event_name":"Winding Halls","player_choice":"Embrace Madness","floor":36.0,"gold_loss":0.0,"damage_taken":9.0,"cards_obtained":["Madness","Madness"]},{"cards_removed":["Defend_G"],"damage_healed":0.0,"max_hp_gain":0.0,"max_hp_loss":0.0,"gold_gain":0.0,"event_name":"Falling","player_choice":"Removed Skill","floor":38.0,"gold_loss":0.0,"damage_taken":0.0},{"damage_healed":0,"gold_gain":0,"player_choice":"Memory 1","damage_taken":0,"max_hp_gain":0,"max_hp_loss":0,"event_name":"SensoryStone","floor":41,"gold_loss":0},{"damage_healed":0,"gold_gain":0,"player_choice":"Fight","damage_taken":0,"max_hp_gain":0,"max_hp_loss":0,"event_name":"Mysterious Sphere","floor":44,"gold_loss":0},{"damage_healed":0,"gold_gain":0,"player_choice":"Paid","damage_taken":0,"relics_obtained":["Red Mask"],"max_hp_gain":0,"max_hp_loss":0,"event_name":"Tomb of Lord Red Mask","floor":48,"gold_loss":43}],"is_beta":false,"boss_relics":[{"not_picked":["WristBlade","HoveringKite"],"picked":"Ectoplasm"},{"not_picked":["Astrolabe","Velvet Choker"],"picked":"Cursed Key"}],"items_purged_floors":[2,20],"is_endless":false,"potions_floor_spawned":[4,6,10,14,16,22,25,27,31,33,35,39,47],"ascension_level":1}