{"gold_per_floor":[117,129,204,75,75,75,134,34,34,47,47,60,38,38,38,133,133,146,146,21,21,45,45,122,122,122,156,167,167,177,177,177,279,279,297,297,297,322,337,337,364,12,12,29,0,15,15,27,27,27],"floor_reached":51,"playtime":1918,"items_purged":["Strike_B","Strike_B","Doom and Gloom","Defend_B"],"score":714,"play_id":"7917b01d-5934-40cf-990b-1e37d5fed889","local_time":"20180904130605","is_ascension_mode":false,"campfire_choices":[{"data":"Ball Lightning","floor":6,"key":"SMITH"},{"data":"Redo","floor":11,"key":"SMITH"},{"data":"Fusion","floor":15,"key":"SMITH"},{"data":"Electrodynamics","floor":23,"key":"SMITH"},{"data":"Ball Lightning","floor":25,"key":"SMITH"},{"data":"Zap","floor":29,"key":"SMITH"},{"data":"Sweeping Beam","floor":32,"key":"SMITH"},{"data":"Multi-Cast","floor":40,"key":"SMITH"},{"floor":49,"key":"REST"}],"neow_cost":"NONE","seed_source_timestamp":232614998812456,"circlet_count":0,"master_deck":["Defend_B","Zap+1","Dualcast+1","Genetic Algorithm","Sweeping Beam+1","Ball Lightning+1","Redo+1","Electrodynamics+1","Redo+1","Multi-Cast+1","Ball Lightning+1","Multi-Cast+1","Leap+1"],"relics":["Cracked Core","Potion Belt","Tiny Chest","Mercury Hourglass","Shuriken","Astrolabe","Ancient Tea Set","Meat on the Bone","Mummified Hand","Juzu Bracelet","Velvet Choker","Oddly Smooth Stone","Girya","ClockworkSouvenir","Bottled Lightning","Red Mask"],"potions_floor_usage":[7,33,50,50,50],"damage_taken":[{"damage":6,"enemies":"Jaw Worm","floor":1,"turns":3},{"damage":10,"enemies":"Small Slimes","floor":2,"turns":4},{"damage":9,"enemies":"Gremlin Nob","floor":7,"turns":3},{"damage":0,"enemies":"2 Louse","floor":10,"turns":2},{"damage":3,"enemies":"Looter","floor":12,"turns":2},{"damage":13,"enemies":"Slime Boss","floor":16,"turns":9},{"damage":10,"enemies":"3 Byrds","floor":18,"turns":2},{"damage":0,"enemies":"Slavers","floor":27,"turns":1},{"damage":0,"enemies":"Spheric Guardian","floor":28,"turns":2},{"damage":10,"enemies":"Cultist and Chosen","floor":30,"turns":3},{"damage":15,"enemies":"Collector","floor":33,"turns":6},{"damage":13,"enemies":"Orb Walker","floor":35,"turns":3},{"damage":3,"enemies":"3 Shapes","floor":39,"turns":1},{"damage":45,"enemies":"2 Orb Walkers","floor":41,"turns":4},{"damage":20,"enemies":"Transient","floor":44,"turns":5},{"damage":11,"enemies":"4 Shapes","floor":46,"turns":3},{"damage":0,"enemies":"3 Darklings","floor":48,"turns":2},{"damage":47,"enemies":"Donu and Deca","floor":50,"turns":6}],"seed_played":"7883366621745491531","potions_obtained":[{"floor":1,"key":"SkillPotion"},{"floor":16,"key":"Energy Potion"},{"floor":18,"key":"Strength Potion"},{"floor":30,"key":"SpeedPotion"},{"floor":33,"key":"Poison Potion"},{"floor":41,"key":"SteroidPotion"},{"floor":44,"key":"Weak Potion"},{"floor":48,"key":"Energy Potion"}],"is_trial":false,"path_per_floor":["M","M","?","$","?","R","E","$","T","M","R","M","$","T","R","B",null,"M","?","$","?","T","R","T","R","T","E","M","R","M","?","R","B",null,"M","?","?","T","M","R","E","$","T","M","?","M","?","M","R","B"],"character_chosen":"DEFECT","items_purchased":["Ball Lightning","Steam","ClockworkSouvenir"],"campfire_rested":1,"item_purchase_floors":[4,13,42],"current_hp_per_floor":[69,59,48,48,33,33,24,24,24,24,24,21,21,21,21,8,75,65,65,65,65,65,65,65,65,65,65,65,65,55,55,55,40,75,62,62,62,62,59,59,26,26,26,18,18,19,19,31,53,18],"gold":27,"neow_bonus":"RANDOM_COMMON_RELIC","is_prod":false,"is_daily":false,"chose_seed":false,"campfire_upgraded":8,"win_rate":0.0,"timestamp":1536059165,"path_taken":["M","M","?","$","?","R","E","$","T","?","R","M","$","?","R","BOSS","M","?","$","?","?","R","?","R","T","E","M","R","M","?","R","BOSS","M","?","?","?","M","R","E","$","T","M","?","M","?","M","R","BOSS"],"build_version":"2018-08-30","purchased_purges":4,"victory":true,"max_hp_per_floor":[75,75,75,75,75,75,75,75,75,75,75,75,75,75,75,75,75,75,75,75,75,75,75,75,75,75,75,75,75,75,75,75,75,75,75,75,75,75,75,75,75,75,75,75,75,75,75,75,75,75],"card_choices":[{"not_picked":["Self Repair","Hologram"],"picked":"Genetic Algorithm","floor":1},{"not_picked":["FTL","Heatsinks"],"picked":"Sweeping Beam","floor":2},{"not_picked":["Multi-Cast","Undo"],"picked":"Redo","floor":7},{"not_picked":["Go for the Eyes","Chill","Chaos"],"picked":"SKIP","floor":10},{"not_picked":["Coolheaded","Rebound"],"picked":"Fusion","floor":12},{"not_picked":["All For One","Amplify"],"picked":"Electrodynamics","floor":16},{"not_picked":["Conserve Battery","Consume"],"picked":"Ball Lightning","floor":18},{"not_picked":["Gash","Conserve Battery","Buffer"],"picked":"SKIP","floor":27},{"not_picked":["Rebound","Cold Snap","Steam+1"],"picked":"SKIP","floor":28},{"not_picked":["Blizzard","Sweeping Beam","Self Repair"],"picked":"SKIP","floor":30},{"not_picked":["Buffer","Rainbow"],"picked":"Multi-Cast","floor":33},{"not_picked":["Hologram+1","Stack+1","Rebound"],"picked":"SKIP","floor":35},{"not_picked":["Hologram","Leap","Compile Driver+1"],"picked":"SKIP","floor":39},{"not_picked":["Self Repair","Sweeping Beam"],"picked":"Leap+1","floor":41},{"not_picked":["Coolheaded+1","Go for the Eyes","Rebound"],"picked":"SKIP","floor":44},{"not_picked":["White Noise+1","Chill","Coolheaded"],"picked":"SKIP","floor":46},{"not_picked":["Storm+1","Go for the Eyes","Redo+1"],"picked":"SKIP","floor":48}],"player_experience":96728,"relics_obtained":[{"floor":7,"key":"Tiny Chest"},{"floor":9,"key":"Mercury Hourglass"},{"floor":14,"key":"Shuriken"},{"floor":22,"key":"Ancient Tea Set"},{"floor":24,"key":"Meat on the Bone"},{"floor":26,"key":"Mummified Hand"},{"floor":27,"key":"Juzu Bracelet"},{"floor":38,"key":"Oddly Smooth Stone"},{"floor":41,"key":"Girya"},{"floor":43,"key":"Bottled Lightning"}],"event_choices":[{"event_name":"World of Goop","player_choice":"Gather Gold","floor":3,"damage_taken":0},{"event_name":"Shining Light","player_choice":"Entered Light","floor":5,"damage_taken":0},{"event_name":"Transmorgrifier","player_choice":"Transform","floor":19,"damage_taken":0},{"event_name":"Purifier","player_choice":"One Purge","floor":21,"damage_taken":0},{"event_name":"Wheel of Change","player_choice":"Card Removal","floor":31,"damage_taken":0},{"event_name":"Falling","player_choice":"Removed Skill","floor":36,"damage_taken":0},{"event_name":"SensoryStone","player_choice":"Memory 1","floor":37,"damage_taken":0},{"event_name":"Tomb of Lord Red Mask","player_choice":"Paid","floor":45,"damage_taken":0},{"event_name":"Mysterious Sphere","player_choice":"Ignore","floor":47,"damage_taken":0}],"is_beta":false,"boss_relics":[{"not_picked":["Runic Dome","Tiny House"],"picked":"Astrolabe"},{"not_picked":["Empty Cage","Snecko Eye"],"picked":"Velvet Choker"}],"items_purged_floors":[4,8,20,42],"is_endless":false,"potions_floor_spawned":[1,16,18,30,33,41,44,48],"ascension_level":0}