{"gold_per_floor":[109,125,90,101,117,117,148,148,148,183,197,197,214,231,231,326,376,395,395,395,407,407,407,407],"floor_reached":24,"playtime":1269,"items_purged":[],"score":231,"play_id":"9b3f86d5-aa04-4e64-8d70-046fba4205ba","local_time":"20190506042354","is_ascension_mode":true,"campfire_choices":[{"floor":6,"key":"REST"},{"floor":8,"key":"REST"},{"floor":15,"key":"REST"},{"floor":23,"key":"REST"}],"neow_cost":"NONE","seed_source_timestamp":23130592267398,"circlet_count":0,"master_deck":["Defend_G","Defend_G","Defend_G","Defend_G","Defend_G","Strike_G","Strike_G","Strike_G","Strike_G","Strike_G","Survivor","Neutralize","Deep Breath","Heel Hook","Sucker Punch","Flying Knee","Crippling Poison","Dagger Spray","Dagger Throw+1","Predator","Outmaneuver","Cloak And Dagger","Bullet Time+1","Blade Dance","Well Laid Plans+1","Enlightenment","PanicButton","Footwork"],"relics":["Ring of the Snake","Happy Flower","Juzu Bracelet","Kunai","Tiny House"],"potions_floor_usage":[16,16,16,22,22],"damage_taken":[{"damage":9,"enemies":"Jaw Worm","floor":1,"turns":6},{"damage":4,"enemies":"Small Slimes","floor":2,"turns":4},{"damage":2,"enemies":"Cultist","floor":4,"turns":4},{"damage":20,"enemies":"Gremlin Gang","floor":5,"turns":6},{"damage":37,"enemies":"Gremlin Nob","floor":7,"turns":6},{"damage":24,"enemies":"3 Sentries","floor":10,"turns":8},{"damage":2,"enemies":"3 Louse","floor":11,"turns":2},{"damage":0,"enemies":"2 Fungi Beasts","floor":13,"turns":2},{"damage":6,"enemies":"Looter","floor":14,"turns":4},{"damage":5,"enemies":"Slime Boss","floor":16,"turns":8},{"damage":6,"enemies":"3 Byrds","floor":18,"turns":4},{"damage":22,"enemies":"Spheric Guardian","floor":21,"turns":5},{"damage":19,"enemies":"Snake Plant","floor":22,"turns":3},{"damage":43,"enemies":"Snecko","floor":24,"turns":6}],"seed_played":"-8702555906022777923","potions_obtained":[{"floor":5,"key":"FearPotion"},{"floor":10,"key":"Explosive Potion"},{"floor":11,"key":"Strength Potion"},{"floor":16,"key":"SmokeBomb"},{"floor":17,"key":"PowerPotion"}],"is_trial":false,"path_per_floor":["M","M","?","M","M","R","E","R","T","E","M","?","M","M","R","B",null,"M","?","?","M","M","R","M"],"character_chosen":"THE_SILENT","items_purchased":[],"campfire_rested":4,"item_purchase_floors":[],"current_hp_per_floor":[61,57,70,68,48,69,32,53,53,29,27,27,27,21,42,37,75,69,69,48,26,7,29,0],"gold":407,"neow_bonus":"RANDOM_COLORLESS","is_prod":false,"is_daily":false,"chose_seed":false,"campfire_upgraded":0,"win_rate":0,"timestamp":1557141834,"path_taken":["M","M","?","M","M","R","E","R","T","E","M","?","M","M","R","BOSS","M","?","?","M","M","R","M"],"build_version":"2019-01-23","purchased_purges":0,"victory":false,"max_hp_per_floor":[70,70,70,70,70,70,70,70,70,70,70,70,70,70,70,70,75,75,75,75,75,75,75,75],"card_choices":[{"not_picked":["Prepared","Accuracy"],"picked":"Heel Hook","floor":1},{"not_picked":["Endless Agony","PiercingWail"],"picked":"Sucker Punch","floor":2},{"not_picked":["Backflip","Sucker Punch"],"picked":"Flying Knee","floor":4},{"not_picked":["Setup","Deadly Poison"],"picked":"Crippling Poison","floor":5},{"not_picked":["Expertise","Accuracy"],"picked":"Dagger Spray","floor":7},{"not_picked":["Flechettes","Concentrate"],"picked":"Dagger Throw","floor":10},{"not_picked":["Noxious Fumes","Prepared"],"picked":"Predator","floor":11},{"not_picked":["Deadly Poison","Heel Hook"],"picked":"Outmaneuver","floor":13},{"not_picked":["Acrobatics","Sucker Punch"],"picked":"Cloak And Dagger","floor":14},{"not_picked":["Glass Knife","Envenom"],"picked":"Bullet Time","floor":16},{"not_picked":["Flying Knee","Acrobatics"],"picked":"Blade Dance","floor":17},{"not_picked":["Setup+1","Terror"],"picked":"Well Laid Plans+1","floor":18},{"not_picked":["Prepared+1","Finisher"],"picked":"Footwork","floor":21}],"player_experience":106921,"relics_obtained":[{"floor":7,"key":"Happy Flower"},{"floor":9,"key":"Juzu Bracelet"},{"floor":10,"key":"Kunai"}],"event_choices":[{"damage_healed":17,"gold_gain":0,"player_choice":"Healed","damage_taken":0,"max_hp_gain":0,"max_hp_loss":0,"event_name":"The Cleric","floor":3,"gold_loss":35},{"damage_healed":0,"gold_gain":0,"player_choice":"0 cards matched","damage_taken":0,"max_hp_gain":0,"max_hp_loss":0,"event_name":"Match and Keep!","floor":12,"gold_loss":0,"cards_obtained":[]},{"damage_healed":0,"gold_gain":0,"player_choice":"Forge","damage_taken":0,"max_hp_gain":0,"max_hp_loss":0,"event_name":"Accursed Blacksmith","floor":19,"gold_loss":0,"cards_upgraded":["Bullet Time"]},{"damage_healed":0,"gold_gain":0,"player_choice":"CARD CARD ","damage_taken":21,"max_hp_gain":0,"max_hp_loss":0,"event_name":"Knowing Skull","floor":20,"potions_obtained":[],"gold_loss":0,"cards_obtained":["Enlightenment","PanicButton"]}],"is_beta":false,"boss_relics":[{"not_picked":["Eternal Feather","Philosopher\u0027s Stone"],"picked":"Tiny House"}],"items_purged_floors":[],"is_endless":false,"potions_floor_spawned":[5,10,11,16,22],"killed_by":"Snecko","ascension_level":2}