{"gold_per_floor":[113,124,199,210,194,194,222,222,245,245,261,261,261],"floor_reached":13,"playtime":753,"items_purged":[],"score":143,"play_id":"279d0b2e-5f19-480f-bc96-b2d2dde684e0","local_time":"20190926144243","is_ascension_mode":true,"campfire_choices":[{"data":"Genetic Algorithm","floor":6,"key":"SMITH"},{"data":"Coolheaded","floor":8,"key":"SMITH"},{"data":"Glacier","floor":10,"key":"SMITH"}],"neow_cost":"NONE","seed_source_timestamp":1240201583922676,"circlet_count":0,"master_deck":["AscendersBane","Strike_B","Strike_B","Strike_B","Strike_B","Defend_B","Defend_B","Defend_B+1","Defend_B+1","Zap","Dualcast","Darkness","Genetic Algorithm+1","Rebound","Glacier+1","Coolheaded+1"],"relics":["Cracked Core","War Paint","Bag of Preparation","Omamori"],"potions_floor_usage":[12],"damage_taken":[{"damage":0,"enemies":"Small Slimes","floor":1,"turns":3},{"damage":0,"enemies":"2 Louse","floor":2,"turns":2},{"damage":11,"enemies":"Cultist","floor":4,"turns":4},{"damage":7,"enemies":"Exordium Thugs","floor":5,"turns":4},{"damage":20,"enemies":"3 Sentries","floor":7,"turns":9},{"damage":7,"enemies":"2 Fungi Beasts","floor":11,"turns":3},{"damage":0,"enemies":"Gremlin Nob","floor":12,"turns":1}],"seed_played":"-46367692641818939","potions_obtained":[{"floor":1,"key":"Ancient Potion"},{"floor":2,"key":"SmokeBomb"}],"is_trial":false,"path_per_floor":["M","M","?","M","M","R","E","R","T","R","M","E","?"],"character_chosen":"DEFECT","items_purchased":[],"campfire_rested":0,"item_purchase_floors":[],"current_hp_per_floor":[68,68,57,46,39,39,19,19,19,19,12,12,0],"gold":261,"neow_bonus":"RANDOM_COMMON_RELIC","is_prod":false,"is_daily":false,"chose_seed":false,"campfire_upgraded":3,"win_rate":0,"timestamp":1569523363,"path_taken":["M","M","?","M","M","R","E","R","T","R","M","E","?"],"build_version":"2019-07-17","purchased_purges":0,"victory":false,"max_hp_per_floor":[75,75,75,75,75,75,75,75,75,75,75,75,75],"card_choices":[{"not_picked":["Consume","Coolheaded"],"picked":"Darkness","floor":1},{"not_picked":["Ball Lightning","Coolheaded"],"picked":"Genetic Algorithm","floor":2},{"not_picked":["Chaos","Turbo"],"picked":"Rebound","floor":4},{"not_picked":["Turbo","Steam"],"picked":"Glacier","floor":5},{"not_picked":["Reprogram","Static Discharge"],"picked":"Coolheaded","floor":7},{"not_picked":["Fission","Chill","Steam Power"],"picked":"SKIP","floor":11}],"player_experience":427541,"relics_obtained":[{"floor":7,"key":"Bag of Preparation"},{"floor":9,"key":"Omamori"}],"event_choices":[{"damage_healed":0,"gold_gain":75,"player_choice":"Gather Gold","damage_taken":11,"max_hp_gain":0,"max_hp_loss":0,"event_name":"World of Goop","floor":3,"gold_loss":0}],"is_beta":false,"boss_relics":[],"items_purged_floors":[],"is_endless":false,"potions_floor_spawned":[1,2,12],"ascension_level":10}