{"gold_per_floor":[111,121,138,413,423,484,496,21,21,21,46,64,120,136,136,235,235,246,281,281,295,295,295,326,341,341,353,25,50,70,70,70,70],"floor_reached":33,"playtime":2001,"items_purged":["Regret"],"score":344,"play_id":"99e8d3b9-93b2-4529-b8c6-851bacf5c71c","local_time":"20190903235257","is_ascension_mode":true,"campfire_choices":[{"floor":10.0,"key":"REST"},{"floor":15.0,"key":"REST"},{"floor":23.0,"key":"REST"},{"floor":32,"key":"REST"}],"neow_cost":"NONE","seed_source_timestamp":0,"circlet_count":0,"master_deck":["Strike_R","Strike_R","Strike_R","Strike_R","Strike_R","Bash","Feel No Pain","Shrug It Off","Rupture","Headbutt","Bludgeon","Cleave","Wild Strike","Perfected Strike","Anger","Impervious","Dark Embrace+1","Iron Wave+1","Metallicize+1","Armaments+1","Shockwave+1","Flame Barrier","Fire Breathing","Iron Wave","Exhume+1","Seeing Red+1","Dual Wield+1","Bandage Up+1","Impervious+1","Infernal Blade+1"],"special_seed":0,"relics":["Burning Blood","Tiny Chest","Paper Frog","Vajra","Ornamental Fan","Mummified Hand","Bag of Preparation","Astrolabe","Red Mask","Toxic Egg 2","Dodecahedron","Mercury Hourglass","Bottled Lightning"],"potions_floor_usage":[33],"damage_taken":[{"damage":8.0,"enemies":"2 Louse","floor":1.0,"turns":3.0},{"damage":0.0,"enemies":"Cultist","floor":2.0,"turns":2.0},{"damage":0.0,"enemies":"Small Slimes","floor":3.0,"turns":2.0},{"damage":25.0,"enemies":"Looter","floor":5.0,"turns":4.0},{"damage":50.0,"enemies":"Gremlin Nob","floor":6.0,"turns":5.0},{"damage":11.0,"enemies":"2 Fungi Beasts","floor":7.0,"turns":3.0},{"damage":40.0,"enemies":"Lagavulin","floor":11.0,"turns":4.0},{"damage":3.0,"enemies":"Blue Slaver","floor":12.0,"turns":4.0},{"damage":15.0,"enemies":"Lagavulin Event","floor":13.0,"turns":5.0},{"damage":6.0,"enemies":"3 Louse","floor":14.0,"turns":2.0},{"damage":29.0,"enemies":"Hexaghost","floor":16.0,"turns":9.0},{"damage":10.0,"enemies":"Shell Parasite","floor":18.0,"turns":4.0},{"damage":22.0,"enemies":"Masked Bandits","floor":19.0,"turns":4.0},{"damage":20.0,"enemies":"Spheric Guardian","floor":21.0,"turns":5.0},{"damage":19.0,"enemies":"Gremlin Leader","floor":24.0,"turns":7.0},{"damage":10.0,"enemies":"Cultist and Chosen","floor":25.0,"turns":7.0},{"damage":3.0,"enemies":"Snecko","floor":27.0,"turns":5.0},{"damage":39.0,"enemies":"Slavers","floor":29.0,"turns":5.0},{"damage":26.0,"enemies":"Shelled Parasite and Fungi","floor":30.0,"turns":5.0},{"damage":61,"enemies":"Champ","floor":33,"turns":11}],"seed_played":"-3923603286673238870","potions_obtained":[{"floor":0.0,"key":"PowerPotion"},{"floor":0.0,"key":"FearPotion"},{"floor":0.0,"key":"Fire Potion"},{"floor":2.0,"key":"Fire Potion"},{"floor":7.0,"key":"Regen Potion"},{"floor":12.0,"key":"Weak Potion"},{"floor":18.0,"key":"LiquidBronze"},{"floor":19.0,"key":"GamblersBrew"},{"floor":25.0,"key":"LiquidBronze"},{"floor":30,"key":"Strength Potion"}],"is_trial":false,"path_per_floor":["M","M","M","?","M","E","M","$","T","R","E","M","?","M","R","B",null,"M","?","?","M","?","R","E","M","T","M","$","E","M","$","R","B"],"character_chosen":"IRONCLAD","items_purchased":["Paper Frog","Vajra","Mercury Hourglass","Bandage Up+1"],"campfire_rested":4,"item_purchase_floors":[8,8,28,28],"current_hp_per_floor":[78,80,80,80,61,17,12,12,12,36,14,17,8,8,32,9,80,76,60,60,46,46,70,57,53,53,56,56,29,21,21,45,0],"gold":70,"neow_bonus":"THREE_SMALL_POTIONS","is_prod":false,"is_daily":false,"chose_seed":false,"campfire_upgraded":0,"win_rate":0,"timestamp":1567579977,"path_taken":["M","M","M","?","?","E","M","?","T","R","E","M","?","M","R","BOSS","M","?","?","M","?","R","E","M","T","M","$","E","M","$","R","BOSS"],"build_version":"2019-07-17","purchased_purges":1,"victory":false,"max_hp_per_floor":[80,80,80,80,80,80,80,80,80,80,80,80,80,80,80,80,80,80,80,80,80,80,80,80,80,80,80,80,80,80,80,80,80],"card_choices":[{"not_picked":["True Grit","Warcry"],"picked":"Feel No Pain","floor":1.0},{"not_picked":["Perfected Strike","True Grit"],"picked":"Shrug It Off","floor":2.0},{"not_picked":["Power Through","Whirlwind"],"picked":"Rupture","floor":3.0},{"not_picked":["Sword Boomerang","Combust"],"picked":"Headbutt","floor":5.0},{"not_picked":["Dual Wield","Flex"],"picked":"Bludgeon","floor":6.0},{"not_picked":["Fire Breathing","Wild Strike"],"picked":"Cleave","floor":7.0},{"not_picked":["Blood for Blood","Havoc"],"picked":"Wild Strike","floor":11.0},{"not_picked":["Twin Strike","Pommel Strike"],"picked":"Perfected Strike","floor":12.0},{"not_picked":["Thunderclap","Shrug It Off"],"picked":"Armaments","floor":13.0},{"not_picked":["Bloodletting","Cleave"],"picked":"Anger","floor":14.0},{"not_picked":["Double Tap","Juggernaut"],"picked":"Impervious","floor":16.0},{"not_picked":["Disarm","Twin Strike"],"picked":"Armaments+1","floor":18.0},{"not_picked":["Iron Wave","Clothesline"],"picked":"Shockwave+1","floor":19.0},{"not_picked":["Shockwave","Sword Boomerang"],"picked":"Iron Wave","floor":21.0},{"not_picked":["Rage","Pommel Strike"],"picked":"Exhume","floor":24.0},{"not_picked":["Flex+1","Pummel"],"picked":"Seeing Red+1","floor":25.0},{"not_picked":["True Grit+1","Battle Trance+1"],"picked":"Dual Wield+1","floor":27.0},{"not_picked":["Entrench+1","Wild Strike"],"picked":"Impervious+1","floor":29.0},{"not_picked":["Anger","Perfected Strike"],"picked":"Infernal Blade+1","floor":30}],"player_experience":265323,"relics_obtained":[{"floor":6.0,"key":"Tiny Chest"},{"floor":9.0,"key":"Ornamental Fan"},{"floor":11.0,"key":"Mummified Hand"},{"floor":13.0,"key":"Bag of Preparation"},{"floor":19.0,"key":"Red Mask"},{"floor":24.0,"key":"Toxic Egg 2"},{"floor":26.0,"key":"Dodecahedron"},{"floor":29.0,"key":"Bottled Lightning"}],"event_choices":[{"damage_healed":0.0,"max_hp_gain":0.0,"max_hp_loss":0.0,"gold_gain":275.0,"event_name":"Golden Shrine","player_choice":"Desecrate","floor":4.0,"gold_loss":0.0,"damage_taken":0.0,"cards_obtained":["Regret"]},{"damage_healed":0.0,"max_hp_gain":0.0,"max_hp_loss":0.0,"gold_gain":0.0,"event_name":"Dead Adventurer","player_choice":"Searched \u00272\u0027 times","floor":13.0,"gold_loss":0.0,"damage_taken":0.0},{"damage_healed":0.0,"max_hp_gain":0.0,"max_hp_loss":0.0,"gold_gain":0.0,"event_name":"Masked Bandits","player_choice":"Fought Bandits","floor":19.0,"gold_loss":0.0,"damage_taken":0.0},{"damage_healed":0.0,"max_hp_gain":0.0,"max_hp_loss":0.0,"gold_gain":0.0,"cards_transformed":["Defend_R","Armaments"],"event_name":"Drug Dealer","player_choice":"Became Test Subject","floor":20.0,"gold_loss":0.0,"damage_taken":0.0,"cards_obtained":["Flame Barrier","Fire Breathing"]},{"damage_healed":0.0,"max_hp_gain":0.0,"max_hp_loss":0.0,"gold_gain":0.0,"event_name":"Ghosts","player_choice":"Ignored","floor":22.0,"gold_loss":0.0,"damage_taken":0.0}],"is_beta":false,"boss_relics":[{"not_picked":["Eternal Feather","Coffee Dripper"],"picked":"Astrolabe"}],"items_purged_floors":[8],"is_endless":false,"potions_floor_spawned":[2,7,12,18,19,25,30],"killed_by":"Champ","ascension_level":3}