{"gold_per_floor":[116,116,136,152,169,197,197,197,266,292,292,327,23,23,23,99,99,112,112,37,37,37,37,65,76,76,109,9,9,42,57,57,57],"floor_reached":33,"playtime":1323,"items_purged":["Parasite","Strike_B"],"score":574,"play_id":"ad0c63a5-f182-4e93-b992-f912025bfd66","local_time":"20191027012128","is_ascension_mode":true,"campfire_choices":[{"floor":8,"key":"REST"},{"data":"Self Repair","floor":11,"key":"SMITH"},{"data":"Beam Cell","floor":15,"key":"SMITH"},{"data":"Electrodynamics","floor":23,"key":"SMITH"},{"data":"Loop","floor":29,"key":"SMITH"},{"floor":32,"key":"REST"}],"neow_cost":"NONE","seed_source_timestamp":1441976982335300,"circlet_count":0,"master_deck":["AscendersBane","Strike_B","Strike_B","Strike_B","Defend_B","Defend_B","Defend_B","Defend_B","Zap","Dualcast","Cold Snap","Rebound","Streamline","Rip and Tear","Cold Snap","Self Repair+1","Beam Cell+1","Electrodynamics+1","Coolheaded","Loop+1","Capacitor","Steam","Conserve Battery"],"relics":["Cracked Core","PreservedInsect","Incense Burner","Cables","Potion Belt","Bronze Scales","Sling","Matryoshka","Eternal Feather","Centennial Puzzle","Regal Pillow","Strawberry","Gambling Chip","Bird Faced Urn","Dodecahedron"],"potions_floor_usage":[12,16,16,16,16,16,27,27,30],"damage_taken":[{"damage":7,"enemies":"Small Slimes","floor":1,"turns":3},{"damage":5,"enemies":"Jaw Worm","floor":3,"turns":3},{"damage":1,"enemies":"2 Louse","floor":4,"turns":3},{"damage":19,"enemies":"Exordium Thugs","floor":5,"turns":5},{"damage":24,"enemies":"Lagavulin","floor":6,"turns":4},{"damage":6,"enemies":"Gremlin Nob","floor":10,"turns":3},{"damage":15,"enemies":"Lagavulin","floor":12,"turns":5},{"damage":25,"enemies":"The Guardian","floor":16,"turns":8},{"damage":4,"enemies":"3 Byrds","floor":18,"turns":3},{"damage":16,"enemies":"Gremlin Leader","floor":24,"turns":3},{"damage":10,"enemies":"Chosen","floor":25,"turns":3},{"damage":34,"enemies":"Book of Stabbing","floor":27,"turns":3},{"damage":6,"enemies":"Gremlin Leader","floor":30,"turns":3},{"damage":20,"enemies":"Snecko","floor":31,"turns":3},{"damage":84,"enemies":"Automaton","floor":33,"turns":10}],"seed_played":"5800999948117351512","potions_obtained":[{"floor":5,"key":"LiquidBronze"},{"floor":6,"key":"SkillPotion"},{"floor":10,"key":"EntropicBrew"},{"floor":12,"key":"PowerPotion"},{"floor":18,"key":"Explosive Potion"},{"floor":24,"key":"Energy Potion"},{"floor":25,"key":"PowerPotion"}],"is_trial":false,"path_per_floor":["M","?","M","M","M","E","?","R","T","E","R","E","$","T","R","B",null,"M","?","?","$","?","R","E","M","T","E","$","R","E","M","R","B"],"character_chosen":"DEFECT","items_purchased":["Sling"],"campfire_rested":2,"item_purchase_floors":[13],"current_hp_per_floor":[57,57,52,51,32,8,25,46,46,40,40,35,35,35,35,20,56,62,62,62,62,62,68,62,62,69,35,35,47,47,33,75,0],"gold":57,"neow_bonus":"RANDOM_COMMON_RELIC","is_prod":false,"is_daily":false,"chose_seed":false,"campfire_upgraded":4,"win_rate":0,"timestamp":1572153688,"path_taken":["M","?","M","M","M","E","?","R","T","E","R","E","$","?","R","BOSS","M","?","?","$","?","R","E","M","T","E","$","R","E","M","R","BOSS"],"build_version":"2019-07-17","purchased_purges":2,"victory":false,"max_hp_per_floor":[71,71,71,71,71,71,71,71,71,71,71,71,68,68,68,68,68,68,68,68,68,68,68,68,68,75,75,75,75,75,75,75,75],"card_choices":[{"not_picked":["Rebound","Hologram"],"picked":"Cold Snap","floor":1},{"not_picked":["Aggregate","Stack"],"picked":"Rebound","floor":3},{"not_picked":["Scrape","Steam Power"],"picked":"Streamline","floor":4},{"not_picked":["Machine Learning","Cold Snap"],"picked":"Rip and Tear","floor":5},{"not_picked":["Compile Driver","Darkness"],"picked":"Cold Snap","floor":6},{"not_picked":["Undo","Barrage"],"picked":"Self Repair","floor":10},{"not_picked":["Consume","Thunder Strike"],"picked":"Beam Cell","floor":12},{"not_picked":["Multi-Cast","Echo Form"],"picked":"Electrodynamics","floor":16},{"not_picked":["Streamline","Cold Snap"],"picked":"Coolheaded","floor":18},{"not_picked":["Stack","Force Field+1"],"picked":"Loop","floor":24},{"not_picked":["Conserve Battery","Defragment"],"picked":"Capacitor","floor":25},{"not_picked":["Doom and Gloom","Sweeping Beam","Redo"],"picked":"SKIP","floor":27},{"not_picked":["Reboot","Tempest"],"picked":"Steam","floor":30},{"not_picked":["Sweeping Beam","Lockon"],"picked":"Conserve Battery","floor":31}],"player_experience":632104,"relics_obtained":[{"floor":6,"key":"Incense Burner"},{"floor":9,"key":"Cables"},{"floor":10,"key":"Potion Belt"},{"floor":12,"key":"Bronze Scales"},{"floor":14,"key":"Matryoshka"},{"floor":24,"key":"Regal Pillow"},{"floor":26,"key":"Strawberry"},{"floor":26,"key":"Gambling Chip"},{"floor":27,"key":"Bird Faced Urn"},{"floor":30,"key":"Dodecahedron"}],"event_choices":[{"damage_healed":0,"gold_gain":0,"player_choice":"Ignored","damage_taken":0,"max_hp_gain":0,"max_hp_loss":0,"event_name":"Golden Wing","floor":2,"gold_loss":0},{"damage_healed":17,"gold_gain":0,"player_choice":"Healed and dodged fight","damage_taken":0,"max_hp_gain":0,"max_hp_loss":0,"event_name":"Mushrooms","floor":7,"gold_loss":0,"cards_obtained":["Parasite"]},{"damage_healed":0,"gold_gain":0,"player_choice":"Opened","damage_taken":0,"relics_obtained":["Centennial Puzzle"],"max_hp_gain":0,"max_hp_loss":0,"event_name":"The Mausoleum","floor":19,"gold_loss":0,"cards_obtained":["Writhe"]},{"cards_removed":["Writhe"],"damage_healed":0,"gold_gain":0,"player_choice":"Gave Gold","damage_taken":0,"max_hp_gain":0,"max_hp_loss":0,"event_name":"Beggar","floor":20,"gold_loss":75},{"damage_healed":0,"gold_gain":0,"player_choice":"Ignored","damage_taken":0,"max_hp_gain":0,"max_hp_loss":0,"event_name":"N\u0027loth","floor":22,"gold_loss":0}],"is_beta":false,"boss_relics":[{"not_picked":["Sozu","Philosopher\u0027s Stone"],"picked":"Eternal Feather"}],"items_purged_floors":[13,28],"is_endless":false,"potions_floor_spawned":[5,6,10,12,18,24,25],"killed_by":"Automaton","ascension_level":16}