{"gold_per_floor":[112,127,127,3,15,43,43,58,84,94,59,70,100,5,5,110,110,124,124,139,159,19,19],"floor_reached":23,"playtime":827,"items_purged":[],"score":262,"play_id":"5ea1b84f-626d-419d-9558-6bf8fca361cf","local_time":"20190906022555","is_ascension_mode":true,"campfire_choices":[{"floor":7,"key":"RECALL"},{"data":"Madness","floor":15,"key":"SMITH"}],"neow_cost":"NONE","seed_source_timestamp":870617879099500,"circlet_count":0,"master_deck":["Strike_R","Strike_R","Strike_R","Strike_R","Strike_R","Defend_R","Defend_R","Defend_R","Defend_R","Bash","Pommel Strike","Perfected Strike","Trip","Wild Strike","Armaments","Thunderclap","Perfected Strike","Evolve","Offering","Bludgeon","Madness+1","Barricade","Clothesline","Headbutt","Twin Strike","Mind Blast","Pommel Strike"],"relics":["Burning Blood","NeowsBlessing","Happy Flower","Anchor","Cursed Key"],"potions_floor_usage":[6,16,16,16],"damage_taken":[{"damage":0,"enemies":"Small Slimes","floor":1,"turns":1},{"damage":0,"enemies":"Cultist","floor":2,"turns":1},{"damage":0,"enemies":"Jaw Worm","floor":5,"turns":1},{"damage":55,"enemies":"3 Sentries","floor":6,"turns":9},{"damage":13,"enemies":"3 Louse","floor":8,"turns":2},{"damage":11,"enemies":"Looter","floor":10,"turns":2},{"damage":4,"enemies":"2 Fungi Beasts","floor":12,"turns":2},{"damage":6,"enemies":"Gremlin Nob","floor":13,"turns":2},{"damage":23,"enemies":"The Guardian","floor":16,"turns":5},{"damage":9,"enemies":"3 Byrds","floor":18,"turns":4},{"damage":2,"enemies":"Shell Parasite","floor":20,"turns":3},{"damage":32,"enemies":"3 Cultists","floor":21,"turns":5},{"damage":40,"enemies":"Slavers","floor":23,"turns":3}],"seed_played":"7115579260786991492","potions_obtained":[{"floor":5,"key":"BloodPotion"},{"floor":8,"key":"SkillPotion"},{"floor":12,"key":"Strength Potion"},{"floor":13,"key":"AttackPotion"}],"is_trial":false,"path_per_floor":["M","M","?","$","M","E","R","M","T","M","$","M","E","$","R","B",null,"M","?","M","M","$","E"],"character_chosen":"IRONCLAD","items_purchased":["Perfected Strike","Trip","Evolve","Madness","Mind Blast","Pommel Strike"],"campfire_rested":0,"item_purchase_floors":[4,4,11,14,22,22],"current_hp_per_floor":[80,80,80,80,80,51,51,44,44,39,39,41,41,41,41,24,80,77,62,66,40,40,0],"gold":19,"neow_bonus":"THREE_ENEMY_KILL","is_prod":false,"is_daily":false,"chose_seed":false,"campfire_upgraded":1,"win_rate":0,"timestamp":1567761955,"path_taken":["M","M","?","?","M","E","R","M","T","M","$","?","E","$","R","BOSS","M","?","M","M","$","E"],"build_version":"2019-07-17","purchased_purges":0,"victory":false,"max_hp_per_floor":[80,80,80,80,80,80,80,80,80,80,80,80,80,80,80,80,80,80,85,85,85,85,85],"card_choices":[{"not_picked":["Flex","Sentinel"],"picked":"Pommel Strike","floor":1},{"not_picked":["Pommel Strike","Anger"],"picked":"Pummel","floor":2},{"not_picked":["Pummel","Feel No Pain"],"picked":"Wild Strike","floor":5},{"not_picked":["Seeing Red","Havoc"],"picked":"Armaments","floor":6},{"not_picked":["Battle Trance","Wild Strike"],"picked":"Thunderclap","floor":8},{"not_picked":["Heavy Blade","Havoc"],"picked":"Perfected Strike","floor":10},{"not_picked":["Burning Pact","Uppercut"],"picked":"Offering","floor":12},{"not_picked":["Headbutt","Cleave"],"picked":"Bludgeon","floor":13},{"not_picked":["Impervious","Reaper"],"picked":"Barricade","floor":16},{"not_picked":["Warcry","Second Wind"],"picked":"Clothesline","floor":18},{"not_picked":["Wild Strike+1","Thunderclap"],"picked":"Headbutt","floor":20},{"not_picked":["Pommel Strike","Hemokinesis+1"],"picked":"Twin Strike","floor":21}],"player_experience":272627,"relics_obtained":[{"floor":6,"key":"Happy Flower"},{"floor":13,"key":"Anchor"}],"event_choices":[{"cards_removed":["Pummel"],"damage_healed":0,"gold_gain":0,"player_choice":"Offered Uncommon","damage_taken":0,"max_hp_gain":0,"max_hp_loss":0,"event_name":"Bonfire Elementals","floor":3,"gold_loss":0},{"damage_healed":0,"gold_gain":0,"player_choice":"Shed Blood","damage_taken":20,"max_hp_gain":5,"max_hp_loss":0,"event_name":"Forgotten Altar","floor":19,"gold_loss":0}],"is_beta":false,"boss_relics":[{"not_picked":["Ectoplasm","Runic Cube"],"picked":"Cursed Key"}],"items_purged_floors":[],"is_endless":false,"potions_floor_spawned":[5,8,12,13],"killed_by":"Slavers","ascension_level":3}