{"gold_per_floor":[117,135,152,167,64,97,97,125,205,205,224,224,189,203,203,203],"floor_reached":16,"playtime":893,"items_purged":[],"score":123,"play_id":"b01039ea-3050-47ce-8a8c-800352aad258","local_time":"20190521012152","is_ascension_mode":true,"campfire_choices":[{"floor":10,"key":"REST"},{"data":"Tools of the Trade","floor":15,"key":"SMITH"}],"neow_cost":"NONE","seed_source_timestamp":360301384827313,"circlet_count":0,"master_deck":["Defend_G","Defend_G","Defend_G","Defend_G","Defend_G","Strike_G","Strike_G","Strike_G","Strike_G","Survivor","Neutralize","Quick Slash","Heel Hook","Accuracy","Outmaneuver","Cloak And Dagger","Backflip","Crippling Poison","Cloak And Dagger","Sucker Punch","Caltrops","Tools of the Trade+1"],"relics":["Ring of the Snake","Lantern","Omamori","Peace Pipe","Pantograph","Golden Idol"],"potions_floor_usage":[6,8,16],"damage_taken":[{"damage":7,"enemies":"Small Slimes","floor":1,"turns":4},{"damage":0,"enemies":"2 Louse","floor":2,"turns":2},{"damage":0,"enemies":"Jaw Worm","floor":3,"turns":3},{"damage":0,"enemies":"2 Fungi Beasts","floor":4,"turns":3},{"damage":12,"enemies":"Lagavulin","floor":6,"turns":6},{"damage":19,"enemies":"Gremlin Nob","floor":8,"turns":5},{"damage":17,"enemies":"3 Louse","floor":11,"turns":3},{"damage":6,"enemies":"Red Slaver","floor":14,"turns":4},{"damage":71,"enemies":"Slime Boss","floor":16,"turns":16}],"seed_played":"-2233105718718172046","potions_obtained":[{"floor":2,"key":"PowerPotion"},{"floor":3,"key":"SmokeBomb"},{"floor":4,"key":"Fire Potion"},{"floor":14,"key":"Swift Potion"}],"is_trial":false,"path_per_floor":["M","M","M","M","$","E","?","E","T","R","M","?","?","M","R","B"],"character_chosen":"THE_SILENT","items_purchased":["Cloak And Dagger","Backflip"],"campfire_rested":1,"item_purchase_floors":[5,5],"current_hp_per_floor":[63,63,63,63,63,51,51,32,32,53,36,36,53,47,47,0],"gold":203,"neow_bonus":"RANDOM_COMMON_RELIC","is_prod":false,"is_daily":false,"chose_seed":false,"campfire_upgraded":1,"win_rate":0,"timestamp":1558426912,"path_taken":["M","M","M","M","$","E","?","E","T","R","M","?","?","M","R","BOSS"],"build_version":"2019-01-23","purchased_purges":0,"victory":false,"max_hp_per_floor":[70,70,70,70,70,70,70,70,70,70,70,70,70,70,70,70],"card_choices":[{"not_picked":["Acrobatics","Concentrate"],"picked":"Quick Slash","floor":1},{"not_picked":["Slice","Bouncing Flask"],"picked":"Heel Hook","floor":2},{"not_picked":["Dodge and Roll","Bane"],"picked":"Accuracy","floor":3},{"not_picked":["Backflip","Quick Slash"],"picked":"Outmaneuver","floor":4},{"not_picked":["Accuracy","PiercingWail"],"picked":"Crippling Poison","floor":6},{"not_picked":["Cloak And Dagger","Dodge and Roll"],"picked":"Sucker Punch","floor":8},{"not_picked":["Terror","Slice"],"picked":"Caltrops","floor":11},{"not_picked":["Prepared","Expertise"],"picked":"Tools of the Trade","floor":14}],"player_experience":152359,"relics_obtained":[{"floor":6,"key":"Omamori"},{"floor":8,"key":"Peace Pipe"},{"floor":9,"key":"Pantograph"}],"event_choices":[{"damage_healed":0,"gold_gain":0,"cards_transformed":["Strike_G"],"player_choice":"Change","damage_taken":0,"max_hp_gain":0,"max_hp_loss":0,"event_name":"Living Wall","floor":7,"gold_loss":0,"cards_obtained":["Cloak And Dagger"]},{"damage_healed":0,"gold_gain":0,"player_choice":"Take Wound","damage_taken":0,"relics_obtained":["Golden Idol"],"max_hp_gain":0,"max_hp_loss":0,"event_name":"Golden Idol","floor":12,"gold_loss":0,"cards_obtained":["Injury"]},{"damage_healed":17,"gold_gain":0,"player_choice":"Healed","damage_taken":0,"max_hp_gain":0,"max_hp_loss":0,"event_name":"The Cleric","floor":13,"gold_loss":35}],"is_beta":false,"boss_relics":[],"items_purged_floors":[],"is_endless":false,"potions_floor_spawned":[2,3,4,14],"killed_by":"Slime Boss","ascension_level":2}