{"gold_per_floor":[112,123,135,7,7,7,65,85,85,118,118,141,141,158,158,230,230,245,245,259,277,68,68,83,83,108,108],"floor_reached":27,"playtime":1392,"items_purged":["Defend_B"],"score":413,"play_id":"61899190-c512-42a3-a1f0-c4c04c6f7df7","local_time":"20191029163916","is_ascension_mode":true,"campfire_choices":[{"data":"Zap","floor":6,"key":"SMITH"},{"floor":11,"key":"REST"},{"data":"Echo Form","floor":15,"key":"SMITH"},{"floor":23,"key":"REST"},{"floor":25,"key":"REST"}],"neow_cost":"NONE","seed_source_timestamp":1669822431273300,"circlet_count":0,"master_deck":["AscendersBane","Strike_B","Strike_B","Strike_B","Strike_B","Defend_B+1","Defend_B","Defend_B+1","Zap+1","Dualcast","Echo Form+1","Leap","Capacitor","Conserve Battery","Barrage","Double Energy","Auto Shields","Compile Driver","Loop","Electrodynamics+1","Glacier","Steam","Turbo","Barrage","Hologram","Apotheosis","Cold Snap"],"relics":["Cracked Core","Tiny Chest","War Paint","Pantograph","Ancient Tea Set","Orrery","PreservedInsect"],"potions_floor_usage":[7,7,14,27],"damage_taken":[{"damage":4,"enemies":"Jaw Worm","floor":1,"turns":4},{"damage":0,"enemies":"2 Louse","floor":2,"turns":4},{"damage":6,"enemies":"Cultist","floor":3,"turns":4},{"damage":31,"enemies":"Gremlin Nob","floor":7,"turns":4},{"damage":0,"enemies":"2 Fungi Beasts","floor":8,"turns":4},{"damage":6,"enemies":"Lagavulin","floor":10,"turns":6},{"damage":19,"enemies":"Exordium Wildlife","floor":14,"turns":5},{"damage":37,"enemies":"Hexaghost","floor":16,"turns":13},{"damage":13,"enemies":"Spheric Guardian","floor":18,"turns":7},{"damage":24,"enemies":"Shell Parasite","floor":20,"turns":6},{"damage":5,"enemies":"Snecko","floor":21,"turns":8},{"damage":26,"enemies":"Centurion and Healer","floor":24,"turns":7},{"damage":35,"enemies":"Book of Stabbing","floor":27,"turns":5}],"seed_played":"7778136820003897762","potions_obtained":[{"floor":1,"key":"Strength Potion"},{"floor":2,"key":"Energy Potion"},{"floor":8,"key":"SpeedPotion"},{"floor":10,"key":"Regen Potion"},{"floor":21,"key":"Weak Potion"}],"is_trial":false,"path_per_floor":["M","M","M","$","?","R","E","M","T","E","R","T","?","M","R","B",null,"M","?","M","M","$","R","M","R","T","E"],"character_chosen":"DEFECT","items_purchased":["Barrage","Apotheosis"],"campfire_rested":3,"item_purchase_floors":[4,22],"current_hp_per_floor":[60,60,54,54,49,49,18,18,18,12,33,33,33,28,28,16,57,44,44,20,15,15,36,10,31,31,0],"gold":108,"neow_bonus":"ONE_RANDOM_RARE_CARD","is_prod":false,"is_daily":false,"chose_seed":false,"campfire_upgraded":2,"win_rate":0,"timestamp":1572381556,"path_taken":["M","M","M","$","?","R","E","M","T","E","R","?","?","M","R","BOSS","M","?","M","?","$","R","M","R","T","E"],"build_version":"2019-07-17","purchased_purges":1,"victory":false,"max_hp_per_floor":[71,71,71,71,71,71,71,71,71,71,71,71,71,71,71,71,71,71,71,71,71,71,71,71,71,71,71],"card_choices":[{"not_picked":["Force Field","Go for the Eyes"],"picked":"Leap","floor":1},{"not_picked":["Coolheaded","Barrage"],"picked":"Capacitor","floor":2},{"not_picked":["Darkness","Undo"],"picked":"Conserve Battery","floor":3},{"not_picked":["Static Discharge","Chill"],"picked":"Double Energy","floor":7},{"not_picked":["Reprogram","Storm"],"picked":"Auto Shields","floor":8},{"not_picked":["Go for the Eyes","Recycle"],"picked":"Compile Driver","floor":10},{"not_picked":["Sweeping Beam","Storm"],"picked":"Loop","floor":14},{"not_picked":["Amplify","Fission"],"picked":"Electrodynamics","floor":16},{"not_picked":["Lockon","Leap"],"picked":"Glacier","floor":17},{"not_picked":["Rebound","Leap"],"picked":"Steam","floor":17},{"not_picked":["Chaos","Creative AI"],"picked":"Turbo","floor":17},{"not_picked":["Go for the Eyes","Cold Snap"],"picked":"Barrage","floor":17},{"not_picked":["Conserve Battery","Gash","Sweeping Beam"],"picked":"SKIP","floor":18},{"not_picked":["Consume","Beam Cell","Force Field"],"picked":"SKIP","floor":20},{"not_picked":["Amplify","Cold Snap"],"picked":"Hologram","floor":21},{"not_picked":["Sweeping Beam","Streamline"],"picked":"Cold Snap","floor":24}],"player_experience":680206,"relics_obtained":[{"floor":7,"key":"Tiny Chest"},{"floor":9,"key":"War Paint"},{"floor":10,"key":"Pantograph"},{"floor":12,"key":"Ancient Tea Set"},{"floor":26,"key":"PreservedInsect"}],"event_choices":[{"damage_healed":0,"gold_gain":0,"player_choice":"Fled","damage_taken":5,"max_hp_gain":0,"max_hp_loss":0,"event_name":"Scrap Ooze","floor":5,"gold_loss":0},{"damage_healed":0,"gold_gain":0,"player_choice":"Ignored","damage_taken":0,"max_hp_gain":0,"max_hp_loss":0,"event_name":"Liars Game","floor":13,"gold_loss":0},{"damage_healed":0,"gold_gain":0,"player_choice":"Forge","damage_taken":0,"max_hp_gain":0,"max_hp_loss":0,"event_name":"Accursed Blacksmith","floor":19,"gold_loss":0,"cards_upgraded":["Electrodynamics"]}],"is_beta":false,"boss_relics":[{"not_picked":["Black Star","Calling Bell"],"picked":"Orrery"}],"items_purged_floors":[4],"is_endless":false,"potions_floor_spawned":[1,2,8,10,21,24],"killed_by":"Book of Stabbing","ascension_level":17}