{"gold_per_floor":[119,8,8,28,43,77,77,110,158,158,45,63,89,109,109,184,184,197,197,247,272,286,312,335,335,386,415,415,431,442,458,458,537,537,547,547,198,198,211,211,221,221,221,271,271,301,301,326,326,326,326,326,11,44,44],"floor_reached":56,"playtime":4853,"items_purged":["Strike_B","Strike_B"],"score":2074,"play_id":"8a09927d-4035-4bf1-9dc7-eb41a4500160","local_time":"20191030190337","is_ascension_mode":true,"campfire_choices":[{"data":"Zap","floor":7,"key":"SMITH"},{"data":"Redo","floor":10,"key":"SMITH"},{"data":"Defragment","floor":15,"key":"SMITH"},{"data":"Defragment","floor":25,"key":"SMITH"},{"floor":28,"key":"REST"},{"floor":32,"key":"REST"},{"data":"Coolheaded","floor":40,"key":"SMITH"},{"floor":42,"key":"RECALL"},{"data":"Barrage","floor":45,"key":"SMITH"},{"data":"Coolheaded","floor":47,"key":"SMITH"},{"data":"Capacitor","floor":49,"key":"SMITH"},{"data":"Violence","floor":52,"key":"SMITH"}],"neow_cost":"NONE","seed_source_timestamp":1761425790618400,"circlet_count":0,"master_deck":["AscendersBane","Strike_B","Strike_B","Defend_B","Defend_B","Defend_B","Defend_B","Zap+1","Dualcast","Capacitor+1","Rip and Tear","Gash","Defragment+1","Go for the Eyes","Redo+1","BootSequence","Gash","Static Discharge","Rebound","Glacier","Echo Form","Defragment+1","Cold Snap","Undo","Coolheaded+1","Compile Driver","Capacitor+1","Machine Learning+1","Violence+1","Cold Snap","Coolheaded+1","Barrage+1","Buffer+1","Dark Shackles"],"relics":["Cracked Core","NeowsBlessing","Symbiotic Virus","Bag of Preparation","Strawberry","Lantern","Boot","Nuclear Battery","Red Mask","Ice Cream","Anchor","Vajra","Frozen Egg 2","Eternal Feather","Bottled Tornado","Torii","Regal Pillow","Bottled Flame","Cables"],"potions_floor_usage":[6,8,16,21,27,31,44,50,55],"damage_taken":[{"damage":0,"enemies":"Jaw Worm","floor":1,"turns":1},{"damage":0,"enemies":"2 Louse","floor":4,"turns":1},{"damage":0,"enemies":"Cultist","floor":5,"turns":1},{"damage":8,"enemies":"Lagavulin","floor":6,"turns":6},{"damage":17,"enemies":"Gremlin Nob","floor":8,"turns":3},{"damage":3,"enemies":"Blue Slaver","floor":12,"turns":3},{"damage":25,"enemies":"Lagavulin","floor":13,"turns":6},{"damage":0,"enemies":"Exordium Thugs","floor":14,"turns":4},{"damage":0,"enemies":"Hexaghost","floor":16,"turns":11},{"damage":22,"enemies":"Shell Parasite","floor":18,"turns":4},{"damage":9,"enemies":"Masked Bandits","floor":21,"turns":4},{"damage":3,"enemies":"2 Thieves","floor":22,"turns":4},{"damage":19,"enemies":"Book of Stabbing","floor":23,"turns":5},{"damage":11,"enemies":"Gremlin Leader","floor":27,"turns":5},{"damage":0,"enemies":"Centurion and Healer","floor":29,"turns":6},{"damage":0,"enemies":"Snake Plant","floor":30,"turns":3},{"damage":6,"enemies":"Cultist and Chosen","floor":31,"turns":6},{"damage":14,"enemies":"Champ","floor":33,"turns":10},{"damage":24,"enemies":"3 Darklings","floor":35,"turns":4},{"damage":6,"enemies":"3 Shapes","floor":39,"turns":3},{"damage":17,"enemies":"Jaw Worm Horde","floor":41,"turns":6},{"damage":11,"enemies":"2 Orb Walkers","floor":44,"turns":6},{"damage":1,"enemies":"Nemesis","floor":46,"turns":8},{"damage":26,"enemies":"Reptomancer","floor":48,"turns":6},{"damage":18,"enemies":"Awakened One","floor":50,"turns":16},{"damage":32,"enemies":"Shield and Spear","floor":54,"turns":10},{"damage":29,"enemies":"The Heart","floor":55,"turns":12}],"seed_played":"7531000499721719632","potions_obtained":[{"floor":4,"key":"Dexterity Potion"},{"floor":6,"key":"Explosive Potion"},{"floor":13,"key":"EssenceOfSteel"},{"floor":14,"key":"FairyPotion"},{"floor":18,"key":"Fire Potion"},{"floor":23,"key":"Poison Potion"},{"floor":29,"key":"Swift Potion"},{"floor":39,"key":"Energy Potion"},{"floor":48,"key":"Regen Potion"}],"is_trial":false,"path_per_floor":["M","$","?","M","M","E","R","E","T","R","$","M","E","M","R","B",null,"M","?","?","?","M","E","T","R","T","E","R","M","M","M","R","B",null,"M","?","$","?","M","R","M","R","T","?","R","E","R","E","R","B",null,"R","$","E","B",null],"character_chosen":"DEFECT","items_purchased":["Rip and Tear","Gash","Gash","Static Discharge","Bottled Tornado","Dark Shackles","SkillPotion","AttackPotion"],"campfire_rested":2,"item_purchase_floors":[2,2,11,11,37,53,53,53],"current_hp_per_floor":[64,64,59,59,59,51,51,41,41,41,41,38,13,13,13,13,62,40,40,40,31,28,9,9,9,9,7,30,30,30,24,47,33,67,43,43,43,43,37,55,38,56,56,45,63,62,78,52,70,66,75,78,78,46,17],"gold":44,"neow_bonus":"THREE_ENEMY_KILL","is_prod":false,"is_daily":false,"chose_seed":false,"campfire_upgraded":9,"win_rate":0,"timestamp":1572476617,"path_taken":["M","$","?","M","M","E","R","E","T","R","$","M","E","M","R","BOSS","M","?","?","?","M","E","?","R","T","E","R","M","M","M","R","BOSS","M","?","$","?","M","R","?","R","T","?","R","E","R","E","R","BOSS","R","$","E","BOSS"],"build_version":"2019-07-17","purchased_purges":2,"victory":true,"max_hp_per_floor":[71,71,71,71,71,71,71,78,78,78,78,78,78,78,78,78,78,78,78,78,78,78,78,78,78,78,78,78,78,78,78,78,78,78,78,78,78,78,78,78,78,78,78,78,78,78,78,78,78,78,78,78,78,78,78],"card_choices":[{"not_picked":["Redo","Leap"],"picked":"Capacitor","floor":1},{"not_picked":["Chill","Hello World"],"picked":"Defragment","floor":4},{"not_picked":["Recycle","Storm"],"picked":"Go for the Eyes","floor":5},{"not_picked":["Streamline","Chill"],"picked":"Redo","floor":6},{"not_picked":["Conserve Battery","Beam Cell"],"picked":"BootSequence","floor":8},{"not_picked":["Barrage","Aggregate"],"picked":"Rebound","floor":12},{"not_picked":["Stack","Conserve Battery"],"picked":"Glacier","floor":13},{"not_picked":["Rebound","Steam"],"picked":"Echo Form","floor":14},{"not_picked":["Hyperbeam","Thunder Strike"],"picked":"Electrodynamics","floor":16},{"not_picked":["Hologram","Force Field"],"picked":"Defragment","floor":18},{"not_picked":["Auto Shields","Consume"],"picked":"Undo","floor":22},{"not_picked":["Cold Snap","Ball Lightning"],"picked":"Coolheaded","floor":23},{"not_picked":["Lockon","Heatsinks"],"picked":"Compile Driver","floor":27},{"not_picked":["Beam Cell","Leap"],"picked":"Capacitor+1","floor":29},{"not_picked":["Go for the Eyes","Redo","Heatsinks+1"],"picked":"SKIP","floor":30},{"not_picked":["Conserve Battery","White Noise","Steam+1"],"picked":"SKIP","floor":31},{"not_picked":["Electrodynamics+1","Hyperbeam"],"picked":"Machine Learning+1","floor":33},{"not_picked":["Aggregate+1","Compile Driver","Rebound"],"picked":"SKIP","floor":35},{"not_picked":["Swift Strike","Enlightenment"],"picked":"Violence","floor":36},{"not_picked":["Ball Lightning","Beam Cell"],"picked":"Cold Snap","floor":39},{"not_picked":["Hologram","Streamline+1"],"picked":"Coolheaded","floor":41},{"not_picked":["Turbo","Doom and Gloom"],"picked":"Barrage","floor":44},{"not_picked":["Consume","Conserve Battery"],"picked":"Buffer+1","floor":46},{"not_picked":["Stack","Conserve Battery","Redo"],"picked":"SKIP","floor":48},{"not_picked":["Auto Shields","BootSequence","Barrage"],"picked":"SKIP","floor":54}],"player_experience":712800,"relics_obtained":[{"floor":6,"key":"Bag of Preparation"},{"floor":8,"key":"Strawberry"},{"floor":9,"key":"Lantern"},{"floor":13,"key":"Boot"},{"floor":21,"key":"Red Mask"},{"floor":23,"key":"Ice Cream"},{"floor":24,"key":"Anchor"},{"floor":26,"key":"Vajra"},{"floor":27,"key":"Frozen Egg 2"},{"floor":44,"key":"Torii"},{"floor":46,"key":"Regal Pillow"},{"floor":48,"key":"Bottled Flame"},{"floor":54,"key":"Cables"}],"event_choices":[{"damage_healed":0,"gold_gain":0,"player_choice":"Success","damage_taken":5,"relics_obtained":["Symbiotic Virus"],"max_hp_gain":0,"max_hp_loss":0,"event_name":"Scrap Ooze","floor":3,"gold_loss":0},{"damage_healed":0,"gold_gain":0,"player_choice":"Read","damage_taken":0,"max_hp_gain":0,"max_hp_loss":0,"event_name":"The Library","floor":19,"gold_loss":0,"cards_obtained":["Cold Snap"]},{"damage_healed":0,"gold_gain":50,"player_choice":"Stole From Cult","damage_taken":0,"max_hp_gain":0,"max_hp_loss":0,"event_name":"Nest","floor":20,"gold_loss":0},{"damage_healed":0,"gold_gain":0,"player_choice":"Fought Bandits","damage_taken":0,"max_hp_gain":0,"max_hp_loss":0,"event_name":"Masked Bandits","floor":21,"gold_loss":0},{"damage_healed":0,"gold_gain":0,"player_choice":"Memory 1","damage_taken":0,"max_hp_gain":0,"max_hp_loss":0,"event_name":"SensoryStone","floor":36,"gold_loss":0},{"cards_removed":["Electrodynamics"],"damage_healed":0,"gold_gain":0,"player_choice":"Removed Power","damage_taken":0,"max_hp_gain":0,"max_hp_loss":0,"event_name":"Falling","floor":38,"gold_loss":0},{"damage_healed":0,"gold_gain":0,"player_choice":"Fight","damage_taken":0,"max_hp_gain":0,"max_hp_loss":0,"event_name":"Mysterious Sphere","floor":44,"gold_loss":0}],"is_beta":false,"boss_relics":[{"not_picked":["Black Star","Lizard Tail"],"picked":"Nuclear Battery"},{"not_picked":["White Beast Statue","Runic Dome"],"picked":"Eternal Feather"}],"items_purged_floors":[37,53],"is_endless":false,"potions_floor_spawned":[4,6,13,14,18,23,29,39,48,54],"ascension_level":17}