{"gold_per_floor":[12,24,24,79,93,106,124,163,163,163,163,207,158,191,191,321,321,337,188,211,236,161,194,19,19],"floor_reached":25,"playtime":1045,"items_purged":[],"score":277,"play_id":"87e030de-6122-41eb-b5c8-2c02a9a8b247","local_time":"20191007004755","is_ascension_mode":true,"campfire_choices":[{"data":"Bash","floor":11,"key":"SMITH"},{"data":"Pommel Strike","floor":15,"key":"SMITH"}],"neow_cost":"NO_GOLD","seed_source_timestamp":1728538324592700,"circlet_count":0,"master_deck":["Strike_R","Strike_R","Defend_R","Defend_R","Defend_R","Bash+1","Dropkick","Thunderclap","Pommel Strike+1","Bloodletting","True Grit","Intimidate","Bloodletting","Combust","Cleave","Shrug It Off","Feed","Rupture","Anger","Rampage","Rampage","Armaments+1","Power Through","Shrug It Off"],"relics":["Burning Blood","Golden Idol","Vajra","PreservedInsect","Du-Vu Doll","Red Skull","Darkstone Periapt","Orrery","Orichalcum","Shovel"],"potions_floor_usage":[6,7,12,14,16,25,25],"damage_taken":[{"damage":12,"enemies":"Jaw Worm","floor":1,"turns":3},{"damage":1,"enemies":"Cultist","floor":2,"turns":3},{"damage":10,"enemies":"Small Slimes","floor":5,"turns":3},{"damage":1,"enemies":"2 Fungi Beasts","floor":6,"turns":2},{"damage":14,"enemies":"Red Slaver","floor":7,"turns":2},{"damage":8,"enemies":"Gremlin Nob","floor":8,"turns":3},{"damage":8,"enemies":"3 Sentries","floor":12,"turns":3},{"damage":9,"enemies":"Gremlin Nob","floor":14,"turns":3},{"damage":31,"enemies":"Hexaghost","floor":16,"turns":7},{"damage":38,"enemies":"2 Thieves","floor":18,"turns":3},{"damage":30,"enemies":"3 Byrds","floor":20,"turns":5},{"damage":3,"enemies":"Snecko","floor":21,"turns":2},{"damage":28,"enemies":"Book of Stabbing","floor":23,"turns":4},{"damage":37,"enemies":"Slavers","floor":25,"turns":2}],"seed_played":"-2428266872186792454","potions_obtained":[{"floor":2,"key":"Poison Potion"},{"floor":6,"key":"SteroidPotion"},{"floor":8,"key":"Explosive Potion"},{"floor":12,"key":"FearPotion"},{"floor":14,"key":"AttackPotion"},{"floor":21,"key":"Regen Potion"},{"floor":23,"key":"SneckoOil"}],"is_trial":false,"path_per_floor":["M","M","?","T","M","M","M","E","T","?","R","E","$","E","R","B",null,"M","?","M","M","?","E","$","E"],"character_chosen":"IRONCLAD","items_purchased":["Cleave","BloodPotion","Shrug It Off","FearPotion"],"campfire_rested":0,"item_purchase_floors":[13,24,24,24],"current_hp_per_floor":[74,79,59,59,55,60,52,50,50,50,50,48,48,45,45,20,80,51,51,27,30,30,8,8,0],"gold":19,"neow_bonus":"REMOVE_TWO","is_prod":false,"is_daily":false,"chose_seed":false,"campfire_upgraded":2,"win_rate":0,"timestamp":1570434475,"path_taken":["M","M","?","?","?","M","M","E","T","?","R","E","$","E","R","BOSS","M","?","M","?","?","E","?","E"],"build_version":"2019-07-17","purchased_purges":0,"victory":false,"max_hp_per_floor":[80,80,80,80,80,80,80,80,80,80,80,80,80,80,80,80,80,83,83,83,83,83,83,83,83],"card_choices":[{"not_picked":["True Grit","Havoc"],"picked":"Dropkick","floor":1},{"not_picked":["Pommel Strike","Searing Blow"],"picked":"Thunderclap","floor":2},{"not_picked":["Sentinel","Flex"],"picked":"Pommel Strike","floor":5},{"not_picked":["Inflame","Shockwave"],"picked":"Bloodletting","floor":6},{"not_picked":["Havoc","Rupture"],"picked":"True Grit","floor":7},{"not_picked":["Seeing Red","Infernal Blade"],"picked":"Intimidate","floor":8},{"not_picked":["Body Slam","Bloodletting"],"picked":"Combust","floor":12},{"not_picked":["Burning Pact","Barricade"],"picked":"Shrug It Off","floor":14},{"not_picked":["Berserk","Dark Embrace"],"picked":"Feed","floor":16},{"not_picked":["Armaments","Perfected Strike"],"picked":"Rupture","floor":17},{"not_picked":["Inflame","Burning Pact"],"picked":"Anger","floor":17},{"not_picked":["Bloodletting","Dropkick"],"picked":"Rampage","floor":17},{"not_picked":["True Grit","Pommel Strike"],"picked":"Rampage","floor":17},{"not_picked":["Flex","Perfected Strike+1","Blood for Blood"],"picked":"SKIP","floor":18},{"not_picked":["Perfected Strike","Combust"],"picked":"Armaments+1","floor":20},{"not_picked":["Carnage","Body Slam"],"picked":"Power Through","floor":21},{"not_picked":["Cleave","Dual Wield","Armaments"],"picked":"SKIP","floor":23}],"player_experience":292313,"relics_obtained":[{"floor":4,"key":"Vajra"},{"floor":8,"key":"PreservedInsect"},{"floor":9,"key":"Du-Vu Doll"},{"floor":12,"key":"Red Skull"},{"floor":14,"key":"Darkstone Periapt"},{"floor":23,"key":"Shovel"}],"event_choices":[{"damage_healed":0,"gold_gain":0,"player_choice":"Take Damage","damage_taken":20,"relics_obtained":["Golden Idol"],"max_hp_gain":0,"max_hp_loss":0,"event_name":"Golden Idol","floor":3,"gold_loss":0},{"damage_healed":0,"gold_gain":0,"cards_transformed":["Strike_R"],"player_choice":"Change","damage_taken":0,"max_hp_gain":0,"max_hp_loss":0,"event_name":"Living Wall","floor":10,"gold_loss":0,"cards_obtained":["Bloodletting"]},{"damage_healed":0,"gold_gain":0,"player_choice":"Paid Gold","damage_taken":0,"relics_obtained":["Orichalcum"],"max_hp_gain":0,"max_hp_loss":0,"event_name":"WeMeetAgain","floor":19,"gold_loss":149},{"cards_removed":["Strike_R"],"damage_healed":0,"gold_gain":0,"player_choice":"Gave Gold","damage_taken":0,"max_hp_gain":0,"max_hp_loss":0,"event_name":"Beggar","floor":22,"gold_loss":75}],"is_beta":false,"boss_relics":[{"not_picked":["Coffee Dripper","Velvet Choker"],"picked":"Orrery"}],"items_purged_floors":[],"is_endless":false,"potions_floor_spawned":[2,6,8,12,14,21,23],"killed_by":"Slavers","ascension_level":3}