{"gold_per_floor":[115,115,178,303,353,353,379,379,379,457,491,491,109,173,173,276,276,291,301,386,401,43,43,43],"floor_reached":24,"playtime":1487,"items_purged":["Strike_B","Strike_B"],"score":341,"play_id":"037742b2-34af-4577-87b5-c8bbb669c2c6","local_time":"20190926122059","is_ascension_mode":true,"campfire_choices":[{"data":"Rip and Tear","floor":6,"key":"SMITH"},{"data":"Hologram","floor":8,"key":"SMITH"},{"floor":12,"key":"REST"},{"data":"Rip and Tear","floor":15,"key":"SMITH"},{"data":"Buffer","floor":23,"key":"SMITH"}],"neow_cost":"NONE","seed_source_timestamp":1230962763913413,"circlet_count":0,"master_deck":["AscendersBane","Strike_B","Strike_B","Defend_B","Defend_B","Defend_B","Defend_B","Zap","Dualcast","Leap","Rip and Tear+1","Hologram+1","Ball Lightning","Rip and Tear+1","Self Repair","Buffer+1","Capacitor+1"],"relics":["Cracked Core","NeowsBlessing","SsserpentHead","Turnip","Orichalcum","Matryoshka","Odd Mushroom","Bird Faced Urn","Mummified Hand","Black Star","Red Mask","Singing Bowl"],"potions_floor_usage":[16,16,21,24],"damage_taken":[{"damage":0,"enemies":"Jaw Worm","floor":1,"turns":1},{"damage":0,"enemies":"Cultist","floor":3,"turns":1},{"damage":0,"enemies":"Lagavulin","floor":7,"turns":1},{"damage":25,"enemies":"The Mushroom Lair","floor":10,"turns":5},{"damage":19,"enemies":"Gremlin Nob","floor":11,"turns":4},{"damage":0,"enemies":"Small Slimes","floor":14,"turns":3},{"damage":14,"enemies":"Slime Boss","floor":16,"turns":9},{"damage":26,"enemies":"3 Byrds","floor":18,"turns":5},{"damage":0,"enemies":"Spheric Guardian","floor":19,"turns":4},{"damage":49,"enemies":"Masked Bandits","floor":20,"turns":5},{"damage":4,"enemies":"Snecko","floor":21,"turns":4},{"damage":56,"enemies":"Slavers","floor":24,"turns":4}],"seed_played":"3739588225177127683","potions_obtained":[{"floor":11,"key":"Poison Potion"},{"floor":14,"key":"SkillPotion"},{"floor":19,"key":"Swift Potion"},{"floor":21,"key":"Regen Potion"}],"is_trial":false,"path_per_floor":["M","?","M","?","T","R","E","R","T","?","E","R","$","M","R","B",null,"M","M","?","M","$","R","E"],"character_chosen":"DEFECT","items_purchased":["Rip and Tear","Self Repair","Mummified Hand","Singing Bowl"],"campfire_rested":1,"item_purchase_floors":[13,13,13,22],"current_hp_per_floor":[68,68,68,57,57,57,57,57,57,32,13,35,35,44,44,39,66,49,60,22,31,31,31,0],"gold":43,"neow_bonus":"THREE_ENEMY_KILL","is_prod":false,"is_daily":false,"chose_seed":false,"campfire_upgraded":4,"win_rate":0,"timestamp":1569514859,"path_taken":["M","?","?","?","?","R","E","R","T","?","E","R","?","?","R","BOSS","M","M","?","M","$","R","E"],"build_version":"2019-07-17","purchased_purges":2,"victory":false,"max_hp_per_floor":[75,75,75,75,75,75,75,75,75,75,75,75,75,75,75,75,75,75,75,75,75,75,75,75],"card_choices":[{"not_picked":["Coolheaded","Sweeping Beam"],"picked":"Leap","floor":1},{"not_picked":["Compile Driver","Hologram"],"picked":"Rip and Tear","floor":3},{"not_picked":["Leap","Hyperbeam"],"picked":"Hologram","floor":7},{"not_picked":["Turbo","BootSequence"],"picked":"Ball Lightning","floor":11},{"not_picked":["Scrape","Gash","Stack"],"picked":"SKIP","floor":14},{"not_picked":["Multi-Cast","Seek"],"picked":"Buffer","floor":16},{"not_picked":["Streamline","Skim","Gash"],"picked":"SKIP","floor":18},{"not_picked":["Beam Cell","Scrape","Streamline"],"picked":"SKIP","floor":19},{"not_picked":["Leap","Gash"],"picked":"Capacitor+1","floor":20},{"not_picked":["Turbo+1","Rebound","Compile Driver"],"picked":"SKIP","floor":21}],"player_experience":423954,"relics_obtained":[{"floor":5,"key":"Turnip"},{"floor":7,"key":"Orichalcum"},{"floor":9,"key":"Matryoshka"},{"floor":10,"key":"Odd Mushroom"},{"floor":11,"key":"Bird Faced Urn"},{"floor":20,"key":"Red Mask"}],"event_choices":[{"damage_healed":0,"gold_gain":0,"player_choice":"Trade","damage_taken":0,"relics_obtained":["SsserpentHead"],"max_hp_gain":0,"max_hp_loss":0,"event_name":"FaceTrader","floor":2,"gold_loss":0},{"damage_healed":0,"gold_gain":75,"player_choice":"Gather Gold","damage_taken":11,"max_hp_gain":0,"max_hp_loss":0,"event_name":"World of Goop","floor":4,"gold_loss":0},{"damage_healed":0,"gold_gain":0,"player_choice":"Fought Mushrooms","damage_taken":0,"max_hp_gain":0,"max_hp_loss":0,"event_name":"Mushrooms","floor":10,"gold_loss":0},{"damage_healed":0,"gold_gain":0,"player_choice":"Fought Bandits","damage_taken":0,"max_hp_gain":0,"max_hp_loss":0,"event_name":"Masked Bandits","floor":20,"gold_loss":0}],"is_beta":false,"boss_relics":[{"not_picked":["Calling Bell","Ectoplasm"],"picked":"Black Star"}],"items_purged_floors":[13,22],"is_endless":false,"potions_floor_spawned":[11,14,19,21],"killed_by":"Slavers","ascension_level":10}