{"gold_per_floor":[110,129,79,4,19,19,19,194,240,9,9,24,24,38,38,141,141,159,159,170,170,170,170,190,224,224,236,246,264,264,291,291,393,393,403,19,34,51,63,63,94,94,176,210,210,210,235,57,57,57],"floor_reached":50,"playtime":2641,"items_purged":["Strike_R","Doubt","Strike_R+1","Doubt"],"score":560,"play_id":"69dc087e-7553-4b59-95b3-38148b61f02c","local_time":"20191011005650","is_ascension_mode":false,"campfire_choices":[{"data":"Bash","floor":6,"key":"SMITH"},{"data":"Havoc","floor":13,"key":"SMITH"},{"data":"Shrug It Off","floor":15,"key":"SMITH"},{"data":"Fiend Fire","floor":23,"key":"SMITH"},{"data":"Pommel Strike","floor":30,"key":"SMITH"},{"floor":32,"key":"REST"},{"data":"Exhume","floor":40,"key":"SMITH"},{"floor":42,"key":"REST"},{"floor":45,"key":"REST"},{"floor":49,"key":"REST"}],"neow_cost":"NONE","seed_source_timestamp":118769614846600,"circlet_count":0,"master_deck":["Defend_R+1","Bash+1","Clash","Rampage","Headbutt","Flex","Havoc+1","Shrug It Off+1","Fiend Fire+1","Cleave","Impervious","RitualDagger","Thunderclap","Disarm+1","Pommel Strike+1","Impervious","Infernal Blade","Double Tap","Shrug It Off+1","Carnage+1","Inflame+1","Flex","True Grit","Corruption","Shockwave+1","Warcry+1","Exhume+1","True Grit+1","Sentinel+1","Armaments+1","Dropkick+1"],"relics":["Burning Blood","NeowsBlessing","Bag of Marbles","Ornamental Fan","White Beast Statue","Smiling Mask","Regal Pillow","Mercury Hourglass","Astrolabe","TheAbacus","Molten Egg 2","Self Forming Clay","Ginger","PreservedInsect"],"potions_floor_usage":[16,16,24,24,25,27,31,31,33,33,37,38,41,44,44,44,50,50,50],"damage_taken":[{"damage":0,"enemies":"Jaw Worm","floor":1,"turns":1},{"damage":0,"enemies":"Small Slimes","floor":2,"turns":1},{"damage":0,"enemies":"Cultist","floor":5,"turns":1},{"damage":0,"enemies":"3 Louse","floor":12,"turns":1},{"damage":0,"enemies":"Large Slime","floor":14,"turns":3},{"damage":44,"enemies":"Slime Boss","floor":16,"turns":13},{"damage":0,"enemies":"Chosen","floor":18,"turns":4},{"damage":6,"enemies":"Spheric Guardian","floor":20,"turns":3},{"damage":0,"enemies":"3 Cultists","floor":24,"turns":2},{"damage":30,"enemies":"Slavers","floor":25,"turns":5},{"damage":10,"enemies":"Sentry and Sphere","floor":27,"turns":5},{"damage":9,"enemies":"Centurion and Healer","floor":28,"turns":4},{"damage":13,"enemies":"Snake Plant","floor":29,"turns":6},{"damage":18,"enemies":"Book of Stabbing","floor":31,"turns":4},{"damage":50,"enemies":"Champ","floor":33,"turns":11},{"damage":27,"enemies":"3 Darklings","floor":35,"turns":3},{"damage":3,"enemies":"3 Shapes","floor":37,"turns":3},{"damage":37,"enemies":"Jaw Worm Horde","floor":38,"turns":4},{"damage":17,"enemies":"Sphere and 2 Shapes","floor":39,"turns":6},{"damage":56,"enemies":"Nemesis","floor":41,"turns":7},{"damage":32,"enemies":"Reptomancer","floor":44,"turns":7},{"damage":24,"enemies":"Nemesis","floor":47,"turns":5},{"damage":89,"enemies":"Donu and Deca","floor":50,"turns":9}],"seed_played":"4007135638612215934","potions_obtained":[{"floor":1,"key":"SpeedPotion"},{"floor":2,"key":"Block Potion"},{"floor":5,"key":"GamblersBrew"},{"floor":12,"key":"Block Potion"},{"floor":18,"key":"Explosive Potion"},{"floor":20,"key":"Strength Potion"},{"floor":24,"key":"Explosive Potion"},{"floor":25,"key":"Dexterity Potion"},{"floor":27,"key":"Block Potion"},{"floor":28,"key":"EssenceOfSteel"},{"floor":29,"key":"Fire Potion"},{"floor":31,"key":"FearPotion"},{"floor":33,"key":"Block Potion"},{"floor":35,"key":"BloodPotion"},{"floor":37,"key":"BloodPotion"},{"floor":38,"key":"PowerPotion"},{"floor":39,"key":"Explosive Potion"},{"floor":41,"key":"EssenceOfSteel"},{"floor":44,"key":"SpeedPotion"},{"floor":47,"key":"Energy Potion"}],"is_trial":false,"path_per_floor":["M","M","?","$","M","R","?","?","T","$","?","M","R","M","R","B",null,"M","?","M","?","?","R","M","E","T","M","M","M","R","E","R","B",null,"M","$","M","M","M","R","E","R","T","E","R","?","E","$","R","B"],"character_chosen":"IRONCLAD","items_purchased":["Cleave","Headbutt","Flex","Flex","TheAbacus","True Grit","Corruption","Dropkick+1","AttackPotion"],"campfire_rested":4,"item_purchase_floors":[10,10,10,36,36,36,36,48,48],"current_hp_per_floor":[80,80,80,80,80,80,64,64,64,64,64,70,70,76,76,38,80,80,80,80,80,74,74,80,56,56,52,49,42,42,30,69,25,80,59,59,62,51,40,40,10,49,49,23,62,80,62,62,80,0],"gold":57,"neow_bonus":"THREE_ENEMY_KILL","is_prod":false,"is_daily":false,"chose_seed":false,"campfire_upgraded":6,"win_rate":0,"timestamp":1570780610,"path_taken":["M","M","?","$","M","R","?","?","T","?","?","?","R","M","R","BOSS","M","?","M","?","?","R","?","E","T","M","M","?","R","E","R","BOSS","M","$","M","?","M","R","E","R","T","E","R","?","E","$","R","BOSS"],"build_version":"2019-07-17","purchased_purges":4,"victory":false,"max_hp_per_floor":[80,80,80,80,80,80,80,80,80,80,80,80,80,80,80,80,80,80,80,80,80,80,80,80,80,80,80,80,80,80,80,80,80,80,80,80,80,80,80,80,80,80,80,80,80,80,80,80,80,80],"card_choices":[{"not_picked":["Sentinel","Sword Boomerang","Bloodletting"],"picked":"SKIP","floor":1},{"not_picked":["Wild Strike","Sword Boomerang"],"picked":"Clash","floor":2},{"not_picked":["Dropkick","Clash"],"picked":"Rampage","floor":5},{"not_picked":["Intimidate","Clothesline"],"picked":"Havoc","floor":12},{"not_picked":["Armaments","Juggernaut"],"picked":"Shrug It Off","floor":14},{"not_picked":["Double Tap","Exhume"],"picked":"Fiend Fire","floor":16},{"not_picked":["Iron Wave+1","Infernal Blade","Evolve"],"picked":"SKIP","floor":18},{"not_picked":["Perfected Strike+1","Evolve","Hemokinesis"],"picked":"SKIP","floor":20},{"not_picked":["Perfected Strike","Inflame"],"picked":"Thunderclap","floor":24},{"not_picked":["Perfected Strike","Blood for Blood"],"picked":"Disarm+1","floor":25},{"not_picked":["Sword Boomerang","Iron Wave+1"],"picked":"Pommel Strike","floor":27},{"not_picked":["Twin Strike","Combust"],"picked":"Impervious","floor":28},{"not_picked":["Flame Barrier+1","Rampage","Clash"],"picked":"SKIP","floor":29},{"not_picked":["Pommel Strike","Clash"],"picked":"Infernal Blade","floor":31},{"not_picked":["Fiend Fire","Barricade"],"picked":"Double Tap","floor":33},{"not_picked":["Heavy Blade+1","Iron Wave+1","Headbutt+1"],"picked":"SKIP","floor":35},{"not_picked":["Headbutt","True Grit+1"],"picked":"Shockwave+1","floor":37},{"not_picked":["Cleave","Havoc"],"picked":"Warcry+1","floor":38},{"not_picked":["Wild Strike","Rage"],"picked":"Exhume","floor":39},{"not_picked":["Perfected Strike","Barricade"],"picked":"True Grit+1","floor":41},{"not_picked":["Anger+1","Searing Blow+1"],"picked":"Sentinel+1","floor":44},{"not_picked":["Flame Barrier+1","Twin Strike+1"],"picked":"Armaments+1","floor":47}],"player_experience":331108,"relics_obtained":[{"floor":9,"key":"Bag of Marbles"},{"floor":25,"key":"Smiling Mask"},{"floor":26,"key":"Regal Pillow"},{"floor":31,"key":"Mercury Hourglass"},{"floor":41,"key":"Molten Egg 2"},{"floor":43,"key":"Self Forming Clay"},{"floor":44,"key":"Ginger"},{"floor":47,"key":"PreservedInsect"}],"event_choices":[{"cards_removed":["Defend_R"],"damage_healed":0,"gold_gain":0,"player_choice":"Card Removal","damage_taken":0,"max_hp_gain":0,"max_hp_loss":0,"event_name":"The Cleric","floor":3,"gold_loss":50},{"damage_healed":0,"gold_gain":0,"player_choice":"Entered Light","damage_taken":16,"max_hp_gain":0,"max_hp_loss":0,"event_name":"Shining Light","floor":7,"gold_loss":0,"cards_upgraded":["Defend_R","Strike_R"]},{"damage_healed":0,"gold_gain":175,"player_choice":"AGREE","damage_taken":0,"max_hp_gain":0,"max_hp_loss":0,"event_name":"Liars Game","floor":8,"gold_loss":0,"cards_obtained":["Doubt"]},{"damage_healed":0,"gold_gain":0,"player_choice":"Gave Potion","damage_taken":0,"relics_obtained":["Ornamental Fan"],"max_hp_gain":0,"max_hp_loss":0,"event_name":"WeMeetAgain","floor":11,"gold_loss":0},{"damage_healed":0,"gold_gain":0,"cards_transformed":["Strike_R","Defend_R"],"player_choice":"Became Test Subject","damage_taken":0,"max_hp_gain":0,"max_hp_loss":0,"event_name":"Drug Dealer","floor":19,"gold_loss":0,"cards_obtained":["Cleave","Impervious"]},{"cards_removed":["Strike_R"],"damage_healed":0,"gold_gain":0,"player_choice":"Elegance","damage_taken":0,"max_hp_gain":0,"max_hp_loss":0,"event_name":"Back to Basics","floor":21,"gold_loss":0},{"damage_healed":0,"gold_gain":0,"player_choice":"Joined the Cult","damage_taken":6,"max_hp_gain":0,"max_hp_loss":0,"event_name":"Nest","floor":22,"gold_loss":0,"cards_obtained":["RitualDagger"]},{"damage_healed":18,"gold_gain":0,"player_choice":"Heal","damage_taken":0,"max_hp_gain":0,"max_hp_loss":0,"event_name":"MindBloom","floor":46,"gold_loss":0,"cards_obtained":["Doubt"]}],"is_beta":false,"boss_relics":[{"not_picked":["Lizard Tail","Runic Pyramid"],"picked":"White Beast Statue"},{"not_picked":["Sozu","Mark of Pain"],"picked":"Astrolabe"}],"items_purged_floors":[4,10,36,48],"is_endless":false,"potions_floor_spawned":[1,2,5,12,18,20,24,25,27,28,29,31,33,35,37,38,39,41,44,47],"killed_by":"Donu and Deca","ascension_level":0}