{"gold_per_floor":[110,123,137,156,231,256,256,283,306,306],"floor_reached":10,"playtime":358,"items_purged":[],"score":144,"play_id":"a8c86125-4b33-4b93-8a8f-c7d2e682dbaa","local_time":"20191029173043","is_ascension_mode":true,"campfire_choices":[{"floor":7,"key":"REST"}],"neow_cost":"NONE","seed_source_timestamp":1673943811979300,"circlet_count":0,"master_deck":["AscendersBane","Strike_B","Strike_B","Strike_B","Strike_B","Defend_B","Defend_B","Defend_B","Defend_B","Zap","Dualcast","Redo","Ball Lightning+1","Rebound","Coolheaded","Capacitor","Barrage+1"],"relics":["Cracked Core","StoneCalendar","Ancient Tea Set","Whetstone"],"potions_floor_usage":[4,6],"damage_taken":[{"damage":0,"enemies":"Small Slimes","floor":1,"turns":2},{"damage":0,"enemies":"2 Louse","floor":2,"turns":2},{"damage":0,"enemies":"Cultist","floor":3,"turns":2},{"damage":9,"enemies":"Exordium Wildlife","floor":4,"turns":4},{"damage":12,"enemies":"Gremlin Nob","floor":6,"turns":4},{"damage":31,"enemies":"3 Sentries","floor":8,"turns":7},{"damage":37,"enemies":"Gremlin Nob","floor":10,"turns":3}],"seed_played":"-3242791795532572627","potions_obtained":[{"floor":0,"key":"FocusPotion"},{"floor":0,"key":"Fire Potion"}],"is_trial":false,"path_per_floor":["M","M","M","M","?","E","R","E","T","E"],"character_chosen":"DEFECT","items_purchased":[],"campfire_rested":1,"item_purchase_floors":[],"current_hp_per_floor":[64,64,64,55,44,32,53,22,22,0],"gold":306,"neow_bonus":"THREE_SMALL_POTIONS","is_prod":false,"is_daily":false,"chose_seed":false,"campfire_upgraded":0,"win_rate":0,"timestamp":1572384643,"path_taken":["M","M","M","M","?","E","R","E","T","E"],"build_version":"2019-07-17","purchased_purges":0,"victory":false,"max_hp_per_floor":[71,71,71,71,71,71,71,71,71,71],"card_choices":[{"not_picked":["Beam Cell","Skim"],"picked":"Redo","floor":1},{"not_picked":["Streamline","Steam Power"],"picked":"Ball Lightning","floor":2},{"not_picked":["Scrape","Darkness"],"picked":"Rebound","floor":3},{"not_picked":["Streamline","Skim"],"picked":"Coolheaded","floor":4},{"not_picked":["Barrage","FTL"],"picked":"Capacitor","floor":6},{"not_picked":["Doom and Gloom","Stack"],"picked":"Barrage","floor":8}],"player_experience":684069,"relics_obtained":[{"floor":6,"key":"StoneCalendar"},{"floor":8,"key":"Ancient Tea Set"},{"floor":9,"key":"Whetstone"}],"event_choices":[{"damage_healed":0,"gold_gain":75,"player_choice":"Gather Gold","damage_taken":11,"max_hp_gain":0,"max_hp_loss":0,"event_name":"World of Goop","floor":5,"gold_loss":0}],"is_beta":false,"boss_relics":[],"items_purged_floors":[],"is_endless":false,"potions_floor_spawned":[2,3],"killed_by":"Gremlin Nob","ascension_level":17}