{"gold_per_floor":[111,111,125,144,154,154,229,244,321,348,378,403,403,437,437,516,516,536,548,300,300,215,249,249,249,274,274],"floor_reached":27,"playtime":1324,"items_purged":["Defend_B"],"score":487,"play_id":"aa7f260e-002b-42f0-94e3-50187272e569","local_time":"20191025193638","is_ascension_mode":true,"campfire_choices":[{"data":"Barrage","floor":6,"key":"SMITH"},{"floor":13,"key":"REST"},{"floor":15,"key":"REST"},{"data":"Barrage","floor":25,"key":"SMITH"}],"neow_cost":"NONE","seed_source_timestamp":1334886231647500,"circlet_count":0,"master_deck":["AscendersBane","Defend_B","Defend_B","Defend_B","Zap+1","Dualcast","Reinforced Body","Melter","Sweeping Beam","Barrage+1","Glacier","Glacier","Hologram","Barrage+1","Core Surge","Rebound","Compile Driver","Chrysalis","Defragment","Bite","Bite","Bite","Bite","Bite"],"relics":["Cracked Core","Shuriken","Odd Mushroom","Torii","Ancient Tea Set","Philosopher\u0027s Stone","Lantern","Mummified Hand","Regal Pillow"],"potions_floor_usage":[10,12,18,23],"damage_taken":[{"damage":0,"enemies":"2 Louse","floor":1,"turns":2},{"damage":0,"enemies":"Cultist","floor":3,"turns":3},{"damage":5,"enemies":"Small Slimes","floor":4,"turns":3},{"damage":2,"enemies":"Looter","floor":5,"turns":3},{"damage":15,"enemies":"3 Louse","floor":8,"turns":3},{"damage":13,"enemies":"The Mushroom Lair","floor":10,"turns":3},{"damage":0,"enemies":"3 Sentries","floor":12,"turns":2},{"damage":24,"enemies":"Gremlin Nob","floor":14,"turns":6},{"damage":29,"enemies":"Slime Boss","floor":16,"turns":12},{"damage":2,"enemies":"3 Byrds","floor":18,"turns":5},{"damage":0,"enemies":"Spheric Guardian","floor":19,"turns":2},{"damage":6,"enemies":"Slavers","floor":23,"turns":5},{"damage":37,"enemies":"Gremlin Leader","floor":27,"turns":5}],"seed_played":"-4046660440434495035","potions_obtained":[{"floor":3,"key":"PowerPotion"},{"floor":4,"key":"PowerPotion"},{"floor":16,"key":"Block Potion"},{"floor":18,"key":"AttackPotion"}],"is_trial":false,"path_per_floor":["M","?","M","M","M","R","?","M","T","?","?","E","R","E","R","B",null,"M","M","$","?","?","E","?","R","T","E"],"character_chosen":"DEFECT","items_purchased":["Chrysalis"],"campfire_rested":2,"item_purchase_floors":[20],"current_hp_per_floor":[64,64,64,59,57,57,46,31,31,18,18,18,39,15,36,7,55,53,53,53,33,33,27,27,27,27,0],"gold":274,"neow_bonus":"UPGRADE_CARD","is_prod":false,"is_daily":false,"chose_seed":false,"campfire_upgraded":2,"win_rate":0,"timestamp":1572046598,"path_taken":["M","?","?","M","M","R","?","M","T","?","?","E","R","E","R","BOSS","M","M","$","?","?","E","?","R","T","E"],"build_version":"2019-07-17","purchased_purges":1,"victory":false,"max_hp_per_floor":[71,71,71,71,71,71,71,71,71,71,71,71,71,71,71,71,71,71,71,71,76,76,76,53,53,53,53],"card_choices":[{"not_picked":["Barrage","Coolheaded"],"picked":"Reinforced Body","floor":1},{"not_picked":["Hologram","Thunder Strike"],"picked":"Melter","floor":3},{"not_picked":["Rebound","Go for the Eyes"],"picked":"Sweeping Beam","floor":4},{"not_picked":["Recycle","Conserve Battery"],"picked":"Barrage","floor":5},{"not_picked":["Blizzard","Chaos"],"picked":"Glacier","floor":8},{"not_picked":["Redo","Storm"],"picked":"Glacier","floor":10},{"not_picked":["Aggregate","Coolheaded"],"picked":"Hologram","floor":12},{"not_picked":["Lockon","Hologram"],"picked":"Barrage","floor":14},{"not_picked":["Amplify","Fission"],"picked":"Core Surge","floor":16},{"not_picked":["Sweeping Beam+1","Coolheaded"],"picked":"Rebound","floor":18},{"not_picked":["Storm","Leap"],"picked":"Compile Driver","floor":19},{"not_picked":["Double Energy","Beam Cell"],"picked":"Defragment","floor":23}],"player_experience":592306,"relics_obtained":[{"floor":9,"key":"Shuriken"},{"floor":10,"key":"Odd Mushroom"},{"floor":12,"key":"Torii"},{"floor":14,"key":"Ancient Tea Set"},{"floor":23,"key":"Mummified Hand"},{"floor":26,"key":"Regal Pillow"}],"event_choices":[{"cards_removed":["Strike_B"],"damage_healed":0,"gold_gain":0,"player_choice":"Offered Basic","damage_taken":0,"max_hp_gain":0,"max_hp_loss":0,"event_name":"Bonfire Elementals","floor":2,"gold_loss":0},{"damage_healed":0,"gold_gain":75,"player_choice":"Gather Gold","damage_taken":11,"max_hp_gain":0,"max_hp_loss":0,"event_name":"World of Goop","floor":7,"gold_loss":0},{"damage_healed":0,"gold_gain":0,"player_choice":"Fought Mushrooms","damage_taken":0,"max_hp_gain":0,"max_hp_loss":0,"event_name":"Mushrooms","floor":10,"gold_loss":0},{"damage_healed":0,"gold_gain":30,"player_choice":"Searched \u00271\u0027 times","damage_taken":0,"max_hp_gain":0,"max_hp_loss":0,"event_name":"Dead Adventurer","floor":11,"gold_loss":0},{"damage_healed":0,"gold_gain":0,"player_choice":"Shed Blood","damage_taken":25,"max_hp_gain":5,"max_hp_loss":0,"event_name":"Forgotten Altar","floor":21,"gold_loss":0},{"damage_healed":0,"gold_gain":0,"player_choice":"Obtained Relic","damage_taken":0,"relics_obtained":["Lantern"],"max_hp_gain":0,"max_hp_loss":0,"event_name":"Addict","floor":22,"gold_loss":85},{"damage_healed":0,"gold_gain":0,"player_choice":"Became a vampire","damage_taken":0,"max_hp_gain":0,"max_hp_loss":23,"event_name":"Vampires","floor":24,"gold_loss":0,"cards_obtained":["Bite","Bite","Bite","Bite","Bite"]}],"is_beta":false,"boss_relics":[{"not_picked":["Fusion Hammer","Runic Dome"],"picked":"Philosopher\u0027s Stone"}],"items_purged_floors":[20],"is_endless":false,"potions_floor_spawned":[3,4,5,8,16,18],"killed_by":"Gremlin Leader","ascension_level":15}