{"gold_per_floor":[117,117,117,132,95,127,127,153,221,221,239,239,414,424,424,529,529,539,539,557,570,570],"floor_reached":22,"playtime":1274,"items_purged":[],"score":213,"play_id":"00427fbd-dd9f-4544-9eb3-412cfbbd08f6","local_time":"20190506040229","is_ascension_mode":true,"campfire_choices":[{"floor":7,"key":"REST"},{"floor":10,"key":"REST"},{"data":"Bullet Time","floor":12,"key":"SMITH"},{"data":"Neutralize","floor":15,"key":"SMITH"}],"neow_cost":"NONE","seed_source_timestamp":21840635188742,"circlet_count":0,"master_deck":["Defend_G","Defend_G","Defend_G","Defend_G","Strike_G","Strike_G","Strike_G","Strike_G+1","Survivor","Neutralize+1","Flying Knee+1","Underhanded Strike","Masterful Stab","Distraction","Noxious Fumes","Cloak And Dagger","Bullet Time+1","Doubt","Dagger Throw","Tools of the Trade","Doubt","Clumsy","Normality","Accuracy+1","Endless Agony","PiercingWail","Outmaneuver"],"relics":["Ring of the Snake","Bag of Marbles","Regal Pillow","Sundial","Calling Bell","Omamori","Du-Vu Doll","Mercury Hourglass"],"potions_floor_usage":[16,16,16,21,22],"damage_taken":[{"damage":0,"enemies":"Small Slimes","floor":1,"turns":4},{"damage":0,"enemies":"2 Louse","floor":4,"turns":2},{"damage":10,"enemies":"Gremlin Nob","floor":6,"turns":4},{"damage":20,"enemies":"3 Sentries","floor":8,"turns":9},{"damage":1,"enemies":"Jaw Worm","floor":11,"turns":3},{"damage":0,"enemies":"3 Louse","floor":14,"turns":2},{"damage":25,"enemies":"The Guardian","floor":16,"turns":11},{"damage":0,"enemies":"Chosen","floor":18,"turns":2},{"damage":6,"enemies":"Spheric Guardian","floor":20,"turns":3},{"damage":42,"enemies":"Shelled Parasite and Fungi","floor":21,"turns":6},{"damage":36,"enemies":"Snecko","floor":22,"turns":3}],"seed_played":"-3418925569865199174","potions_obtained":[{"floor":4,"key":"Regen Potion"},{"floor":6,"key":"PowerPotion"},{"floor":8,"key":"Weak Potion"},{"floor":16,"key":"Explosive Potion"},{"floor":21,"key":"Poison Potion"}],"is_trial":false,"path_per_floor":["M","?","?","M","?","E","R","E","T","R","M","R","?","M","R","B",null,"M","?","M","M","M"],"character_chosen":"THE_SILENT","items_purchased":[],"campfire_rested":2,"item_purchase_floors":[],"current_hp_per_floor":[70,70,56,56,56,46,67,47,47,70,69,69,69,69,69,59,70,70,70,64,22,0],"gold":570,"neow_bonus":"THREE_CARDS","is_prod":false,"is_daily":false,"chose_seed":false,"campfire_upgraded":2,"win_rate":0,"timestamp":1557140549,"path_taken":["M","?","?","M","?","E","R","E","T","R","M","R","?","?","R","BOSS","M","?","?","M","M"],"build_version":"2019-01-23","purchased_purges":0,"victory":false,"max_hp_per_floor":[70,70,70,70,70,70,70,70,70,70,70,70,70,70,70,70,70,70,70,70,70,70],"card_choices":[{"not_picked":["Sucker Punch","Distraction"],"picked":"Flying Knee","floor":0},{"not_picked":["Slice","Flying Knee"],"picked":"Underhanded Strike","floor":1},{"not_picked":["Deadly Poison","Dodge and Roll"],"picked":"Distraction","floor":4},{"not_picked":["Dagger Throw","Poisoned Stab"],"picked":"Noxious Fumes","floor":6},{"not_picked":["Deadly Poison","Finisher"],"picked":"Cloak And Dagger","floor":8},{"not_picked":["Cloak And Dagger","Dodge and Roll"],"picked":"Bullet Time","floor":11},{"not_picked":["Sucker Punch","Prepared"],"picked":"Dagger Throw","floor":14},{"not_picked":["Die Die Die","Night Terror"],"picked":"Tools of the Trade","floor":16},{"not_picked":["Well Laid Plans","Endless Agony"],"picked":"Accuracy+1","floor":18},{"not_picked":["Acrobatics","All Out Attack"],"picked":"PiercingWail","floor":20},{"not_picked":["Crippling Poison","Eviscerate"],"picked":"Outmaneuver","floor":21}],"player_experience":105647,"relics_obtained":[{"floor":6,"key":"Bag of Marbles"},{"floor":8,"key":"Regal Pillow"},{"floor":9,"key":"Sundial"},{"floor":17,"key":"Omamori"},{"floor":17,"key":"Du-Vu Doll"},{"floor":17,"key":"Mercury Hourglass"}],"event_choices":[{"damage_healed":0,"gold_gain":0,"cards_transformed":["Defend_G"],"player_choice":"Change","damage_taken":0,"max_hp_gain":0,"max_hp_loss":0,"event_name":"Living Wall","floor":2,"gold_loss":0,"cards_obtained":["Masterful Stab"]},{"damage_healed":0,"gold_gain":0,"player_choice":"Entered Light","damage_taken":14,"max_hp_gain":0,"max_hp_loss":0,"event_name":"Shining Light","floor":3,"gold_loss":0,"cards_upgraded":["Strike_G","Flying Knee"]},{"damage_healed":0,"gold_gain":0,"player_choice":"Left Gold","damage_taken":0,"max_hp_gain":0,"max_hp_loss":0,"event_name":"World of Goop","floor":5,"gold_loss":37},{"damage_healed":0,"gold_gain":175,"player_choice":"AGREE","damage_taken":0,"max_hp_gain":0,"max_hp_loss":0,"event_name":"Liars Game","floor":13,"gold_loss":0,"cards_obtained":["Doubt"]},{"damage_healed":0,"gold_gain":0,"cards_transformed":["Strike_G"],"player_choice":"Transformed","damage_taken":0,"max_hp_gain":0,"max_hp_loss":0,"event_name":"Transmorgrifier","floor":19,"gold_loss":0,"cards_obtained":["Endless Agony"]}],"is_beta":false,"boss_relics":[{"not_picked":["Snecko Eye","Orrery"],"picked":"Calling Bell"}],"items_purged_floors":[],"is_endless":false,"potions_floor_spawned":[4,6,8,16,21],"killed_by":"Snecko","ascension_level":2}