{"gold_per_floor":[113,113,127,127,137,169,187,187,187,214,227,28,28,60,60,159,159,171,190,105,105,120,120],"floor_reached":23,"playtime":1182,"items_purged":[],"score":253,"play_id":"91b4ffe6-a03e-4d34-9e1f-64bfd120ea4f","local_time":"20191010002755","is_ascension_mode":true,"campfire_choices":[{"data":"Shockwave","floor":8,"key":"SMITH"},{"data":"Body Slam","floor":15,"key":"SMITH"}],"neow_cost":"CURSE","seed_source_timestamp":32093854421400,"circlet_count":0,"master_deck":["Strike_R","Strike_R","Strike_R","Strike_R","Strike_R","Defend_R","Defend_R","Defend_R","Defend_R","Bash+1","Immolate","Body Slam+1","Thunderclap","Headbutt","Dropkick","Shockwave+1","Impervious","Burning Pact","Juggernaut","Bloodletting","Power Through","Iron Wave","Rage","Intimidate","Feel No Pain","Shrug It Off"],"relics":["Burning Blood","Mercury Hourglass","WingedGreaves","Nunchaku","Membership Card","Strawberry","Orrery","Blue Candle"],"potions_floor_usage":[6,16,16,16,22,23],"damage_taken":[{"damage":7,"enemies":"Jaw Worm","floor":1,"turns":3},{"damage":6,"enemies":"Cultist","floor":3,"turns":3},{"damage":5,"enemies":"Small Slimes","floor":5,"turns":2},{"damage":30,"enemies":"3 Sentries","floor":6,"turns":4},{"damage":0,"enemies":"Exordium Thugs","floor":7,"turns":2},{"damage":25,"enemies":"Lagavulin","floor":10,"turns":5},{"damage":4,"enemies":"3 Louse","floor":11,"turns":3},{"damage":8,"enemies":"Gremlin Nob","floor":14,"turns":3},{"damage":45,"enemies":"The Guardian","floor":16,"turns":9},{"damage":1,"enemies":"Chosen","floor":18,"turns":7},{"damage":16,"enemies":"2 Thieves","floor":19,"turns":3},{"damage":10,"enemies":"Chosen and Byrds","floor":22,"turns":6},{"damage":80,"enemies":"Gremlin Leader","floor":23,"turns":8}],"seed_played":"1103403415888390462","potions_obtained":[{"floor":4,"key":"Explosive Potion"},{"floor":4,"key":"PowerPotion"},{"floor":4,"key":"Fire Potion"},{"floor":7,"key":"Ancient Potion"},{"floor":11,"key":"Explosive Potion"},{"floor":14,"key":"Energy Potion"},{"floor":16,"key":"Explosive Potion"},{"floor":18,"key":"SkillPotion"}],"is_trial":false,"path_per_floor":["M","?","M","?","M","E","M","R","T","E","M","$","$","E","R","B",null,"M","M","?","?","M","E"],"character_chosen":"IRONCLAD","items_purchased":["Membership Card"],"campfire_rested":0,"item_purchase_floors":[12],"current_hp_per_floor":[79,79,79,79,80,56,62,62,62,43,45,45,45,50,50,11,87,87,77,77,77,73,0],"gold":120,"neow_bonus":"THREE_RARE_CARDS","is_prod":false,"is_daily":false,"chose_seed":false,"campfire_upgraded":2,"win_rate":0,"timestamp":1570692475,"path_taken":["M","?","?","?","M","E","M","R","T","E","M","?","$","E","R","BOSS","M","M","?","?","?","E"],"build_version":"2019-07-17","purchased_purges":0,"victory":false,"max_hp_per_floor":[80,80,80,80,80,80,80,80,80,80,80,80,80,87,87,87,87,87,87,87,87,87,87],"card_choices":[{"not_picked":["Brutality","Fiend Fire"],"picked":"Immolate","floor":0},{"not_picked":["Perfected Strike","Wild Strike"],"picked":"Body Slam","floor":1},{"not_picked":["Rupture","Wild Strike"],"picked":"Thunderclap","floor":3},{"not_picked":["Clothesline","Seeing Red"],"picked":"Headbutt","floor":5},{"not_picked":["Berserk","Warcry"],"picked":"Dropkick","floor":6},{"not_picked":["Shrug It Off","Body Slam"],"picked":"Shockwave","floor":7},{"not_picked":["Combust","Armaments"],"picked":"Impervious","floor":10},{"not_picked":["Fire Breathing","Havoc"],"picked":"Burning Pact","floor":11},{"not_picked":["Heavy Blade","Wild Strike","Sword Boomerang"],"picked":"SKIP","floor":14},{"not_picked":["Demon Form","Fiend Fire"],"picked":"Juggernaut","floor":16},{"not_picked":["True Grit","Body Slam"],"picked":"Bloodletting","floor":17},{"not_picked":["True Grit","Infernal Blade"],"picked":"Power Through","floor":17},{"not_picked":["Battle Trance","Wild Strike"],"picked":"Iron Wave","floor":17},{"not_picked":["Battle Trance","Seeing Red"],"picked":"Rage","floor":17},{"not_picked":["Spot Weakness","Perfected Strike"],"picked":"Intimidate","floor":18},{"not_picked":["Bloodletting","Clothesline"],"picked":"Feel No Pain","floor":19},{"not_picked":["Sword Boomerang","Thunderclap"],"picked":"Shrug It Off","floor":22}],"player_experience":313079,"relics_obtained":[{"floor":6,"key":"Mercury Hourglass"},{"floor":9,"key":"WingedGreaves"},{"floor":10,"key":"Nunchaku"},{"floor":14,"key":"Strawberry"}],"event_choices":[{"damage_healed":0,"gold_gain":0,"player_choice":"Upgraded","damage_taken":0,"max_hp_gain":0,"max_hp_loss":0,"event_name":"Upgrade Shrine","floor":2,"gold_loss":0,"cards_upgraded":["Bash"]},{"damage_healed":0,"gold_gain":0,"player_choice":"Got Potions","damage_taken":0,"max_hp_gain":0,"max_hp_loss":0,"event_name":"Lab","floor":4,"gold_loss":0},{"damage_healed":0,"gold_gain":0,"player_choice":"Obtained Relic","damage_taken":0,"relics_obtained":["Blue Candle"],"max_hp_gain":0,"max_hp_loss":0,"event_name":"Addict","floor":20,"gold_loss":85},{"cards_removed":["Writhe"],"damage_healed":0,"gold_gain":0,"player_choice":"Purged","damage_taken":0,"max_hp_gain":0,"max_hp_loss":0,"event_name":"Purifier","floor":21,"gold_loss":0}],"is_beta":false,"boss_relics":[{"not_picked":["Runic Cube","Cursed Key"],"picked":"Orrery"}],"items_purged_floors":[],"is_endless":false,"potions_floor_spawned":[7,10,11,14,16,18],"killed_by":"Gremlin Leader","ascension_level":4}