{"gold_per_floor":[110,87,144,65,65,65,91,91,91,102,102,115,115,153,153,276,276,291,315,328,328,328],"floor_reached":22,"playtime":1228,"items_purged":[],"score":228,"play_id":"55f20794-3b6f-468d-bcde-cfba857bdae1","local_time":"20190505232656","is_ascension_mode":true,"campfire_choices":[{"data":"Bash","floor":6,"key":"SMITH"},{"data":"Heavy Blade","floor":8,"key":"SMITH"},{"data":"Sword Boomerang","floor":11,"key":"SMITH"},{"floor":15,"key":"REST"}],"neow_cost":"NONE","seed_source_timestamp":5353197230999,"circlet_count":0,"master_deck":["Strike_R","Strike_R","Strike_R","Strike_R+1","Strike_R","Defend_R","Defend_R","Defend_R","Defend_R","Bash+1","Flex+1","Heavy Blade+1","Clash","Warcry","Sword Boomerang+1","Twin Strike","Sever Soul","Demon Form","Berserk","Thunderclap+1","Evolve+1","Cleave+1"],"relics":["Black Blood","NeowsBlessing","Shuriken","Self Forming Clay","Golden Idol","Molten Egg 2"],"potions_floor_usage":[18,20,22,22],"damage_taken":[{"damage":0,"enemies":"Jaw Worm","floor":1,"turns":1},{"damage":0,"enemies":"Gremlin Nob","floor":7,"turns":1},{"damage":0,"enemies":"Small Slimes","floor":10,"turns":2},{"damage":6,"enemies":"2 Louse","floor":12,"turns":2},{"damage":14,"enemies":"3 Sentries","floor":14,"turns":4},{"damage":16,"enemies":"Slime Boss","floor":16,"turns":6},{"damage":17,"enemies":"2 Thieves","floor":18,"turns":4},{"damage":26,"enemies":"Shell Parasite","floor":19,"turns":4},{"damage":52,"enemies":"Cultist and Chosen","floor":20,"turns":6},{"damage":32,"enemies":"Snecko","floor":22,"turns":4}],"seed_played":"-5036276429035656139","potions_obtained":[{"floor":10,"key":"BloodPotion"},{"floor":12,"key":"BloodPotion"},{"floor":14,"key":"Explosive Potion"},{"floor":20,"key":"LiquidBronze"}],"is_trial":false,"path_per_floor":["M","$","?","$","?","R","E","R","T","M","R","M","?","E","R","B",null,"M","M","M","?","M"],"character_chosen":"IRONCLAD","items_purchased":["Heavy Blade","Clash","Warcry"],"campfire_rested":1,"item_purchase_floors":[2,4,4],"current_hp_per_floor":[80,80,80,80,64,64,70,70,70,76,76,76,56,48,72,62,80,73,57,23,23,0],"gold":328,"neow_bonus":"THREE_ENEMY_KILL","is_prod":false,"is_daily":false,"chose_seed":false,"campfire_upgraded":3,"win_rate":0,"timestamp":1557124016,"path_taken":["M","$","?","$","?","R","E","R","T","M","R","M","?","E","R","BOSS","M","M","M","?","M"],"build_version":"2019-01-23","purchased_purges":0,"victory":false,"max_hp_per_floor":[80,80,80,80,80,80,80,80,80,80,80,80,80,80,80,80,80,80,80,80,80,80],"card_choices":[{"not_picked":["Thunderclap","Clothesline"],"picked":"Flex","floor":1},{"not_picked":["Burning Pact","Intimidate"],"picked":"Sword Boomerang","floor":7},{"not_picked":["Metallicize","Blood for Blood"],"picked":"Twin Strike","floor":10},{"not_picked":["Armaments","True Grit"],"picked":"Sever Soul","floor":12},{"not_picked":["True Grit","Pommel Strike"],"picked":"Demon Form","floor":14},{"not_picked":["Juggernaut","Demon Form"],"picked":"Berserk","floor":16},{"not_picked":["Twin Strike+1","Carnage+1"],"picked":"Thunderclap+1","floor":18},{"not_picked":["Dual Wield+1","Corruption"],"picked":"Evolve+1","floor":19},{"not_picked":["Pummel+1","Clothesline+1"],"picked":"Cleave+1","floor":20}],"player_experience":89371,"relics_obtained":[{"floor":7,"key":"Shuriken"},{"floor":9,"key":"Self Forming Clay"},{"floor":14,"key":"Molten Egg 2"}],"event_choices":[{"damage_healed":0,"gold_gain":57,"player_choice":"Gained Gold","damage_taken":0,"max_hp_gain":0,"max_hp_loss":0,"event_name":"Golden Wing","floor":3,"gold_loss":0},{"damage_healed":0,"gold_gain":0,"player_choice":"Entered Light","damage_taken":16,"max_hp_gain":0,"max_hp_loss":0,"event_name":"Shining Light","floor":5,"gold_loss":0,"cards_upgraded":["Strike_R","Flex"]},{"damage_healed":0,"gold_gain":0,"player_choice":"Take Damage","damage_taken":20,"relics_obtained":["Golden Idol"],"max_hp_gain":0,"max_hp_loss":0,"event_name":"Golden Idol","floor":13,"gold_loss":0},{"damage_healed":0,"gold_gain":0,"player_choice":"Ignored","damage_taken":0,"max_hp_gain":0,"max_hp_loss":0,"event_name":"Ghosts","floor":21,"gold_loss":0}],"is_beta":false,"boss_relics":[{"not_picked":["Runic Dome","Snecko Eye"],"picked":"Black Blood"}],"items_purged_floors":[],"is_endless":false,"potions_floor_spawned":[10,12,14,20],"killed_by":"Snecko","ascension_level":1}