{"gold_per_floor":[118,128,140,140,158,158,184,184,184,212,226,226,246,45,45,173,173,189,214,214,232,331,364,364,64,91,105,124,32,50,50,50,176,176,196,196,209,43,66,66,99,99,99,115,115,135,150,164,164,164],"floor_reached":51,"playtime":5626,"items_purged":["Strike_G"],"score":824,"play_id":"feb9a601-6277-4c1f-a430-3d6e37dda280","local_time":"20190428024606","is_ascension_mode":true,"campfire_choices":[{"floor":6,"key":"REST"},{"floor":8,"key":"REST"},{"floor":15,"key":"REST"},{"floor":24,"key":"REST"},{"floor":32,"key":"REST"},{"floor":40,"key":"REST"},{"floor":42,"key":"REST"},{"floor":45,"key":"REST"},{"floor":49,"key":"REST"}],"neow_cost":"NONE","seed_source_timestamp":10778283585924,"circlet_count":0,"master_deck":["Defend_G","Defend_G","Defend_G","Defend_G","Strike_G","Strike_G","Survivor+1","Neutralize","Crippling Poison","Flying Knee","Accuracy","Backflip+1","Escape Plan+1","Burst+1","Outmaneuver+1","Injury","All Out Attack","Dodge and Roll+1","Flying Knee","Dagger Spray","Doppelganger+1","Sucker Punch+1","Dagger Spray+1","Finisher","Blade Dance+1","Backstab","Dagger Throw","Infinite Blades","PiercingWail+1","Infinite Blades+1","Tactician+1","Cloak And Dagger+1","Infinite Blades","Bullet Time+1","Corpse Explosion+1","Adrenaline+1","Phantasmal Killer+1","Deflect+1","Trip+1","Terror+1","Glass Knife","Acrobatics+1","Slice+1","Secret Technique+1","Infinite Blades+1","Well Laid Plans+1","Prepared+1","Deflect+1","Slice+1","Endless Agony+1"],"relics":["Ring of the Serpent","Centennial Puzzle","Toxic Egg 2","Vajra","Question Card","Gremlin Horn","Golden Idol","WristBlade","Lantern","Happy Flower","War Paint","Blood Vial","Pantograph"],"potions_floor_usage":[7,7,11,16,21,23,39,39,39,50,50],"damage_taken":[{"damage":0,"enemies":"2 Louse","floor":1,"turns":3},{"damage":2,"enemies":"Jaw Worm","floor":2,"turns":4},{"damage":3,"enemies":"Small Slimes","floor":3,"turns":3},{"damage":12,"enemies":"Red Slaver","floor":5,"turns":5},{"damage":33,"enemies":"3 Sentries","floor":7,"turns":12},{"damage":15,"enemies":"Gremlin Nob","floor":10,"turns":4},{"damage":0,"enemies":"Large Slime","floor":11,"turns":6},{"damage":7,"enemies":"Exordium Wildlife","floor":13,"turns":5},{"damage":45,"enemies":"Slime Boss","floor":16,"turns":16},{"damage":17,"enemies":"2 Thieves","floor":18,"turns":4},{"damage":2,"enemies":"Chosen","floor":19,"turns":6},{"damage":28,"enemies":"Snake Plant","floor":21,"turns":5},{"damage":17,"enemies":"Book of Stabbing","floor":23,"turns":7},{"damage":4,"enemies":"Centurion and Healer","floor":27,"turns":5},{"damage":0,"enemies":"3 Cultists","floor":28,"turns":2},{"damage":0,"enemies":"Cultist and Chosen","floor":30,"turns":5},{"damage":13,"enemies":"Automaton","floor":33,"turns":5},{"damage":17,"enemies":"Orb Walker","floor":35,"turns":4},{"damage":14,"enemies":"3 Shapes","floor":37,"turns":3},{"damage":23,"enemies":"Jaw Worm Horde","floor":39,"turns":3},{"damage":0,"enemies":"Reptomancer","floor":41,"turns":3},{"damage":26,"enemies":"Spire Growth","floor":44,"turns":3},{"damage":1,"enemies":"Transient","floor":46,"turns":5},{"damage":21,"enemies":"3 Darklings","floor":47,"turns":2},{"damage":16,"enemies":"Sphere and 2 Shapes","floor":48,"turns":2},{"damage":51,"enemies":"Donu and Deca","floor":50,"turns":8}],"seed_played":"4722434979718661858","potions_obtained":[{"floor":1,"key":"AttackPotion"},{"floor":3,"key":"Regen Potion"},{"floor":5,"key":"AttackPotion"},{"floor":11,"key":"Weak Potion"},{"floor":18,"key":"LiquidBronze"},{"floor":21,"key":"Regen Potion"},{"floor":23,"key":"Poison Potion"},{"floor":30,"key":"Poison Potion"},{"floor":35,"key":"Block Potion"},{"floor":41,"key":"SneckoOil"},{"floor":47,"key":"SmokeBomb"},{"floor":48,"key":"Regen Potion"}],"is_trial":false,"path_per_floor":["M","M","M","?","M","R","E","R","T","E","M","?","M","$","R","B",null,"M","M","?","M","?","E","R","$","T","M","M","$","M","?","R","B",null,"M","?","M","$","M","R","E","R","T","M","R","M","M","M","R","B",null],"character_chosen":"THE_SILENT","items_purchased":["Dodge and Roll+1","Flying Knee","Dagger Spray","Dagger Throw","Infinite Blades","Happy Flower","PiercingWail+1","Cloak And Dagger+1","Infinite Blades","Secret Technique+1"],"campfire_rested":9,"item_purchase_floors":[14,14,14,25,25,25,25,29,29,38],"current_hp_per_floor":[70,68,65,58,46,67,43,64,64,49,49,49,42,42,63,18,70,53,51,51,23,23,21,42,42,42,38,38,38,38,38,59,46,70,53,53,39,39,16,37,37,58,58,34,55,56,37,23,44,31],"gold":164,"neow_bonus":"RANDOM_COMMON_RELIC","is_prod":false,"is_daily":false,"chose_seed":false,"campfire_upgraded":0,"win_rate":0,"timestamp":1556444766,"path_taken":["M","M","M","?","M","R","E","R","T","E","M","?","M","$","R","BOSS","M","M","?","?","?","E","R","$","T","M","M","?","M","?","R","BOSS","M","?","?","$","M","R","E","R","T","M","R","?","M","M","R","BOSS"],"build_version":"2019-01-23","purchased_purges":1,"victory":true,"max_hp_per_floor":[70,70,70,70,70,70,70,70,70,70,70,70,70,70,70,70,70,70,70,70,70,70,70,70,70,70,70,70,70,70,70,70,70,70,70,70,70,70,70,70,70,70,70,70,70,70,70,70,70,70],"card_choices":[{"not_picked":["Catalyst","Underhanded Strike"],"picked":"Crippling Poison","floor":1},{"not_picked":["Masterful Stab","Backflip"],"picked":"Flying Knee","floor":2},{"not_picked":["Dagger Spray","Predator"],"picked":"Accuracy","floor":3},{"not_picked":["Underhanded Strike","Dagger Throw"],"picked":"Backflip+1","floor":5},{"not_picked":["Skewer","Slice"],"picked":"Escape Plan+1","floor":7},{"not_picked":["Footwork","Noxious Fumes","Underhanded Strike"],"picked":"Burst+1","floor":10},{"not_picked":["Backflip+1","Predator","Eviscerate"],"picked":"Outmaneuver+1","floor":11},{"not_picked":["Backflip+1","Leg Sweep+1","Accuracy"],"picked":"All Out Attack","floor":13},{"not_picked":["Unload","Burst+1","Night Terror+1"],"picked":"Doppelganger+1","floor":16},{"not_picked":["Deflect+1","Masterful Stab","Prepared+1"],"picked":"Sucker Punch+1","floor":18},{"not_picked":["Backflip+1","Masterful Stab","Eviscerate"],"picked":"Dagger Spray+1","floor":19},{"not_picked":["Heel Hook","Catalyst+1","Backflip+1"],"picked":"Blade Dance+1","floor":21},{"not_picked":["PiercingWail+1","Finisher","Flying Knee+1"],"picked":"Backstab","floor":23},{"not_picked":["Catalyst+1","Crippling Poison+1","Dodge and Roll+1"],"picked":"Infinite Blades+1","floor":27},{"not_picked":["Sucker Punch","Prepared+1","PiercingWail+1"],"picked":"Tactician+1","floor":28},{"not_picked":["Expertise+1","Cloak And Dagger+1","Reflex+1"],"picked":"Bullet Time+1","floor":30},{"not_picked":["Corpse Explosion+1","After Image","Storm of Steel+1"],"picked":"Phantasmal Killer+1","floor":33},{"not_picked":["Backflip+1","Crippling Poison+1","PiercingWail+1"],"picked":"Deflect+1","floor":35},{"not_picked":["Bouncing Flask+1","Blade Dance+1","Skewer"],"picked":"Slice+1","floor":37},{"not_picked":["PiercingWail+1","Deflect+1","Terror+1"],"picked":"Infinite Blades+1","floor":39},{"not_picked":["Predator","Terror+1","Bouncing Flask+1"],"picked":"Well Laid Plans+1","floor":41},{"not_picked":["Bane+1","Flechettes+1","Deadly Poison+1"],"picked":"Prepared+1","floor":44},{"not_picked":["Underhanded Strike+1","Sucker Punch","Flying Knee"],"picked":"Deflect+1","floor":46},{"not_picked":["Terror+1","Dodge and Roll+1","Noxious Fumes"],"picked":"Slice+1","floor":47},{"not_picked":["Deadly Poison+1","Dodge and Roll+1","Slice"],"picked":"Endless Agony+1","floor":48}],"player_experience":73647,"relics_obtained":[{"floor":7,"key":"Vajra"},{"floor":9,"key":"Question Card"},{"floor":10,"key":"Gremlin Horn"},{"floor":23,"key":"Lantern"},{"floor":26,"key":"War Paint"},{"floor":41,"key":"Blood Vial"},{"floor":43,"key":"Pantograph"}],"event_choices":[{"damage_healed":0,"gold_gain":0,"player_choice":"Success","damage_taken":7,"relics_obtained":["Toxic Egg 2"],"max_hp_gain":0,"max_hp_loss":0,"event_name":"Scrap Ooze","floor":4,"gold_loss":0},{"damage_healed":0,"gold_gain":0,"player_choice":"Take Wound","damage_taken":0,"relics_obtained":["Golden Idol"],"max_hp_gain":0,"max_hp_loss":0,"event_name":"Golden Idol","floor":12,"gold_loss":0,"cards_obtained":["Injury"]},{"damage_healed":0,"gold_gain":0,"cards_transformed":["Strike_G"],"player_choice":"Transformed","damage_taken":0,"max_hp_gain":0,"max_hp_loss":0,"event_name":"Transmorgrifier","floor":20,"gold_loss":0,"cards_obtained":["Finisher"]},{"damage_healed":0,"gold_gain":99,"player_choice":"Stole From Cult","damage_taken":0,"max_hp_gain":0,"max_hp_loss":0,"event_name":"Nest","floor":22,"gold_loss":0},{"damage_healed":0,"gold_gain":0,"cards_transformed":["Strike_G","Defend_G"],"player_choice":"Became Test Subject","damage_taken":0,"max_hp_gain":0,"max_hp_loss":0,"event_name":"Drug Dealer","floor":31,"gold_loss":0,"cards_obtained":["Corpse Explosion","Adrenaline"]},{"damage_healed":0,"gold_gain":0,"player_choice":"4 cards matched","damage_taken":0,"max_hp_gain":0,"max_hp_loss":0,"event_name":"Match and Keep!","floor":36,"gold_loss":0,"cards_obtained":["Trip","Terror","Glass Knife","Acrobatics"]}],"is_beta":false,"boss_relics":[{"not_picked":["Ectoplasm","Lizard Tail"],"picked":"WristBlade"},{"not_picked":["Philosopher\u0027s Stone","Sozu"],"picked":"Ring of the Serpent"}],"items_purged_floors":[14],"is_endless":false,"potions_floor_spawned":[1,3,5,11,18,21,23,30,35,41,47,48],"ascension_level":1}