{"gold_per_floor":[11,23,40,51,51,82,82,82,82,82,103,134,134,59,59,155,155,180,180,180,180,180,180,100,100,112,124,155,183,230,267,279,380,392,420,445,457,802,833,845,857,881,945,957,464,492,511,511],"floor_reached":48,"playtime":2967,"items_purged":["Strike_B","Strike_B+1"],"score":871,"play_id":"4c0b1705-75eb-4ba3-ad8b-82a1fcc7a7cc","local_time":"20191023145314","is_ascension_mode":true,"campfire_choices":[{"data":"Reinforced Body","floor":7,"key":"SMITH"},{"data":"Conserve Battery","floor":13,"key":"SMITH"},{"data":"Ball Lightning","floor":15,"key":"SMITH"},{"data":"Creative AI","floor":23,"key":"SMITH"},{"data":"Doom and Gloom","floor":27,"key":"SMITH"},{"data":"Biased Cognition","floor":32,"key":"SMITH"},{"floor":40,"key":"REST"}],"neow_cost":"NO_GOLD","seed_source_timestamp":1143410575345500,"circlet_count":0,"master_deck":["AscendersBane","Defend_B+1","Defend_B+1","Defend_B+1","Zap","Dualcast","Ball Lightning+1","Conserve Battery+1","Electrodynamics","Reinforced Body+1","Undo","Force Field","Biased Cognition+1","Necronomicurse","Creative AI+1","Melter","Doom and Gloom+1","Force Field","Barrage+1","Cold Snap+1","Cold Snap+1","Streamline+1","Rebound+1","Thunder Strike+1","Loop","Compile Driver+1","Defragment"],"relics":["Cracked Core","Pocketwatch","Blue Candle","Unceasing Top","Turnip","Busted Crown","Necronomicon","MawBank","Darkstone Periapt","Molten Egg 2","Orrery","Regal Pillow","Anchor"],"potions_floor_usage":[6,16,30,35,39,46],"damage_taken":[{"damage":12,"enemies":"Small Slimes","floor":1,"turns":2},{"damage":7,"enemies":"Jaw Worm","floor":2,"turns":2},{"damage":4,"enemies":"2 Louse","floor":3,"turns":2},{"damage":1,"enemies":"Looter","floor":4,"turns":3},{"damage":3,"enemies":"Lagavulin","floor":6,"turns":6},{"damage":0,"enemies":"2 Fungi Beasts","floor":11,"turns":2},{"damage":8,"enemies":"3 Sentries","floor":12,"turns":5},{"damage":29,"enemies":"Hexaghost","floor":16,"turns":15},{"damage":3,"enemies":"Shell Parasite","floor":18,"turns":5},{"damage":4,"enemies":"Chosen","floor":28,"turns":3},{"damage":0,"enemies":"Centurion and Healer","floor":29,"turns":2},{"damage":0,"enemies":"Gremlin Leader","floor":30,"turns":5},{"damage":0,"enemies":"Sentry and Sphere","floor":31,"turns":3},{"damage":5,"enemies":"Collector","floor":33,"turns":6},{"damage":10,"enemies":"3 Darklings","floor":35,"turns":4},{"damage":19,"enemies":"Orb Walker","floor":36,"turns":3},{"damage":29,"enemies":"3 Darklings","floor":39,"turns":5},{"damage":6,"enemies":"Transient","floor":42,"turns":5},{"damage":19,"enemies":"Reptomancer","floor":46,"turns":5},{"damage":0,"enemies":"4 Shapes","floor":47,"turns":4},{"damage":27,"enemies":"Nemesis","floor":48,"turns":2}],"seed_played":"-3542888569749692908","potions_obtained":[{"floor":2,"key":"PowerPotion"},{"floor":11,"key":"FearPotion"},{"floor":12,"key":"Energy Potion"},{"floor":28,"key":"Block Potion"},{"floor":29,"key":"Fire Potion"},{"floor":35,"key":"Fruit Juice"},{"floor":39,"key":"SpeedPotion"}],"is_trial":false,"path_per_floor":["M","M","M","M","?","E","R","?","T","?","M","E","R","$","R","B",null,"M","?","?","?","?","R","$","T","T","R","M","M","E","M","R","B",null,"M","M","?","?","M","R","?","M","T","?","$","E","M","E"],"character_chosen":"DEFECT","items_purchased":["Doom and Gloom","Regal Pillow","Thunder Strike+1","Loop","Compile Driver+1"],"campfire_rested":1,"item_purchase_floors":[24,45,45,45,45],"current_hp_per_floor":[56,49,45,44,44,41,41,34,34,57,57,49,49,49,49,20,57,54,54,38,38,38,38,38,38,38,38,34,34,34,34,34,29,59,54,35,35,35,6,28,28,22,22,22,22,3,3,0],"gold":511,"neow_bonus":"ONE_RARE_RELIC","is_prod":false,"is_daily":false,"chose_seed":false,"campfire_upgraded":6,"win_rate":0,"timestamp":1571856794,"path_taken":["M","M","M","M","?","E","R","?","T","?","M","E","R","$","R","BOSS","M","?","?","?","?","R","$","?","T","R","M","M","E","M","R","BOSS","M","M","?","?","M","R","?","M","T","?","$","E","M","E"],"build_version":"2019-07-17","purchased_purges":2,"victory":false,"max_hp_per_floor":[75,75,75,75,69,69,69,69,69,69,69,69,69,69,69,69,69,69,69,69,69,69,69,69,69,69,69,69,69,69,69,69,69,69,74,74,74,74,74,74,74,74,74,74,74,74,74,74],"card_choices":[{"not_picked":["Hologram","Turbo"],"picked":"Ball Lightning","floor":1},{"not_picked":["Chill","Chaos","FTL"],"picked":"SKIP","floor":2},{"not_picked":["Leap","Sunder"],"picked":"Conserve Battery","floor":3},{"not_picked":["Conserve Battery","Redo"],"picked":"Electrodynamics","floor":4},{"not_picked":["Rebound","Consume"],"picked":"Reinforced Body","floor":6},{"not_picked":["Leap","Turbo"],"picked":"Undo","floor":11},{"not_picked":["Chill","Steam"],"picked":"Force Field","floor":12},{"not_picked":["Meteor Strike","Hyperbeam"],"picked":"Biased Cognition","floor":16},{"not_picked":["Ball Lightning"],"picked":"SKIP","floor":18},{"not_picked":["Gash"],"picked":"SKIP","floor":28},{"not_picked":["Rebound"],"picked":"SKIP","floor":29},{"not_picked":["Rainbow"],"picked":"SKIP","floor":30},{"not_picked":["Gash+1"],"picked":"SKIP","floor":31},{"not_picked":[],"picked":"Force Field","floor":34},{"not_picked":[],"picked":"Barrage+1","floor":34},{"not_picked":[],"picked":"Cold Snap+1","floor":34},{"not_picked":[],"picked":"Cold Snap+1","floor":34},{"not_picked":[],"picked":"Streamline+1","floor":35},{"not_picked":["Steam"],"picked":"SKIP","floor":36},{"not_picked":["Stack"],"picked":"SKIP","floor":39},{"not_picked":[],"picked":"Rebound+1","floor":42},{"not_picked":["Lockon+1"],"picked":"SKIP","floor":46},{"not_picked":[],"picked":"Defragment","floor":47}],"player_experience":530385,"relics_obtained":[{"floor":6,"key":"Blue Candle"},{"floor":9,"key":"Unceasing Top"},{"floor":12,"key":"Turnip"},{"floor":20,"key":"Necronomicon"},{"floor":25,"key":"MawBank"},{"floor":26,"key":"Darkstone Periapt"},{"floor":30,"key":"Molten Egg 2"},{"floor":46,"key":"Anchor"}],"event_choices":[{"damage_healed":0,"gold_gain":0,"player_choice":"Lose Max HP","damage_taken":0,"relics_obtained":["Golden Idol"],"max_hp_gain":0,"max_hp_loss":6,"event_name":"Golden Idol","floor":5,"gold_loss":0},{"cards_removed":["Strike_B"],"damage_healed":0,"gold_gain":0,"player_choice":"Card Removal","damage_taken":7,"max_hp_gain":0,"max_hp_loss":0,"event_name":"Golden Wing","floor":8,"gold_loss":0},{"damage_healed":23,"gold_gain":0,"player_choice":"Banana","damage_taken":0,"max_hp_gain":0,"max_hp_loss":0,"event_name":"Big Fish","floor":10,"gold_loss":0},{"damage_healed":0,"gold_gain":0,"player_choice":"Simplicity","damage_taken":0,"max_hp_gain":0,"max_hp_loss":0,"event_name":"Back to Basics","floor":19,"gold_loss":0,"cards_upgraded":["Strike_B","Strike_B","Defend_B","Defend_B","Defend_B","Defend_B"]},{"damage_healed":0,"gold_gain":0,"player_choice":"Obtained Book","damage_taken":16,"max_hp_gain":0,"max_hp_loss":0,"event_name":"Cursed Tome","floor":20,"gold_loss":0},{"damage_healed":0,"gold_gain":0,"cards_transformed":["Defend_B","Strike_B"],"player_choice":"Became Test Subject","damage_taken":0,"max_hp_gain":0,"max_hp_loss":0,"event_name":"Drug Dealer","floor":21,"gold_loss":0,"cards_obtained":["Creative AI","Melter"]},{"damage_healed":0,"gold_gain":0,"player_choice":"Ignored","damage_taken":0,"max_hp_gain":0,"max_hp_loss":0,"event_name":"Vampires","floor":22,"gold_loss":0},{"damage_healed":0,"gold_gain":0,"player_choice":"Ignored","damage_taken":0,"max_hp_gain":0,"max_hp_loss":0,"event_name":"Tomb of Lord Red Mask","floor":37,"gold_loss":0},{"damage_healed":0,"gold_gain":333,"player_choice":"Gave Idol","damage_taken":0,"max_hp_gain":0,"max_hp_loss":0,"event_name":"The Moai Head","floor":38,"relics_lost":["Golden Idol"],"gold_loss":0},{"damage_healed":0,"gold_gain":0,"player_choice":"Ignored","damage_taken":0,"max_hp_gain":0,"max_hp_loss":0,"event_name":"Mysterious Sphere","floor":41,"gold_loss":0},{"damage_healed":0,"gold_gain":0,"player_choice":"Memory 1","damage_taken":0,"max_hp_gain":0,"max_hp_loss":0,"event_name":"SensoryStone","floor":44,"gold_loss":0}],"is_beta":false,"boss_relics":[{"not_picked":["White Beast Statue","Cursed Key"],"picked":"Busted Crown"},{"not_picked":["Fusion Hammer","Runic Dome"],"picked":"Orrery"}],"items_purged_floors":[14,45],"is_endless":false,"potions_floor_spawned":[2,11,12,28,29,35,39],"killed_by":"Nemesis","ascension_level":13}