{"gold_per_floor":[109,184,184,184,200,200,229,242,242,59,85,35,35,35,35,161,161,186,186,186,186,200,234,250,291,314,314,328,343,107,132,132,132],"floor_reached":33,"playtime":1951,"items_purged":[],"score":308,"play_id":"e8831394-27a3-43f3-b883-27c6c9a82ef1","local_time":"20191029011003","is_ascension_mode":true,"campfire_choices":[{"data":"Bash","floor":6,"key":"SMITH"},{"data":"True Grit","floor":13,"key":"SMITH"},{"data":"Pommel Strike","floor":15,"key":"SMITH"},{"floor":27,"key":"REST"},{"data":"Rupture","floor":32,"key":"SMITH"}],"neow_cost":"NONE","seed_source_timestamp":262596445970800,"circlet_count":0,"master_deck":["Strike_R+1","Strike_R","Defend_R","Defend_R+1","Bash+1","Rampage","Headbutt","True Grit+1","Warcry","Pommel Strike+1","Feel No Pain","Injury","Fiend Fire","Offering+1","Rupture+1","Limit Break+1","Bloodletting","RitualDagger","Feel No Pain","Burning Pact","Battle Trance+1","Dual Wield","Rupture+1","Shrug It Off"],"relics":["Burning Blood","Blood Vial","Bag of Preparation","Nunchaku","Question Card","Sling","Bronze Scales","Golden Idol","Astrolabe","Vajra","Strawberry","Ornamental Fan","Juzu Bracelet","Ancient Tea Set"],"potions_floor_usage":[16,22,29,31,33,33],"damage_taken":[{"damage":5,"enemies":"Jaw Worm","floor":1,"turns":5},{"damage":0,"enemies":"Small Slimes","floor":5,"turns":3},{"damage":14,"enemies":"Gremlin Nob","floor":7,"turns":3},{"damage":0,"enemies":"2 Louse","floor":8,"turns":2},{"damage":6,"enemies":"3 Sentries","floor":11,"turns":6},{"damage":31,"enemies":"Hexaghost","floor":16,"turns":11},{"damage":8,"enemies":"Spheric Guardian","floor":18,"turns":4},{"damage":9,"enemies":"2 Thieves","floor":22,"turns":4},{"damage":14,"enemies":"Slavers","floor":23,"turns":4},{"damage":13,"enemies":"3 Cultists","floor":24,"turns":4},{"damage":37,"enemies":"Gremlin Leader","floor":25,"turns":4},{"damage":12,"enemies":"Snake Plant","floor":28,"turns":2},{"damage":25,"enemies":"Shelled Parasite and Fungi","floor":29,"turns":3},{"damage":21,"enemies":"Snecko","floor":31,"turns":5},{"damage":44,"enemies":"Champ","floor":33,"turns":5}],"seed_played":"6372577323227154644","potions_obtained":[{"floor":1,"key":"Dexterity Potion"},{"floor":5,"key":"ElixirPotion"},{"floor":8,"key":"SkillPotion"},{"floor":16,"key":"Regen Potion"},{"floor":28,"key":"DistilledChaos"},{"floor":31,"key":"PowerPotion"}],"is_trial":false,"path_per_floor":["M","?","?","?","M","R","E","M","T","$","E","?","R","?","R","B",null,"M","?","?","?","M","E","M","E","T","R","M","M","$","M","R","B"],"character_chosen":"IRONCLAD","items_purchased":["Sling","Pommel Strike","Ancient Tea Set","Rupture"],"campfire_rested":1,"item_purchase_floors":[10,10,30,30],"current_hp_per_floor":[80,69,53,35,43,43,37,45,45,45,47,47,47,47,47,24,80,78,78,78,72,71,72,67,38,38,64,60,43,43,42,42,0],"gold":132,"neow_bonus":"RANDOM_COMMON_RELIC","is_prod":false,"is_daily":false,"chose_seed":false,"campfire_upgraded":4,"win_rate":0,"timestamp":1572336603,"path_taken":["M","?","?","?","M","R","E","M","T","$","E","?","R","?","R","BOSS","M","?","?","?","M","E","M","E","T","R","M","M","$","M","R","BOSS"],"build_version":"2019-10-28","purchased_purges":0,"victory":false,"max_hp_per_floor":[80,80,80,80,80,80,80,80,80,80,80,80,80,80,80,80,80,80,80,80,80,80,87,87,87,87,87,87,87,87,87,87,87],"card_choices":[{"not_picked":["Burning Pact","Armaments"],"picked":"Rampage","floor":1},{"not_picked":["Flame Barrier","Anger"],"picked":"Headbutt","floor":5},{"not_picked":["Perfected Strike","Dark Embrace"],"picked":"True Grit","floor":7},{"not_picked":["Iron Wave","Twin Strike"],"picked":"Warcry","floor":8},{"not_picked":["Armaments","Berserk","Offering"],"picked":"Feel No Pain","floor":11},{"not_picked":["Barricade","Brutality","Reaper"],"picked":"Fiend Fire","floor":16},{"not_picked":["Anger","Cleave+1","Clash+1"],"picked":"Bloodletting","floor":18},{"not_picked":["Heavy Blade+1","Pommel Strike","Feed"],"picked":"Feel No Pain","floor":22},{"not_picked":["Armaments","Flex","Fire Breathing"],"picked":"Burning Pact","floor":23},{"not_picked":["Pommel Strike+1","Anger+1","Clothesline","Headbutt"],"picked":"SKIP","floor":24},{"not_picked":["Body Slam","Thunderclap","True Grit"],"picked":"Battle Trance+1","floor":25},{"not_picked":["Inflame","Body Slam","True Grit+1","Flex"],"picked":"SKIP","floor":28},{"not_picked":["Sword Boomerang+1","Juggernaut","Combust"],"picked":"Dual Wield","floor":29},{"not_picked":["Rupture","Clothesline","Disarm"],"picked":"Shrug It Off","floor":31}],"player_experience":78178,"relics_obtained":[{"floor":7,"key":"Nunchaku"},{"floor":9,"key":"Question Card"},{"floor":11,"key":"Bronze Scales"},{"floor":23,"key":"Strawberry"},{"floor":25,"key":"Ornamental Fan"},{"floor":26,"key":"Juzu Bracelet"}],"event_choices":[{"damage_healed":0,"gold_gain":75,"player_choice":"Gather Gold","damage_taken":11,"max_hp_gain":0,"max_hp_loss":0,"event_name":"World of Goop","floor":2,"gold_loss":0},{"damage_healed":0,"gold_gain":0,"player_choice":"Entered Light","damage_taken":16,"max_hp_gain":0,"max_hp_loss":0,"event_name":"Shining Light","floor":3,"gold_loss":0,"cards_upgraded":["Strike_R","Defend_R"]},{"damage_healed":0,"gold_gain":0,"player_choice":"Success","damage_taken":18,"relics_obtained":["Bag of Preparation"],"max_hp_gain":0,"max_hp_loss":0,"event_name":"Scrap Ooze","floor":4,"gold_loss":0},{"cards_removed":["Strike_R"],"damage_healed":0,"gold_gain":0,"player_choice":"Card Removal","damage_taken":0,"max_hp_gain":0,"max_hp_loss":0,"event_name":"The Cleric","floor":12,"gold_loss":50},{"damage_healed":0,"gold_gain":0,"player_choice":"Take Wound","damage_taken":0,"relics_obtained":["Golden Idol"],"max_hp_gain":0,"max_hp_loss":0,"event_name":"Golden Idol","floor":14,"gold_loss":0,"cards_obtained":["Injury"]},{"damage_healed":0,"gold_gain":0,"player_choice":"Opened","damage_taken":0,"relics_obtained":["Vajra"],"max_hp_gain":0,"max_hp_loss":0,"event_name":"The Mausoleum","floor":19,"gold_loss":0},{"cards_removed":["Defend_R"],"damage_healed":0,"gold_gain":0,"player_choice":"Elegance","damage_taken":0,"max_hp_gain":0,"max_hp_loss":0,"event_name":"Back to Basics","floor":20,"gold_loss":0},{"damage_healed":0,"gold_gain":0,"player_choice":"Joined the Cult","damage_taken":6,"max_hp_gain":0,"max_hp_loss":0,"event_name":"Nest","floor":21,"gold_loss":0,"cards_obtained":["RitualDagger"]}],"is_beta":true,"boss_relics":[{"not_picked":["Fusion Hammer","Runic Cube"],"picked":"Astrolabe"}],"items_purged_floors":[],"is_endless":false,"potions_floor_spawned":[1,5,8,16,18,28,31],"killed_by":"Champ","ascension_level":1}