{"gold_per_floor":[109,120,135,135,152,185,199,199,275,9,9,9,63,108,108,208,208,223,239,264,281,200,200],"floor_reached":23,"playtime":1842,"items_purged":["Strike_B"],"score":417,"play_id":"7db9fa43-c502-4f98-b4e5-6f903abba677","local_time":"20191023125506","is_ascension_mode":true,"campfire_choices":[{"data":"Barrage","floor":8,"key":"SMITH"},{"data":"HandOfGreed","floor":11,"key":"SMITH"},{"data":"Conserve Battery","floor":15,"key":"SMITH"}],"neow_cost":"NONE","seed_source_timestamp":1137447422333200,"circlet_count":0,"master_deck":["AscendersBane","Zap+1","Dualcast","Glacier","Streamline","Rip and Tear","Lockon","Conserve Battery+1","Barrage+1","HandOfGreed+1","Glacier","Leap","All For One","Tempest","Skim","Machine Learning","Creative AI","Fusion","Barrage","Compile Driver+1","Loop","Defragment"],"relics":["Cracked Core","Dream Catcher","Tiny Chest","CultistMask","Mercury Hourglass","Pandora\u0027s Box","Vajra"],"potions_floor_usage":[6,6,16,18,21],"damage_taken":[{"damage":2,"enemies":"Jaw Worm","floor":1,"turns":2},{"damage":6,"enemies":"Cultist","floor":2,"turns":4},{"damage":0,"enemies":"Small Slimes","floor":3,"turns":2},{"damage":0,"enemies":"Exordium Wildlife","floor":5,"turns":3},{"damage":3,"enemies":"3 Sentries","floor":6,"turns":7},{"damage":7,"enemies":"3 Louse","floor":7,"turns":3},{"damage":17,"enemies":"Lagavulin","floor":13,"turns":5},{"damage":11,"enemies":"Lots of Slimes","floor":14,"turns":3},{"damage":0,"enemies":"Slime Boss","floor":16,"turns":9},{"damage":1,"enemies":"3 Byrds","floor":18,"turns":4},{"damage":11,"enemies":"Spheric Guardian","floor":19,"turns":3},{"damage":8,"enemies":"Snake Plant","floor":21,"turns":4},{"damage":43,"enemies":"Gremlin Leader","floor":23,"turns":4}],"seed_played":"8489752614903628657","potions_obtained":[{"floor":1,"key":"Block Potion"},{"floor":5,"key":"Block Potion"},{"floor":7,"key":"Swift Potion"},{"floor":13,"key":"Fire Potion"},{"floor":19,"key":"FearPotion"}],"is_trial":false,"path_per_floor":["M","M","M","?","M","E","M","R","T","$","R","?","E","M","R","B",null,"M","M","T","M","$","E"],"character_chosen":"DEFECT","items_purchased":["HandOfGreed","Defragment"],"campfire_rested":0,"item_purchase_floors":[10,22],"current_hp_per_floor":[66,60,60,60,60,57,50,50,50,50,50,50,33,22,22,22,62,61,50,50,42,42,0],"gold":200,"neow_bonus":"UPGRADE_CARD","is_prod":false,"is_daily":false,"chose_seed":false,"campfire_upgraded":3,"win_rate":0,"timestamp":1571849706,"path_taken":["M","M","M","?","M","E","M","R","T","?","R","?","E","M","R","BOSS","M","?","?","M","$","E"],"build_version":"2019-07-17","purchased_purges":1,"victory":false,"max_hp_per_floor":[75,75,75,75,75,75,75,75,75,75,75,75,75,75,75,75,75,75,75,75,75,75,75],"card_choices":[{"not_picked":["Redo","Rebound"],"picked":"Glacier","floor":1},{"not_picked":["Steam Power","Redo"],"picked":"Streamline","floor":2},{"not_picked":["Gash","Go for the Eyes"],"picked":"Rip and Tear","floor":3},{"not_picked":["Gash","Steam"],"picked":"Lockon","floor":5},{"not_picked":["Creative AI","Turbo"],"picked":"Conserve Battery","floor":6},{"not_picked":["White Noise","Skim"],"picked":"Barrage","floor":7},{"not_picked":["Beam Cell","Streamline"],"picked":"Glacier","floor":13},{"not_picked":["Storm","Hello World"],"picked":"Leap","floor":14},{"not_picked":["Rainbow","Reboot"],"picked":"All For One","floor":16},{"not_picked":["Aggregate","Streamline"],"picked":"Compile Driver+1","floor":18},{"not_picked":["Glacier","Sweeping Beam"],"picked":"Loop","floor":19},{"not_picked":["Streamline","Hello World","Redo"],"picked":"SKIP","floor":21}],"player_experience":526155,"relics_obtained":[{"floor":6,"key":"Dream Catcher"},{"floor":9,"key":"Tiny Chest"},{"floor":13,"key":"Mercury Hourglass"},{"floor":20,"key":"Vajra"}],"event_choices":[{"cards_removed":["Strike_B"],"damage_healed":0,"gold_gain":0,"player_choice":"Purged","damage_taken":0,"max_hp_gain":0,"max_hp_loss":0,"event_name":"Purifier","floor":4,"gold_loss":0},{"damage_healed":0,"gold_gain":0,"player_choice":"Trade","damage_taken":0,"relics_obtained":["CultistMask"],"max_hp_gain":0,"max_hp_loss":0,"event_name":"FaceTrader","floor":12,"gold_loss":0}],"is_beta":false,"boss_relics":[{"not_picked":["Runic Dome","Cursed Key"],"picked":"Pandora\u0027s Box"}],"items_purged_floors":[10],"is_endless":false,"potions_floor_spawned":[1,5,7,13,19],"killed_by":"Gremlin Leader","ascension_level":13}