{"gold_per_floor":[111,129,140,215,233,268,268,268,268,300,310,327,357,357,357,455,505,523,473,126,100,119,145,145,175,175,175,194,194,223,36,36,138,138,154,166,166,18,34,34,50,50,118,134,134,150,150,160,160,160],"floor_reached":50,"playtime":3262,"items_purged":[],"score":655,"play_id":"368e9b80-2cac-4680-91e4-0fe5e7a2f711","local_time":"20190520210624","is_ascension_mode":true,"campfire_choices":[{"data":"Bash","floor":7,"key":"SMITH"},{"data":"Bloodletting","floor":15,"key":"SMITH"},{"data":"Double Tap","floor":24,"key":"SMITH"},{"floor":27,"key":"REST"},{"floor":32,"key":"REST"},{"floor":40,"key":"REST"},{"floor":42,"key":"REST"},{"floor":47,"key":"REST"},{"data":"Metamorphosis","floor":49,"key":"SMITH"}],"neow_cost":"NONE","seed_source_timestamp":342601013300294,"circlet_count":0,"master_deck":["Strike_R","Strike_R","Strike_R","Strike_R","Strike_R","Defend_R","Defend_R","Defend_R","Defend_R","Bash+1","Infernal Blade","Evolve","Flame Barrier","Impervious","Cleave+1","Bloodletting+1","Headbutt","Spot Weakness","Demon Form","Double Tap+1","Twin Strike","Intimidate+1","Bludgeon","Inflame","Warcry","Flex","Ghostly Armor+1","Dual Wield","Clash+1","J.A.X.","Infernal Blade","Metamorphosis+1","Berserk","Dropkick","Heavy Blade","Havoc","Feel No Pain","Anger","Heavy Blade+1","Iron Wave+1","Parasite","Shrug It Off+1","True Grit","Swift Strike","Flex+1","Sever Soul+1"],"relics":["Burning Blood","Red Skull","FaceOfCleric","Bag of Marbles","Kunai","Anchor","Tiny House","OrangePellets","Gremlin Horn","Bottled Lightning","Turnip","Red Mask","Lizard Tail","The Courier"],"potions_floor_usage":[2,6,6,10,10,16,23,33,33,38,39,50,50],"damage_taken":[{"damage":11,"enemies":"Jaw Worm","floor":1,"turns":4},{"damage":2,"enemies":"2 Louse","floor":2,"turns":2},{"damage":5,"enemies":"Cultist","floor":3,"turns":4},{"damage":9,"enemies":"3 Louse","floor":5,"turns":4},{"damage":25,"enemies":"3 Sentries","floor":6,"turns":9},{"damage":0,"enemies":"Gremlin Nob","floor":10,"turns":3},{"damage":9,"enemies":"Exordium Thugs","floor":11,"turns":4},{"damage":12,"enemies":"Looter","floor":12,"turns":3},{"damage":9,"enemies":"Lagavulin","floor":13,"turns":5},{"damage":43,"enemies":"Hexaghost","floor":16,"turns":8},{"damage":33,"enemies":"Spheric Guardian","floor":18,"turns":5},{"damage":0,"enemies":"Chosen","floor":22,"turns":4},{"damage":30,"enemies":"Slavers","floor":23,"turns":7},{"damage":17,"enemies":"Gremlin Leader","floor":25,"turns":6},{"damage":15,"enemies":"Snake Plant","floor":28,"turns":4},{"damage":0,"enemies":"Masked Bandits","floor":30,"turns":2},{"damage":85,"enemies":"Automaton","floor":33,"turns":10},{"damage":33,"enemies":"3 Darklings","floor":35,"turns":4},{"damage":32,"enemies":"3 Shapes","floor":36,"turns":4},{"damage":16,"enemies":"Sphere and 2 Shapes","floor":39,"turns":4},{"damage":31,"enemies":"Spire Growth","floor":41,"turns":4},{"damage":27,"enemies":"Writhing Mass","floor":44,"turns":5},{"damage":5,"enemies":"Maw","floor":46,"turns":6},{"damage":0,"enemies":"Sphere and 2 Shapes","floor":48,"turns":1},{"damage":198,"enemies":"Time Eater","floor":50,"turns":12}],"seed_played":"71484851615969750","potions_obtained":[{"floor":0,"key":"FearPotion"},{"floor":0,"key":"EssenceOfSteel"},{"floor":0,"key":"Block Potion"},{"floor":3,"key":"Fire Potion"},{"floor":6,"key":"PowerPotion"},{"floor":10,"key":"EssenceOfSteel"},{"floor":17,"key":"BloodPotion"},{"floor":18,"key":"Swift Potion"},{"floor":23,"key":"Dexterity Potion"},{"floor":36,"key":"GamblersBrew"},{"floor":37,"key":"Fruit Juice"},{"floor":37,"key":"FairyPotion"},{"floor":41,"key":"Swift Potion"},{"floor":44,"key":"Ancient Potion"}],"is_trial":false,"path_per_floor":["M","M","M","?","M","E","R","?","T","E","M","M","E","?","R","B",null,"M","?","$","$","M","E","R","E","T","R","M","?","?","$","R","B",null,"M","M","?","$","M","R","M","R","T","M","?","M","R","M","R","B"],"character_chosen":"IRONCLAD","items_purchased":["Bludgeon","OrangePellets","Inflame","Warcry","Metamorphosis","Havoc","Feel No Pain","Anger"],"campfire_rested":5,"item_purchase_floors":[20,20,20,21,31,38,38,38],"current_hp_per_floor":[75,79,80,69,66,47,47,47,47,54,52,47,45,73,73,37,90,64,64,64,64,71,48,48,38,38,66,58,58,65,65,93,24,97,71,46,46,51,42,73,49,80,80,60,60,62,94,101,101,0],"gold":160,"neow_bonus":"THREE_SMALL_POTIONS","is_prod":false,"is_daily":false,"chose_seed":false,"campfire_upgraded":4,"win_rate":0,"timestamp":1558411584,"path_taken":["M","M","M","?","M","E","R","?","T","E","?","M","E","?","R","BOSS","M","?","?","$","?","E","R","E","T","R","M","?","?","?","R","BOSS","M","M","?","?","M","R","?","R","T","M","?","M","R","?","R","BOSS"],"build_version":"2019-01-23","purchased_purges":0,"victory":false,"max_hp_per_floor":[80,80,80,80,80,80,80,80,80,81,82,83,84,84,84,85,90,91,91,91,91,92,93,93,94,94,94,95,95,96,96,96,97,97,98,99,99,104,105,105,106,106,106,107,107,108,108,109,109,109],"card_choices":[{"not_picked":["Sentinel","Twin Strike"],"picked":"Infernal Blade","floor":1},{"not_picked":["Inflame","Clothesline"],"picked":"Evolve","floor":2},{"not_picked":["Body Slam","Entrench"],"picked":"Flame Barrier","floor":3},{"not_picked":["Flex","Uppercut"],"picked":"Impervious","floor":5},{"not_picked":["Blood for Blood","Iron Wave"],"picked":"Cleave","floor":6},{"not_picked":["Cleave","Flame Barrier"],"picked":"Bloodletting","floor":10},{"not_picked":["True Grit","Corruption"],"picked":"Headbutt","floor":11},{"not_picked":["Infernal Blade","Body Slam"],"picked":"Spot Weakness","floor":12},{"not_picked":["Feel No Pain","Dual Wield"],"picked":"Demon Form","floor":13},{"not_picked":["Reaper","Immolate"],"picked":"Double Tap","floor":16},{"not_picked":["Sword Boomerang","True Grit"],"picked":"Twin Strike","floor":17},{"not_picked":["Cleave+1","Shrug It Off"],"picked":"Intimidate+1","floor":18},{"not_picked":["Perfected Strike","Sentinel"],"picked":"Flex","floor":22},{"not_picked":["Perfected Strike","Clothesline+1"],"picked":"Ghostly Armor+1","floor":23},{"not_picked":["Double Tap","Demon Form"],"picked":"Dual Wield","floor":25},{"not_picked":["Headbutt","Metallicize"],"picked":"Clash+1","floor":28},{"not_picked":["Cleave","True Grit"],"picked":"Infernal Blade","floor":30},{"not_picked":["Impervious","Juggernaut"],"picked":"Berserk","floor":33},{"not_picked":["Pommel Strike","Searing Blow"],"picked":"Dropkick","floor":35},{"not_picked":["Power Through","Clash+1"],"picked":"Heavy Blade","floor":36},{"not_picked":["Blood for Blood","Pommel Strike"],"picked":"Heavy Blade+1","floor":39},{"not_picked":["Spot Weakness+1","Headbutt"],"picked":"Iron Wave+1","floor":41},{"not_picked":["Pommel Strike","Body Slam"],"picked":"Shrug It Off+1","floor":44},{"not_picked":["True Grit","Iron Wave"],"picked":"Flex+1","floor":46},{"not_picked":["Clash+1","Wild Strike+1"],"picked":"Sever Soul+1","floor":48}],"player_experience":134956,"relics_obtained":[{"floor":6,"key":"Red Skull"},{"floor":9,"key":"Bag of Marbles"},{"floor":10,"key":"Kunai"},{"floor":13,"key":"Anchor"},{"floor":23,"key":"Gremlin Horn"},{"floor":25,"key":"Bottled Lightning"},{"floor":26,"key":"Turnip"},{"floor":30,"key":"Red Mask"},{"floor":43,"key":"The Courier"}],"event_choices":[{"damage_healed":0,"gold_gain":75,"player_choice":"Gather Gold","damage_taken":11,"max_hp_gain":0,"max_hp_loss":0,"event_name":"World of Goop","floor":4,"gold_loss":0},{"damage_healed":0,"gold_gain":0,"player_choice":"Trade","damage_taken":0,"relics_obtained":["FaceOfCleric"],"max_hp_gain":0,"max_hp_loss":0,"event_name":"FaceTrader","floor":8,"gold_loss":0},{"damage_healed":28,"gold_gain":0,"player_choice":"Banana","damage_taken":0,"max_hp_gain":0,"max_hp_loss":0,"event_name":"Big Fish","floor":14,"gold_loss":0},{"damage_healed":0,"gold_gain":0,"player_choice":"Bet on Murderer","damage_taken":0,"max_hp_gain":0,"max_hp_loss":0,"event_name":"The Joust","floor":19,"gold_loss":50},{"damage_healed":0,"gold_gain":0,"player_choice":"Obtain J.A.X.","damage_taken":0,"max_hp_gain":0,"max_hp_loss":0,"event_name":"Drug Dealer","floor":29,"gold_loss":0,"cards_obtained":["J.A.X."]},{"damage_healed":0,"gold_gain":0,"player_choice":"Fought Bandits","damage_taken":0,"max_hp_gain":0,"max_hp_loss":0,"event_name":"Masked Bandits","floor":30,"gold_loss":0},{"damage_healed":0,"gold_gain":0,"player_choice":"Got Potions","damage_taken":0,"max_hp_gain":0,"max_hp_loss":0,"event_name":"Lab","floor":37,"gold_loss":0},{"damage_healed":0,"gold_gain":0,"player_choice":"2 cards matched","damage_taken":0,"max_hp_gain":0,"max_hp_loss":0,"event_name":"Match and Keep!","floor":45,"gold_loss":0,"cards_obtained":["True Grit","Swift Strike"]}],"is_beta":false,"boss_relics":[{"not_picked":["Busted Crown","Sozu"],"picked":"Tiny House"},{"not_picked":["White Beast Statue","Velvet Choker"],"picked":"Lizard Tail"}],"items_purged_floors":[],"is_endless":false,"potions_floor_spawned":[1,3,6,10,18,23,36,41,44],"killed_by":"Time Eater","ascension_level":1}