{"gold_per_floor":[115,125,125,137,137,137,151,151,220,220,251,251,281,21,21,99,99,168,184,200,200,101,101,101],"floor_reached":24,"playtime":1413,"items_purged":["Strike_B"],"score":432,"play_id":"8989bab3-2572-419c-b978-6680284eba64","local_time":"20191024141355","is_ascension_mode":true,"campfire_choices":[{"data":"Ball Lightning","floor":6,"key":"SMITH"},{"data":"Undo","floor":8,"key":"SMITH"},{"data":"Coolheaded","floor":10,"key":"SMITH"},{"data":"HandOfGreed","floor":15,"key":"SMITH"},{"data":"Machine Learning","floor":23,"key":"SMITH"}],"neow_cost":"NONE","seed_source_timestamp":1229003606227400,"circlet_count":0,"master_deck":["AscendersBane","Strike_B","Strike_B","Strike_B","Defend_B","Defend_B","Defend_B","Defend_B","Zap+1","Dualcast","Undo+1","Ball Lightning+1","Coolheaded+1","Core Surge","Cold Snap","Glacier","HandOfGreed+1","Defragment","Machine Learning+1","Leap+1","Hologram","Steam Power","Compile Driver"],"relics":["Cracked Core","Blood Vial","Mercury Hourglass","Ancient Tea Set","Letter Opener","Sozu"],"potions_floor_usage":[11],"damage_taken":[{"damage":0,"enemies":"2 Louse","floor":1,"turns":3},{"damage":0,"enemies":"Cultist","floor":2,"turns":4},{"damage":5,"enemies":"Small Slimes","floor":4,"turns":4},{"damage":5,"enemies":"2 Fungi Beasts","floor":7,"turns":3},{"damage":7,"enemies":"Gremlin Nob","floor":11,"turns":4},{"damage":3,"enemies":"Lagavulin","floor":13,"turns":6},{"damage":0,"enemies":"Slime Boss","floor":16,"turns":7},{"damage":0,"enemies":"3 Byrds","floor":18,"turns":4},{"damage":0,"enemies":"Chosen","floor":19,"turns":4},{"damage":4,"enemies":"Snecko","floor":20,"turns":5},{"damage":75,"enemies":"Gremlin Leader","floor":24,"turns":7}],"seed_played":"2045944368982529941","potions_obtained":[{"floor":4,"key":"Block Potion"},{"floor":13,"key":"Energy Potion"}],"is_trial":false,"path_per_floor":["M","M","?","M","$","R","M","R","T","R","E","?","E","$","R","B",null,"M","M","M","?","$","R","E"],"character_chosen":"DEFECT","items_purchased":["HandOfGreed","Defragment","Compile Driver"],"campfire_rested":0,"item_purchase_floors":[14,14,22],"current_hp_per_floor":[66,68,68,65,65,65,62,62,62,62,57,62,61,61,61,63,73,75,76,72,72,72,72,0],"gold":101,"neow_bonus":"RANDOM_COMMON_RELIC","is_prod":false,"is_daily":false,"chose_seed":false,"campfire_upgraded":5,"win_rate":0,"timestamp":1571940835,"path_taken":["M","M","?","M","?","R","M","R","T","R","E","?","E","$","R","BOSS","M","M","M","?","$","R","E"],"build_version":"2019-07-17","purchased_purges":1,"victory":false,"max_hp_per_floor":[71,71,71,71,71,71,71,71,71,71,71,76,76,76,76,76,76,76,76,76,76,76,76,76],"card_choices":[{"not_picked":["Hologram","Steam"],"picked":"Undo","floor":1},{"not_picked":["Go for the Eyes","Blizzard"],"picked":"Ball Lightning","floor":2},{"not_picked":["Go for the Eyes","Barrage"],"picked":"Coolheaded","floor":4},{"not_picked":["Conserve Battery","Gash"],"picked":"Core Surge","floor":7},{"not_picked":["Gash","Rebound"],"picked":"Cold Snap","floor":11},{"not_picked":["Recycle","Chill"],"picked":"Glacier","floor":13},{"not_picked":["Rainbow","Multi-Cast"],"picked":"Machine Learning","floor":16},{"not_picked":["Chaos","Rebound"],"picked":"Leap+1","floor":18},{"not_picked":["Turbo","Ball Lightning"],"picked":"Hologram","floor":19},{"not_picked":["Stack","Aggregate"],"picked":"Steam Power","floor":20}],"player_experience":561303,"relics_obtained":[{"floor":9,"key":"Mercury Hourglass"},{"floor":11,"key":"Ancient Tea Set"},{"floor":13,"key":"Letter Opener"}],"event_choices":[{"damage_healed":0,"gold_gain":0,"player_choice":"Forge","damage_taken":0,"max_hp_gain":0,"max_hp_loss":0,"event_name":"Accursed Blacksmith","floor":3,"gold_loss":0,"cards_upgraded":["Zap"]},{"damage_healed":0,"gold_gain":0,"player_choice":"Donut","damage_taken":0,"max_hp_gain":5,"max_hp_loss":0,"event_name":"Big Fish","floor":12,"gold_loss":0},{"damage_healed":0,"gold_gain":0,"player_choice":"Got Potions","damage_taken":0,"max_hp_gain":0,"max_hp_loss":0,"event_name":"Lab","floor":21,"gold_loss":0}],"is_beta":false,"boss_relics":[{"not_picked":["Fusion Hammer","Empty Cage"],"picked":"Sozu"}],"items_purged_floors":[22],"is_endless":false,"potions_floor_spawned":[4,13,19],"killed_by":"Gremlin Leader","ascension_level":14}