{"gold_per_floor":[116,191,10,10,10,10,37,37,37,74,99,128,153,165,177,291,303,327,439,471,502,454,466],"floor_reached":23,"playtime":1040,"items_purged":[],"score":274,"play_id":"a6338fba-c95f-49c2-b2ac-5f83b1a7b4b1","local_time":"20190605013236","is_ascension_mode":true,"campfire_choices":[{"data":"Armaments","floor":6,"key":"SMITH"},{"data":"Bash","floor":8,"key":"SMITH"},{"floor":15,"key":"REST"}],"neow_cost":"NONE","seed_source_timestamp":1656804664956049,"circlet_count":0,"master_deck":["Strike_R","Strike_R","Strike_R+1","Strike_R","Strike_R","Defend_R","Defend_R","Bash+1","Headbutt","Armaments+1","Thunderclap","Entrench","Perfected Strike","Rupture+1","Anger","Dropkick","Bludgeon","Shockwave+1","Clothesline+1","Uppercut+1","Shockwave","Immolate"],"relics":["Burning Blood","NeowsBlessing","Dream Catcher","Ancient Tea Set","MawBank","The Courier","Lizard Tail"],"potions_floor_usage":[16,16,16,18,21],"damage_taken":[{"damage":0,"enemies":"Small Slimes","floor":1,"turns":1},{"damage":0,"enemies":"Lagavulin","floor":7,"turns":1},{"damage":0,"enemies":"3 Sentries","floor":10,"turns":1},{"damage":2,"enemies":"2 Louse","floor":11,"turns":3},{"damage":9,"enemies":"Jaw Worm","floor":12,"turns":4},{"damage":22,"enemies":"Looter","floor":13,"turns":3},{"damage":26,"enemies":"Slime Boss","floor":16,"turns":9},{"damage":33,"enemies":"2 Thieves","floor":18,"turns":5},{"damage":28,"enemies":"Shell Parasite","floor":20,"turns":4},{"damage":33,"enemies":"Centurion and Healer","floor":21,"turns":7},{"damage":56,"enemies":"Slavers","floor":23,"turns":3}],"seed_played":"5874126630984305959","potions_obtained":[{"floor":1,"key":"SkillPotion"},{"floor":7,"key":"Ancient Potion"},{"floor":11,"key":"Dexterity Potion"},{"floor":16,"key":"SkillPotion"},{"floor":20,"key":"BloodPotion"}],"is_trial":false,"path_per_floor":["M","?","$","?","$","R","E","R","T","E","M","M","M","?","R","B",null,"M","?","M","M","?","E"],"character_chosen":"IRONCLAD","items_purchased":["Armaments","Dream Catcher"],"campfire_rested":1,"item_purchase_floors":[3,3],"current_hp_per_floor":[80,69,69,69,69,69,75,75,75,80,80,77,61,45,69,49,80,53,53,31,12,12,0],"gold":466,"neow_bonus":"THREE_ENEMY_KILL","is_prod":false,"is_daily":false,"chose_seed":false,"campfire_upgraded":2,"win_rate":0,"timestamp":1559723556,"path_taken":["M","?","$","?","?","R","E","R","T","E","M","M","M","?","R","BOSS","M","?","M","?","?","E"],"build_version":"2019-01-23","purchased_purges":0,"victory":false,"max_hp_per_floor":[80,80,80,80,80,80,80,80,80,80,80,80,80,80,80,80,80,80,80,80,80,80,80],"card_choices":[{"not_picked":["Corruption","Combust"],"picked":"Headbutt","floor":1},{"not_picked":["Body Slam","Iron Wave"],"picked":"Thunderclap","floor":7},{"not_picked":["Shrug It Off","Wild Strike"],"picked":"Entrench","floor":10},{"not_picked":["Clash","Armaments"],"picked":"Perfected Strike","floor":11},{"not_picked":["Shrug It Off","Dropkick"],"picked":"Rupture","floor":12},{"not_picked":["Fire Breathing","Carnage"],"picked":"Anger","floor":13},{"not_picked":["Heavy Blade","Cleave"],"picked":"Dropkick","floor":15},{"not_picked":["Limit Break","Brutality"],"picked":"Bludgeon","floor":16},{"not_picked":["Inflame","Warcry"],"picked":"Shockwave+1","floor":18},{"not_picked":["Warcry","Battle Trance"],"picked":"Clothesline+1","floor":20},{"not_picked":["Cleave","Warcry"],"picked":"Uppercut+1","floor":21}],"player_experience":162258,"relics_obtained":[{"floor":7,"key":"Ancient Tea Set"},{"floor":9,"key":"MawBank"},{"floor":10,"key":"The Courier"}],"event_choices":[{"damage_healed":0,"gold_gain":75,"player_choice":"Gather Gold","damage_taken":11,"max_hp_gain":0,"max_hp_loss":0,"event_name":"World of Goop","floor":2,"gold_loss":0},{"damage_healed":0,"gold_gain":0,"player_choice":"Leave","damage_taken":0,"max_hp_gain":0,"max_hp_loss":0,"event_name":"The Cleric","floor":4,"gold_loss":0},{"damage_healed":0,"gold_gain":0,"player_choice":"Entered Light","damage_taken":16,"max_hp_gain":0,"max_hp_loss":0,"event_name":"Shining Light","floor":14,"gold_loss":0,"cards_upgraded":["Rupture","Strike_R"]},{"damage_healed":0,"gold_gain":100,"player_choice":"Pray","damage_taken":0,"max_hp_gain":0,"max_hp_loss":0,"event_name":"Golden Shrine","floor":19,"gold_loss":0},{"damage_healed":0,"gold_gain":0,"cards_transformed":["Defend_R","Defend_R"],"player_choice":"Transformed Cards","damage_taken":0,"max_hp_gain":0,"max_hp_loss":0,"event_name":"Designer","floor":22,"gold_loss":60,"cards_obtained":["Shockwave","Immolate"]}],"is_beta":false,"boss_relics":[{"not_picked":["Astrolabe","Empty Cage"],"picked":"Lizard Tail"}],"items_purged_floors":[],"is_endless":false,"potions_floor_spawned":[1,7,11,16,20],"killed_by":"Slavers","ascension_level":2}