{"gold_per_floor":[119,137,137,137,155,185,210,226,226,253,253,270,282,282,282,385,385,403,70,104,117,137,166,197,52,129,129,129,147,147,181,181,181],"floor_reached":33,"playtime":2646,"items_purged":[],"score":325,"play_id":"c2299d73-be1c-4d72-a72a-0c8d6c61adfb","local_time":"20190916221506","is_ascension_mode":false,"campfire_choices":[{"floor":11,"key":"REST"},{"data":"Armaments","floor":15,"key":"SMITH"},{"data":"Bludgeon","floor":30,"key":"SMITH"},{"floor":32,"key":"REST"}],"neow_cost":"","seed_source_timestamp":1804154050452900,"circlet_count":0,"master_deck":["Strike_R","Strike_R","Defend_R","Defend_R","Bash","Armaments+1","Rampage","Dual Wield","Fire Breathing","Disarm","Hemokinesis","Pommel Strike","Berserk","Shrug It Off","Cleave","Parasite","Bludgeon+1","Carnage+1","Barricade+1","Rampage+1","Shrug It Off","Entrench+1","Thunderclap+1","Twin Strike","Anger+1","Reckless Charge"],"relics":["Burning Blood","WingedGreaves","Toy Ornithopter","HornCleat","Bottled Lightning","Astrolabe","Happy Flower","Bag of Preparation","Red Mask","MealTicket","Blood Vial","OrangePellets","Pantograph","Boot"],"potions_floor_usage":[7,13,16,16,20,24,31,33,33],"damage_taken":[{"damage":2,"enemies":"2 Louse","floor":1,"turns":3},{"damage":15,"enemies":"Jaw Worm","floor":2,"turns":4},{"damage":14,"enemies":"Small Slimes","floor":5,"turns":4},{"damage":26,"enemies":"3 Sentries","floor":6,"turns":5},{"damage":20,"enemies":"Gremlin Nob","floor":7,"turns":4},{"damage":12,"enemies":"3 Louse","floor":8,"turns":3},{"damage":26,"enemies":"3 Sentries","floor":10,"turns":5},{"damage":13,"enemies":"Large Slime","floor":12,"turns":6},{"damage":12,"enemies":"Gremlin Gang","floor":13,"turns":4},{"damage":20,"enemies":"The Guardian","floor":16,"turns":9},{"damage":1,"enemies":"Chosen","floor":18,"turns":4},{"damage":12,"enemies":"Masked Bandits","floor":20,"turns":4},{"damage":21,"enemies":"3 Byrds","floor":21,"turns":7},{"damage":7,"enemies":"Centurion and Healer","floor":22,"turns":6},{"damage":27,"enemies":"Book of Stabbing","floor":23,"turns":6},{"damage":45,"enemies":"Gremlin Leader","floor":24,"turns":6},{"damage":1,"enemies":"Snake Plant","floor":29,"turns":3},{"damage":42,"enemies":"Slavers","floor":31,"turns":7},{"damage":88,"enemies":"Champ","floor":33,"turns":9}],"seed_played":"3624617536347273054","potions_obtained":[{"floor":5,"key":"Strength Potion"},{"floor":7,"key":"LiquidBronze"},{"floor":8,"key":"Dexterity Potion"},{"floor":10,"key":"Energy Potion"},{"floor":16,"key":"Strength Potion"},{"floor":18,"key":"Regen Potion"},{"floor":23,"key":"GamblersBrew"},{"floor":29,"key":"SpeedPotion"},{"floor":31,"key":"GamblersBrew"}],"is_trial":false,"path_per_floor":["M","M","?","?","M","E","E","M","T","E","R","M","M","?","R","B",null,"M","$","?","M","M","E","E","$","T","?","?","M","R","E","R","B"],"character_chosen":"IRONCLAD","items_purchased":["Happy Flower","Bag of Preparation","Shrug It Off","OrangePellets"],"campfire_rested":2,"item_purchase_floors":[19,19,19,25],"current_hp_per_floor":[80,71,71,76,68,48,34,28,28,8,33,26,25,46,46,42,85,85,85,79,64,63,42,23,38,38,38,38,45,45,16,41,0],"gold":181,"neow_bonus":"","is_prod":false,"is_daily":false,"chose_seed":false,"campfire_upgraded":2,"win_rate":0.0,"timestamp":1568697306,"path_taken":["M","M","?","?","M","E","E","M","T","E","R","M","M","?","R","BOSS","M","$","?","M","M","E","E","$","T","?","?","?","R","E","R","BOSS"],"build_version":"2019-09-16","purchased_purges":0,"victory":false,"max_hp_per_floor":[80,80,80,85,85,85,85,85,85,85,85,85,85,85,85,85,85,85,85,85,85,85,85,85,85,85,85,85,85,85,85,85,85],"card_choices":[{"not_picked":["Flex","Intimidate"],"picked":"Armaments","floor":1},{"not_picked":["Second Wind","Anger"],"picked":"Rampage","floor":2},{"not_picked":["True Grit","Body Slam"],"picked":"Fire Breathing","floor":5},{"not_picked":["Flex","Body Slam"],"picked":"Disarm","floor":6},{"not_picked":["Entrench","Iron Wave"],"picked":"Hemokinesis","floor":7},{"not_picked":["Combust","Twin Strike"],"picked":"Pommel Strike","floor":8},{"not_picked":["Cleave","Pommel Strike"],"picked":"Berserk","floor":10},{"not_picked":["Flame Barrier","Shockwave"],"picked":"Shrug It Off","floor":12},{"not_picked":["Headbutt","Carnage"],"picked":"Cleave","floor":13},{"not_picked":["Double Tap","Juggernaut"],"picked":"Bludgeon","floor":16},{"not_picked":["Sword Boomerang+1","Armaments","Pommel Strike"],"picked":"SKIP","floor":18},{"not_picked":["Thunderclap","Anger"],"picked":"Entrench+1","floor":20},{"not_picked":["Cleave","Intimidate"],"picked":"Thunderclap+1","floor":21},{"not_picked":["Armaments","Sword Boomerang"],"picked":"Twin Strike","floor":22},{"not_picked":["Dual Wield","Thunderclap","Berserk"],"picked":"SKIP","floor":23},{"not_picked":["Clash","Twin Strike"],"picked":"Anger+1","floor":24},{"not_picked":["Corruption","Shrug It Off","Pummel"],"picked":"SKIP","floor":29},{"not_picked":["Twin Strike","Thunderclap"],"picked":"Reckless Charge","floor":31}],"player_experience":0,"relics_obtained":[{"floor":6,"key":"WingedGreaves"},{"floor":7,"key":"Toy Ornithopter"},{"floor":9,"key":"HornCleat"},{"floor":10,"key":"Bottled Lightning"},{"floor":20,"key":"Red Mask"},{"floor":23,"key":"MealTicket"},{"floor":24,"key":"Blood Vial"},{"floor":26,"key":"Pantograph"},{"floor":31,"key":"Boot"}],"event_choices":[{"damage_healed":0,"gold_gain":0,"cards_transformed":["Defend_R"],"player_choice":"Change","damage_taken":0,"max_hp_gain":0,"max_hp_loss":0,"event_name":"Living Wall","floor":3,"gold_loss":0,"cards_obtained":["Dual Wield"]},{"damage_healed":0,"gold_gain":0,"player_choice":"Donut","damage_taken":0,"max_hp_gain":5,"max_hp_loss":0,"event_name":"Big Fish","floor":4,"gold_loss":0},{"damage_healed":21,"gold_gain":0,"player_choice":"Healed and dodged fight","damage_taken":0,"max_hp_gain":0,"max_hp_loss":0,"event_name":"Mushrooms","floor":14,"gold_loss":0,"cards_obtained":["Parasite"]},{"damage_healed":0,"gold_gain":0,"player_choice":"Fought Bandits","damage_taken":0,"max_hp_gain":0,"max_hp_loss":0,"event_name":"Masked Bandits","floor":20,"gold_loss":0},{"damage_healed":0,"gold_gain":0,"player_choice":"Ignored","damage_taken":0,"max_hp_gain":0,"max_hp_loss":0,"event_name":"Ghosts","floor":27,"gold_loss":0},{"cards_removed":["Strike_R"],"damage_healed":0,"gold_gain":0,"player_choice":"Purged","damage_taken":0,"max_hp_gain":0,"max_hp_loss":0,"event_name":"Purifier","floor":28,"gold_loss":0}],"is_beta":true,"boss_relics":[{"not_picked":["Cursed Key","Fusion Hammer"],"picked":"Astrolabe"}],"items_purged_floors":[],"is_endless":false,"potions_floor_spawned":[5,7,8,10,16,18,23,29,31],"killed_by":"Champ","ascension_level":0}