{"gold_per_floor":[366,385,44,61,61,96,115,134,134,163,182,182,182,197,197,273,273,288,288,313,313,325,325],"floor_reached":23,"playtime":1648,"items_purged":[],"score":355,"play_id":"b467c724-1e6c-4ca1-a19c-b964f999da47","local_time":"20191025231908","is_ascension_mode":true,"campfire_choices":[{"floor":13,"key":"REST"},{"floor":15,"key":"REST"}],"neow_cost":"TEN_PERCENT_HP_LOSS","seed_source_timestamp":1347896652638800,"circlet_count":0,"master_deck":["AscendersBane","Strike_B","Strike_B","Strike_B","Strike_B","Defend_B","Defend_B","Defend_B","Defend_B+1","Zap","Dualcast","Sunder+1","Buffer","Undo","FTL","Rebound","Reinforced Body+1","Gash","Beam Cell","FTL","Steam","Cold Snap","Coolheaded","Electrodynamics","Steam+1","Self Repair","Static Discharge"],"relics":["Cracked Core","DataDisk","Art of War","Blood Vial","War Paint","Matryoshka","Sozu","Nilry\u0027s Codex","Red Mask"],"potions_floor_usage":[8,10],"damage_taken":[{"damage":1,"enemies":"Cultist","floor":1,"turns":3},{"damage":0,"enemies":"2 Louse","floor":2,"turns":3},{"damage":0,"enemies":"Small Slimes","floor":4,"turns":3},{"damage":10,"enemies":"3 Sentries","floor":6,"turns":6},{"damage":0,"enemies":"Looter","floor":7,"turns":3},{"damage":0,"enemies":"2 Fungi Beasts","floor":8,"turns":2},{"damage":14,"enemies":"Gremlin Nob","floor":10,"turns":4},{"damage":2,"enemies":"Large Slime","floor":11,"turns":5},{"damage":13,"enemies":"Blue Slaver","floor":14,"turns":2},{"damage":14,"enemies":"Hexaghost","floor":16,"turns":10},{"damage":0,"enemies":"3 Byrds","floor":18,"turns":5},{"damage":0,"enemies":"Masked Bandits","floor":20,"turns":3},{"damage":13,"enemies":"Shell Parasite","floor":22,"turns":6},{"damage":23,"enemies":"Gremlin Leader","floor":23,"turns":5}],"seed_played":"2266971466918335350","potions_obtained":[{"floor":1,"key":"FearPotion"},{"floor":6,"key":"SpeedPotion"},{"floor":7,"key":"Block Potion"},{"floor":10,"key":"FocusPotion"},{"floor":14,"key":"SpeedPotion"}],"is_trial":false,"path_per_floor":["M","M","$","M","?","E","M","M","T","E","M","?","R","M","R","B",null,"M","?","?","?","M","E"],"character_chosen":"DEFECT","items_purchased":["DataDisk","Undo","FTL","Rebound"],"campfire_rested":2,"item_purchase_floors":[3,3,3,3],"current_hp_per_floor":[63,63,63,63,63,53,53,53,53,41,41,15,34,23,42,30,56,58,37,39,22,18,0],"gold":325,"neow_bonus":"TWO_FIFTY_GOLD","is_prod":false,"is_daily":false,"chose_seed":false,"campfire_upgraded":0,"win_rate":0,"timestamp":1572059948,"path_taken":["M","?","$","M","?","E","M","?","T","E","M","?","R","M","R","BOSS","M","?","?","?","M","E"],"build_version":"2019-07-17","purchased_purges":0,"victory":false,"max_hp_per_floor":[64,64,64,64,64,64,64,64,64,64,64,64,64,64,64,64,64,64,64,64,69,69,69],"card_choices":[{"not_picked":["Leap","Beam Cell"],"picked":"Sunder","floor":1},{"not_picked":["Coolheaded","Rebound"],"picked":"Buffer","floor":2},{"not_picked":["BootSequence","Sweeping Beam"],"picked":"Reinforced Body","floor":4},{"not_picked":["Rainbow","Tempest"],"picked":"Gash","floor":6},{"not_picked":["Storm","Streamline"],"picked":"Beam Cell","floor":7},{"not_picked":["Rebound","Leap"],"picked":"FTL","floor":8},{"not_picked":["Fission","Sweeping Beam"],"picked":"Steam","floor":10},{"not_picked":["Double Energy","Scrape"],"picked":"Cold Snap","floor":11},{"not_picked":["Redo","Consume"],"picked":"Coolheaded","floor":14},{"not_picked":["Buffer","Reboot"],"picked":"Electrodynamics","floor":16},{"not_picked":["Beam Cell","Chill"],"picked":"Steam+1","floor":18},{"not_picked":["Cold Snap","Conserve Battery"],"picked":"Self Repair","floor":20},{"not_picked":["Stack+1","Chaos"],"picked":"Static Discharge","floor":22}],"player_experience":601821,"relics_obtained":[{"floor":6,"key":"Art of War"},{"floor":9,"key":"Blood Vial"},{"floor":10,"key":"War Paint"},{"floor":19,"key":"Nilry\u0027s Codex"},{"floor":20,"key":"Red Mask"}],"event_choices":[{"damage_healed":0,"gold_gain":0,"player_choice":"Upgraded","damage_taken":0,"max_hp_gain":0,"max_hp_loss":0,"event_name":"Upgrade Shrine","floor":5,"gold_loss":0,"cards_upgraded":["Sunder"]},{"damage_healed":0,"gold_gain":0,"player_choice":"Success","damage_taken":26,"relics_obtained":["Matryoshka"],"max_hp_gain":0,"max_hp_loss":0,"event_name":"Scrap Ooze","floor":12,"gold_loss":0},{"damage_healed":0,"gold_gain":0,"player_choice":"Obtained Book","damage_taken":21,"max_hp_gain":0,"max_hp_loss":0,"event_name":"Cursed Tome","floor":19,"gold_loss":0},{"damage_healed":0,"gold_gain":0,"player_choice":"Fought Bandits","damage_taken":0,"max_hp_gain":0,"max_hp_loss":0,"event_name":"Masked Bandits","floor":20,"gold_loss":0},{"damage_healed":0,"gold_gain":0,"player_choice":"Shed Blood","damage_taken":22,"max_hp_gain":5,"max_hp_loss":0,"event_name":"Forgotten Altar","floor":21,"gold_loss":0}],"is_beta":false,"boss_relics":[{"not_picked":["Ectoplasm","Orrery"],"picked":"Sozu"}],"items_purged_floors":[],"is_endless":false,"potions_floor_spawned":[1,6,7,10,14,20,22],"killed_by":"Gremlin Leader","ascension_level":15}