{"gold_per_floor":[114,114,114,131,142,156,169,196,196,225,225,287,287,287,287,389,389,399,416,516,516],"floor_reached":21,"playtime":1042,"items_purged":[],"score":235,"play_id":"308dae18-903d-4856-9c66-88d0b7eec34b","local_time":"20190521001055","is_ascension_mode":true,"campfire_choices":[{"floor":11,"key":"REST"},{"floor":15,"key":"REST"}],"neow_cost":"NONE","seed_source_timestamp":355894158715350,"circlet_count":0,"master_deck":["Strike_R","Strike_R","Strike_R","Strike_R","Strike_R","Defend_R","Defend_R","Defend_R","Defend_R","Bash","Armaments+1","Flex","Heavy Blade","Whirlwind","Exhume","Cleave","Demon Form+1","Thunderclap","Fire Breathing+1","Perfected Strike","Dark Embrace+1","Anger+1","Iron Wave"],"relics":["Burning Blood","NeowsBlessing","Frozen Egg 2","Dream Catcher","Pantograph","Singing Bowl","Boot","Bird Faced Urn","Eternal Feather"],"potions_floor_usage":[10,10,10,10,12,12,16,18],"damage_taken":[{"damage":0,"enemies":"Small Slimes","floor":1,"turns":1},{"damage":0,"enemies":"2 Louse","floor":4,"turns":1},{"damage":0,"enemies":"Jaw Worm","floor":5,"turns":1},{"damage":8,"enemies":"2 Fungi Beasts","floor":6,"turns":4},{"damage":25,"enemies":"Large Slime","floor":7,"turns":6},{"damage":45,"enemies":"Gremlin Nob","floor":8,"turns":6},{"damage":12,"enemies":"3 Sentries","floor":10,"turns":4},{"damage":41,"enemies":"Lagavulin Event","floor":12,"turns":8},{"damage":59,"enemies":"The Guardian","floor":16,"turns":12},{"damage":19,"enemies":"Spheric Guardian","floor":18,"turns":4},{"damage":26,"enemies":"3 Byrds","floor":19,"turns":4},{"damage":59,"enemies":"Snake Plant","floor":21,"turns":4}],"seed_played":"3404049462827895281","potions_obtained":[{"floor":6,"key":"Swift Potion"},{"floor":8,"key":"EntropicBrew"},{"floor":10,"key":"Poison Potion"},{"floor":12,"key":"AttackPotion"},{"floor":16,"key":"PowerPotion"},{"floor":18,"key":"EssenceOfSteel"}],"is_trial":false,"path_per_floor":["M","?","?","M","M","M","M","E","T","E","R","?","?","T","R","B",null,"M","M","?","M"],"character_chosen":"IRONCLAD","items_purchased":[],"campfire_rested":2,"item_purchase_floors":[],"current_hp_per_floor":[80,73,78,84,85,83,64,25,25,19,44,9,9,9,34,10,85,72,56,56,0],"gold":516,"neow_bonus":"THREE_ENEMY_KILL","is_prod":false,"is_daily":false,"chose_seed":false,"campfire_upgraded":0,"win_rate":0,"timestamp":1558422655,"path_taken":["M","?","?","M","M","M","?","E","T","E","R","?","?","?","R","BOSS","M","M","?","?"],"build_version":"2019-01-23","purchased_purges":0,"victory":false,"max_hp_per_floor":[80,80,85,85,85,85,85,85,85,85,85,85,85,85,85,85,85,85,85,85,85],"card_choices":[{"not_picked":["Iron Wave","Rupture"],"picked":"Armaments","floor":1},{"not_picked":["Body Slam","Armaments"],"picked":"Flex","floor":4},{"not_picked":["Iron Wave","Shrug It Off"],"picked":"Heavy Blade","floor":5},{"not_picked":["True Grit","Warcry"],"picked":"Whirlwind","floor":6},{"not_picked":["Twin Strike","Pommel Strike"],"picked":"Exhume","floor":7},{"not_picked":["Perfected Strike","Twin Strike"],"picked":"Cleave","floor":8},{"not_picked":["Clothesline","Heavy Blade"],"picked":"Demon Form+1","floor":10},{"not_picked":["Armaments","Seeing Red"],"picked":"Thunderclap","floor":11},{"not_picked":["Blood for Blood","Armaments"],"picked":"Fire Breathing+1","floor":12},{"not_picked":["Clash","Feel No Pain+1"],"picked":"Perfected Strike","floor":15},{"not_picked":["Double Tap","Impervious"],"picked":"Dark Embrace+1","floor":16},{"not_picked":["Warcry","Iron Wave"],"picked":"Anger+1","floor":18},{"not_picked":["Armaments+1","Thunderclap"],"picked":"Iron Wave","floor":19}],"player_experience":148009,"relics_obtained":[{"floor":8,"key":"Dream Catcher"},{"floor":9,"key":"Pantograph"},{"floor":10,"key":"Singing Bowl"},{"floor":12,"key":"Boot"},{"floor":14,"key":"Bird Faced Urn"}],"event_choices":[{"damage_healed":0,"gold_gain":0,"player_choice":"Success","damage_taken":7,"relics_obtained":["Frozen Egg 2"],"max_hp_gain":0,"max_hp_loss":0,"event_name":"Scrap Ooze","floor":2,"gold_loss":0},{"damage_healed":0,"gold_gain":0,"player_choice":"Donut","damage_taken":0,"max_hp_gain":5,"max_hp_loss":0,"event_name":"Big Fish","floor":3,"gold_loss":0},{"damage_healed":0,"gold_gain":30,"player_choice":"Searched \u00272\u0027 times","damage_taken":0,"max_hp_gain":0,"max_hp_loss":0,"event_name":"Dead Adventurer","floor":12,"gold_loss":0},{"damage_healed":0,"gold_gain":0,"player_choice":"Grow","damage_taken":0,"max_hp_gain":0,"max_hp_loss":0,"event_name":"Living Wall","floor":13,"gold_loss":0,"cards_upgraded":["Armaments"]},{"damage_healed":0,"gold_gain":100,"player_choice":"Pray","damage_taken":0,"max_hp_gain":0,"max_hp_loss":0,"event_name":"Golden Shrine","floor":20,"gold_loss":0}],"is_beta":false,"boss_relics":[{"not_picked":["Velvet Choker","Ectoplasm"],"picked":"Eternal Feather"}],"items_purged_floors":[],"is_endless":false,"potions_floor_spawned":[6,8,10,12,16,18],"killed_by":"Snake Plant","ascension_level":2}