{"gold_per_floor":[116,191,191,209,16,16,42,62,114,130,95,108,108,137,137,137],"floor_reached":16,"playtime":671,"items_purged":[],"score":149,"play_id":"a5256717-bee1-4d78-8da1-9254810bce25","local_time":"20190620001143","is_ascension_mode":true,"campfire_choices":[{"data":"Armaments","floor":6,"key":"SMITH"},{"data":"Barricade","floor":15,"key":"SMITH"}],"neow_cost":"NONE","seed_source_timestamp":676056810075013,"circlet_count":0,"master_deck":["Strike_R","Strike_R","Strike_R","Strike_R","Strike_R","Defend_R+1","Defend_R","Defend_R","Defend_R+1","Bash","Armaments+1","Inflame","Barricade+1","Perfected Strike","Evolve","Carnage","Thunderclap","Cleave"],"relics":["Burning Blood","NeowsBlessing","MealTicket","Bronze Scales","Smiling Mask","War Paint","Bag of Preparation"],"potions_floor_usage":[16,16],"damage_taken":[{"damage":0,"enemies":"2 Louse","floor":1,"turns":1},{"damage":0,"enemies":"Jaw Worm","floor":4,"turns":1},{"damage":0,"enemies":"Gremlin Nob","floor":7,"turns":1},{"damage":7,"enemies":"Small Slimes","floor":8,"turns":3},{"damage":13,"enemies":"Blue Slaver","floor":10,"turns":4},{"damage":16,"enemies":"3 Louse","floor":12,"turns":4},{"damage":22,"enemies":"3 Sentries","floor":14,"turns":6},{"damage":50,"enemies":"The Guardian","floor":16,"turns":9}],"seed_played":"-7736873749693475590","potions_obtained":[{"floor":4,"key":"LiquidBronze"},{"floor":14,"key":"Weak Potion"}],"is_trial":false,"path_per_floor":["M","?","?","M","$","R","E","M","T","M","$","M","?","E","R","B"],"character_chosen":"IRONCLAD","items_purchased":["MealTicket","Carnage"],"campfire_rested":0,"item_purchase_floors":[5,11],"current_hp_per_floor":[80,69,69,75,75,75,80,79,79,72,80,70,67,51,51,1],"gold":137,"neow_bonus":"THREE_ENEMY_KILL","is_prod":false,"is_daily":false,"chose_seed":false,"campfire_upgraded":2,"win_rate":0,"timestamp":1561014703,"path_taken":["M","?","?","M","?","R","E","M","T","M","$","M","?","E","R","BOSS"],"build_version":"2019-01-23","purchased_purges":0,"victory":false,"max_hp_per_floor":[80,80,80,80,80,80,80,80,80,80,80,80,80,80,80,80],"card_choices":[{"not_picked":["Clash","Wild Strike"],"picked":"Armaments","floor":1},{"not_picked":["Clothesline","Heavy Blade"],"picked":"Inflame","floor":4},{"not_picked":["Brutality","Pommel Strike"],"picked":"Barricade","floor":7},{"not_picked":["True Grit","Havoc"],"picked":"Perfected Strike","floor":8},{"not_picked":["Clash","Havoc"],"picked":"Evolve","floor":10},{"not_picked":["Spot Weakness","Searing Blow"],"picked":"Thunderclap","floor":12},{"not_picked":["Power Through","Clash"],"picked":"Cleave","floor":14}],"player_experience":184604,"relics_obtained":[{"floor":7,"key":"Bronze Scales"},{"floor":9,"key":"Smiling Mask"},{"floor":14,"key":"Bag of Preparation"}],"event_choices":[{"damage_healed":0,"gold_gain":75,"player_choice":"Gather Gold","damage_taken":11,"max_hp_gain":0,"max_hp_loss":0,"event_name":"World of Goop","floor":2,"gold_loss":0},{"damage_healed":0,"gold_gain":0,"player_choice":"Ignored","damage_taken":0,"max_hp_gain":0,"max_hp_loss":0,"event_name":"Liars Game","floor":3,"gold_loss":0},{"damage_healed":0,"gold_gain":0,"player_choice":"Success","damage_taken":3,"relics_obtained":["War Paint"],"max_hp_gain":0,"max_hp_loss":0,"event_name":"Scrap Ooze","floor":13,"gold_loss":0}],"is_beta":false,"boss_relics":[],"items_purged_floors":[],"is_endless":false,"potions_floor_spawned":[4,14],"killed_by":"The Guardian","ascension_level":2}