{"gold_per_floor":[119,119,33,43,53,82,82,107,130,130,154,154,181,4,4,99,99,117,117,132,52,52,52,87,99,99,129,25,25,45,63,63,161,161,181,181,132,132,143,143],"floor_reached":40,"playtime":5099,"items_purged":[],"score":512,"play_id":"d1684343-592c-452b-bc64-2e42b62c84bd","local_time":"20190303045939","is_ascension_mode":true,"campfire_choices":[{"floor":10,"key":"REST"},{"data":"Rage","floor":12,"key":"SMITH"},{"data":"Flame Barrier","floor":15,"key":"SMITH"},{"floor":23,"key":"REST"},{"floor":32,"key":"REST"}],"neow_cost":"NONE","seed_source_timestamp":25080466615983,"circlet_count":0,"master_deck":["Strike_R+1","Strike_R+1","Strike_R+1","Strike_R+1","Defend_R+1","Defend_R+1","Defend_R+1","Bash","Fire Breathing","Shockwave+1","Reaper","Inflame","Flex+1","Intimidate","Rage+1","Combust","Thunderclap","Clothesline","Flame Barrier+1","Good Instincts","Rupture","Feed","Power Through+1","Pummel+1","Spot Weakness+1","Rampage+1","Clothesline+1","Dual Wield","Infernal Blade","Pommel Strike+1","Iron Wave","Finesse","Headbutt","Anger","Entrench","Dark Embrace","Spot Weakness","Mind Blast","Metamorphosis","Finesse","Cleave","Madness","Madness","Heavy Blade"],"relics":["Burning Blood","Pen Nib","Regal Pillow","Oddly Smooth Stone","Odd Mushroom","War Paint","Astrolabe","Boot","Letter Opener","Self Forming Clay","White Beast Statue"],"potions_floor_usage":[6,16,20,27,33,40,40],"damage_taken":[{"damage":2,"enemies":"2 Louse","floor":1,"turns":4},{"damage":5,"enemies":"Cultist","floor":4,"turns":4},{"damage":6,"enemies":"Jaw Worm","floor":5,"turns":3},{"damage":24,"enemies":"3 Sentries","floor":6,"turns":8},{"damage":36,"enemies":"Gremlin Nob","floor":8,"turns":5},{"damage":29,"enemies":"The Mushroom Lair","floor":11,"turns":4},{"damage":18,"enemies":"3 Sentries","floor":13,"turns":5},{"damage":55,"enemies":"Hexaghost","floor":16,"turns":8},{"damage":47,"enemies":"Spheric Guardian","floor":18,"turns":8},{"damage":14,"enemies":"3 Byrds","floor":20,"turns":4},{"damage":24,"enemies":"Book of Stabbing","floor":24,"turns":7},{"damage":25,"enemies":"3 Cultists","floor":25,"turns":7},{"damage":31,"enemies":"Gremlin Leader","floor":27,"turns":6},{"damage":37,"enemies":"Sentry and Sphere","floor":30,"turns":8},{"damage":18,"enemies":"Centurion and Healer","floor":31,"turns":5},{"damage":74,"enemies":"Collector","floor":33,"turns":16},{"damage":20,"enemies":"3 Shapes","floor":35,"turns":4},{"damage":16,"enemies":"Orb Walker","floor":39,"turns":3},{"damage":64,"enemies":"Reptomancer","floor":40,"turns":3}],"seed_played":"7556227271740756415","potions_obtained":[{"floor":1,"key":"AttackPotion"},{"floor":8,"key":"Strength Potion"},{"floor":13,"key":"FearPotion"},{"floor":16,"key":"Explosive Potion"},{"floor":18,"key":"EssenceOfSteel"},{"floor":19,"key":"FairyPotion"},{"floor":19,"key":"Block Potion"},{"floor":27,"key":"LiquidBronze"},{"floor":35,"key":"GamblersBrew"},{"floor":39,"key":"SkillPotion"}],"is_trial":false,"path_per_floor":["M","?","$","M","M","E","?","E","T","R","?","R","E","$","R","B",null,"M","?","M","$","?","R","E","M","T","E","$","?","M","M","R","B",null,"M","?","$","?","M","E"],"character_chosen":"IRONCLAD","items_purchased":["Inflame","Flex","Good Instincts","Rupture","Dual Wield","Finesse","Headbutt","Cleave"],"campfire_rested":3,"item_purchase_floors":[3,3,14,14,21,28,28,37],"current_hp_per_floor":[80,80,80,80,80,64,69,48,48,85,80,80,76,76,76,67,85,44,44,48,48,48,85,70,54,54,45,45,45,17,19,62,9,94,83,73,73,61,54,0],"gold":143,"neow_bonus":"THREE_CARDS","is_prod":false,"is_daily":false,"chose_seed":false,"campfire_upgraded":2,"win_rate":0,"timestamp":1551617979,"path_taken":["M","?","$","?","M","E","?","E","T","R","?","R","E","?","R","BOSS","M","?","?","?","?","R","E","?","T","E","?","?","M","M","R","BOSS","M","?","$","?","M","E"],"build_version":"2019-01-23","purchased_purges":0,"victory":false,"max_hp_per_floor":[80,80,80,80,80,80,85,85,85,85,85,85,85,85,85,85,85,85,85,85,85,85,85,88,91,91,91,91,91,94,94,94,94,94,97,97,97,97,100,100],"card_choices":[{"not_picked":["Sword Boomerang","Uppercut"],"picked":"Fire Breathing","floor":0},{"not_picked":["Second Wind","Thunderclap"],"picked":"Shockwave","floor":1},{"not_picked":["True Grit","Iron Wave"],"picked":"Intimidate","floor":4},{"not_picked":["Pummel","Dropkick"],"picked":"Rage","floor":5},{"not_picked":["Sword Boomerang","Body Slam"],"picked":"Combust","floor":6},{"not_picked":["Clash","Armaments"],"picked":"Thunderclap","floor":8},{"not_picked":["Sword Boomerang","Perfected Strike"],"picked":"Clothesline","floor":11},{"not_picked":["Metallicize","Whirlwind"],"picked":"Flame Barrier","floor":13},{"not_picked":["Dark Embrace","Demon Form"],"picked":"Feed","floor":16},{"not_picked":["Warcry+1","Sword Boomerang"],"picked":"Rampage+1","floor":18},{"not_picked":["Clash","Perfected Strike"],"picked":"Clothesline+1","floor":20},{"not_picked":["Reckless Charge","Headbutt"],"picked":"Infernal Blade","floor":24},{"not_picked":["Feel No Pain","Clash"],"picked":"Pommel Strike+1","floor":25},{"not_picked":["Whirlwind","Burning Pact"],"picked":"Iron Wave","floor":27},{"not_picked":["Intimidate","Dual Wield"],"picked":"Anger","floor":30},{"not_picked":["Reckless Charge+1","Headbutt+1"],"picked":"Entrench","floor":31},{"not_picked":["Offering","Reaper"],"picked":"Dark Embrace","floor":33},{"not_picked":["Clash","True Grit"],"picked":"Spot Weakness","floor":35},{"not_picked":["Trip","Finesse"],"picked":"Mind Blast","floor":36},{"not_picked":["Good Instincts","Thinking Ahead"],"picked":"Metamorphosis","floor":36},{"not_picked":["Good Instincts","Deep Breath"],"picked":"Finesse","floor":36},{"not_picked":["Warcry+1","Whirlwind"],"picked":"Heavy Blade","floor":39}],"player_experience":23858,"relics_obtained":[{"floor":6,"key":"Pen Nib"},{"floor":8,"key":"Regal Pillow"},{"floor":9,"key":"Oddly Smooth Stone"},{"floor":11,"key":"Odd Mushroom"},{"floor":13,"key":"War Paint"},{"floor":24,"key":"Boot"},{"floor":26,"key":"Letter Opener"},{"floor":27,"key":"Self Forming Clay"}],"event_choices":[{"damage_healed":0,"gold_gain":0,"player_choice":"2 cards matched","damage_taken":0,"max_hp_gain":0,"max_hp_loss":0,"event_name":"Match and Keep!","floor":2,"gold_loss":0,"cards_obtained":["Reaper","Bash"]},{"damage_healed":0,"gold_gain":0,"player_choice":"Donut","damage_taken":0,"max_hp_gain":5,"max_hp_loss":0,"event_name":"Big Fish","floor":7,"gold_loss":0},{"damage_healed":0,"gold_gain":0,"player_choice":"Fought Mushrooms","damage_taken":0,"max_hp_gain":0,"max_hp_loss":0,"event_name":"Mushrooms","floor":11,"gold_loss":0},{"damage_healed":0,"gold_gain":0,"player_choice":"Got Potions","damage_taken":0,"max_hp_gain":0,"max_hp_loss":0,"event_name":"Lab","floor":19,"gold_loss":0},{"damage_healed":0,"gold_gain":0,"player_choice":"Simplicity","damage_taken":0,"max_hp_gain":0,"max_hp_loss":0,"event_name":"Back to Basics","floor":22,"gold_loss":0,"cards_upgraded":["Strike_R","Strike_R","Strike_R","Strike_R","Defend_R","Defend_R","Defend_R"]},{"damage_healed":0,"gold_gain":0,"player_choice":"Ignored","damage_taken":0,"max_hp_gain":0,"max_hp_loss":0,"event_name":"Vampires","floor":29,"gold_loss":0},{"damage_healed":0,"gold_gain":0,"player_choice":"Memory 3","damage_taken":10,"max_hp_gain":0,"max_hp_loss":0,"event_name":"SensoryStone","floor":36,"gold_loss":0},{"damage_healed":0,"gold_gain":0,"player_choice":"Embrace Madness","damage_taken":12,"max_hp_gain":0,"max_hp_loss":0,"event_name":"Winding Halls","floor":38,"gold_loss":0,"cards_obtained":["Madness","Madness"]}],"is_beta":false,"boss_relics":[{"not_picked":["Sozu","Mark of Pain"],"picked":"Astrolabe"},{"not_picked":["Cursed Key","Busted Crown"],"picked":"White Beast Statue"}],"items_purged_floors":[],"is_endless":false,"potions_floor_spawned":[1,8,13,16,18,27,35,39],"killed_by":"Reptomancer","ascension_level":1}