{"gold_per_floor":[113,113,127,137,137,167,167,177,177,177],"floor_reached":10,"playtime":791,"items_purged":[],"score":71,"play_id":"7d2e778a-a3d0-40c1-9d52-0a3d738a0ce1","local_time":"20190428041243","is_ascension_mode":true,"campfire_choices":[],"neow_cost":"TEN_PERCENT_HP_LOSS","seed_source_timestamp":20840308275676,"circlet_count":0,"master_deck":["Strike_R","Strike_R","Strike_R","Defend_R","Defend_R","Bash","Seeing Red","Warcry","Brutality","Disarm","Dropkick","Reaper","Iron Wave","Headbutt"],"relics":["Burning Blood","Vajra","Smiling Mask"],"potions_floor_usage":[6,6,8],"damage_taken":[{"damage":1,"enemies":"Jaw Worm","floor":1,"turns":3},{"damage":2,"enemies":"Cultist","floor":3,"turns":3},{"damage":6,"enemies":"Small Slimes","floor":4,"turns":4},{"damage":63,"enemies":"Gremlin Nob","floor":6,"turns":5},{"damage":37,"enemies":"Exordium Thugs","floor":8,"turns":8},{"damage":16,"enemies":"Lagavulin","floor":10,"turns":2}],"seed_played":"-4737292130270030855","potions_obtained":[{"floor":3,"key":"Strength Potion"},{"floor":4,"key":"BloodPotion"},{"floor":6,"key":"BloodPotion"}],"is_trial":false,"path_per_floor":["M","?","M","M","?","E","?","M","T","E"],"character_chosen":"IRONCLAD","items_purchased":[],"campfire_rested":0,"item_purchase_floors":[],"current_hp_per_floor":[72,72,72,72,72,31,24,10,10,0],"gold":177,"neow_bonus":"REMOVE_TWO","is_prod":false,"is_daily":false,"chose_seed":false,"campfire_upgraded":0,"win_rate":0,"timestamp":1556449963,"path_taken":["M","?","?","M","?","E","?","M","T","E"],"build_version":"2019-01-23","purchased_purges":0,"victory":false,"max_hp_per_floor":[72,72,72,72,72,72,72,72,72,72],"card_choices":[{"not_picked":["Shrug It Off","Sentinel"],"picked":"Seeing Red","floor":1},{"not_picked":["Body Slam","Clash"],"picked":"Disarm","floor":3},{"not_picked":["Iron Wave","Second Wind"],"picked":"Dropkick","floor":4},{"not_picked":["Fiend Fire","True Grit"],"picked":"Iron Wave","floor":6},{"not_picked":["Perfected Strike","Pommel Strike"],"picked":"Headbutt","floor":8}],"player_experience":83467,"relics_obtained":[{"floor":6,"key":"Vajra"},{"floor":9,"key":"Smiling Mask"}],"event_choices":[{"damage_healed":0,"gold_gain":0,"player_choice":"2 cards matched","damage_taken":0,"max_hp_gain":0,"max_hp_loss":0,"event_name":"Match and Keep!","floor":2,"gold_loss":0,"cards_obtained":["Warcry","Brutality"]},{"damage_healed":0,"gold_gain":0,"cards_transformed":["Defend_R"],"player_choice":"Change","damage_taken":0,"max_hp_gain":0,"max_hp_loss":0,"event_name":"Living Wall","floor":5,"gold_loss":0,"cards_obtained":["Reaper"]},{"cards_removed":["Strike_R"],"damage_healed":0,"gold_gain":0,"player_choice":"Card Removal","damage_taken":7,"max_hp_gain":0,"max_hp_loss":0,"event_name":"Golden Wing","floor":7,"gold_loss":0}],"is_beta":false,"boss_relics":[],"items_purged_floors":[],"is_endless":false,"potions_floor_spawned":[3,4,6],"killed_by":"Lagavulin","ascension_level":1}