{"gold_per_floor":[116,116,136,156,2,29,29,61,88,98,110,135,152,177,177,276,276,286,300,6,18,31,31,51,76,76,105,123,157,177,177,177,177],"floor_reached":33,"playtime":1863,"items_purged":[],"score":475,"play_id":"68054b5f-6660-4228-81f5-3edb5b03ce4f","local_time":"20190903013141","is_ascension_mode":true,"campfire_choices":[{"floor":7,"key":"REST"},{"data":"Madness","floor":15,"key":"SMITH"},{"floor":23,"key":"REST"},{"data":"Mind Blast","floor":32,"key":"SMITH"}],"neow_cost":"NONE","seed_source_timestamp":607129257700600,"circlet_count":0,"master_deck":["Strike_R","Strike_R","Strike_R","Strike_R","Strike_R","Defend_R","Defend_R","Defend_R","Defend_R","Bash","Pummel","Madness+1","Hemokinesis","Warcry","Flame Barrier","Cleave","Demon Form","Wild Strike","Pommel Strike","Infernal Blade+1","Bloodletting+1","Entrench+1","Reaper","Anger+1","Rage+1","Mind Blast+1","Shrug It Off+1","Headbutt","Twin Strike+1","Power Through+1","Headbutt+1","Bludgeon","Rage+1","Shockwave+1","Warcry+1"],"relics":["Burning Blood","NeowsBlessing","PreservedInsect","Happy Flower","Omamori","Pen Nib","Toxic Egg 2","Dream Catcher","White Beast Statue","Lee\u0027s Waffle","Ornamental Fan","Regal Pillow","Anchor","Lantern","SsserpentHead"],"potions_floor_usage":[8,8,14,14,21,21,21,24,24,27,27,29,30,33,33],"damage_taken":[{"damage":0,"enemies":"Jaw Worm","floor":1,"turns":1},{"damage":0,"enemies":"Cultist","floor":3,"turns":1},{"damage":0,"enemies":"2 Louse","floor":4,"turns":1},{"damage":33,"enemies":"3 Sentries","floor":6,"turns":8},{"damage":3,"enemies":"Lagavulin","floor":8,"turns":3},{"damage":9,"enemies":"2 Fungi Beasts","floor":10,"turns":4},{"damage":4,"enemies":"3 Louse","floor":11,"turns":2},{"damage":16,"enemies":"Gremlin Nob","floor":12,"turns":3},{"damage":6,"enemies":"Looter","floor":13,"turns":2},{"damage":5,"enemies":"3 Sentries","floor":14,"turns":3},{"damage":18,"enemies":"Slime Boss","floor":16,"turns":8},{"damage":25,"enemies":"Spheric Guardian","floor":18,"turns":4},{"damage":40,"enemies":"Shell Parasite","floor":19,"turns":5},{"damage":20,"enemies":"Snake Plant","floor":21,"turns":4},{"damage":36,"enemies":"Chosen and Byrds","floor":22,"turns":6},{"damage":22,"enemies":"3 Cultists","floor":24,"turns":5},{"damage":24,"enemies":"Gremlin Leader","floor":25,"turns":5},{"damage":20,"enemies":"Slavers","floor":27,"turns":5},{"damage":15,"enemies":"Snake Plant","floor":28,"turns":3},{"damage":0,"enemies":"Book of Stabbing","floor":29,"turns":3},{"damage":4,"enemies":"Shelled Parasite and Fungi","floor":30,"turns":4},{"damage":81,"enemies":"Champ","floor":33,"turns":8}],"seed_played":"6800494588533265665","potions_obtained":[{"floor":1,"key":"SteroidPotion"},{"floor":3,"key":"Strength Potion"},{"floor":12,"key":"PowerPotion"},{"floor":13,"key":"Explosive Potion"},{"floor":16,"key":"GamblersBrew"},{"floor":18,"key":"Dexterity Potion"},{"floor":19,"key":"Weak Potion"},{"floor":21,"key":"BloodPotion"},{"floor":22,"key":"Explosive Potion"},{"floor":24,"key":"Fruit Juice"},{"floor":25,"key":"GamblersBrew"},{"floor":27,"key":"FearPotion"},{"floor":28,"key":"Swift Potion"},{"floor":29,"key":"SkillPotion"},{"floor":30,"key":"Poison Potion"}],"is_trial":false,"path_per_floor":["M","?","M","M","$","E","R","E","T","M","M","E","M","E","R","B",null,"M","M","$","M","M","R","M","E","T","E","M","E","M","?","R","B"],"character_chosen":"IRONCLAD","items_purchased":["PreservedInsect","Lee\u0027s Waffle","Mind Blast"],"campfire_rested":2,"item_purchase_floors":[5,20,20],"current_hp_per_floor":[80,80,80,80,80,53,77,80,80,77,79,69,69,70,70,58,80,69,41,87,73,43,69,61,55,55,64,55,61,63,63,63,0],"gold":177,"neow_bonus":"THREE_ENEMY_KILL","is_prod":false,"is_daily":false,"chose_seed":false,"campfire_upgraded":2,"win_rate":0,"timestamp":1567499501,"path_taken":["M","?","?","M","$","E","R","E","T","M","M","E","M","E","R","BOSS","M","?","$","?","M","R","M","E","T","E","M","E","M","?","R","BOSS"],"build_version":"2019-07-17","purchased_purges":0,"victory":false,"max_hp_per_floor":[80,80,80,80,80,80,80,80,80,80,80,80,80,80,80,80,80,80,80,87,87,87,87,92,92,92,92,92,92,92,92,92,92],"card_choices":[{"not_picked":["Iron Wave","Twin Strike"],"picked":"Pummel","floor":1},{"not_picked":["Sentinel","Iron Wave"],"picked":"Warcry","floor":3},{"not_picked":["Blood for Blood","Feel No Pain"],"picked":"Flame Barrier","floor":4},{"not_picked":["Body Slam","Evolve"],"picked":"Cleave","floor":6},{"not_picked":["Anger","Perfected Strike"],"picked":"Demon Form","floor":8},{"not_picked":["Hemokinesis","Clothesline"],"picked":"Wild Strike","floor":10},{"not_picked":["Warcry","Headbutt"],"picked":"Pommel Strike","floor":11},{"not_picked":["Body Slam","Demon Form"],"picked":"Infernal Blade","floor":12},{"not_picked":["Pummel","Shrug It Off+1"],"picked":"Bloodletting+1","floor":13},{"not_picked":["Iron Wave","Second Wind+1"],"picked":"Entrench+1","floor":14},{"not_picked":["Berserk","Dark Embrace"],"picked":"Reaper","floor":16},{"not_picked":["Perfected Strike","Havoc+1"],"picked":"Anger+1","floor":18},{"not_picked":["Perfected Strike","Heavy Blade"],"picked":"Rage+1","floor":19},{"not_picked":["Pommel Strike","Hemokinesis"],"picked":"Shrug It Off+1","floor":21},{"not_picked":["Feel No Pain+1","Clash"],"picked":"Headbutt","floor":22},{"not_picked":["Flame Barrier+1","Headbutt"],"picked":"Twin Strike+1","floor":23},{"not_picked":["Shrug It Off+1","Wild Strike"],"picked":"Power Through+1","floor":24},{"not_picked":["Sever Soul+1","Rampage"],"picked":"Headbutt+1","floor":25},{"not_picked":["Dropkick","Metallicize"],"picked":"Bludgeon","floor":27},{"not_picked":["Headbutt","Pommel Strike"],"picked":"Rage+1","floor":28},{"not_picked":["Clothesline","Wild Strike"],"picked":"Shockwave+1","floor":29},{"not_picked":["True Grit+1","Pommel Strike"],"picked":"Warcry+1","floor":30}],"player_experience":260755,"relics_obtained":[{"floor":6,"key":"Happy Flower"},{"floor":8,"key":"Omamori"},{"floor":9,"key":"Pen Nib"},{"floor":12,"key":"Toxic Egg 2"},{"floor":14,"key":"Dream Catcher"},{"floor":25,"key":"Ornamental Fan"},{"floor":26,"key":"Regal Pillow"},{"floor":27,"key":"Anchor"},{"floor":29,"key":"Lantern"}],"event_choices":[{"damage_healed":0,"gold_gain":0,"player_choice":"2 cards matched","damage_taken":0,"max_hp_gain":0,"max_hp_loss":0,"event_name":"Match and Keep!","floor":2,"gold_loss":0,"cards_obtained":["Madness","Hemokinesis"]},{"damage_healed":0,"gold_gain":0,"player_choice":"Trade","damage_taken":0,"relics_obtained":["SsserpentHead"],"max_hp_gain":0,"max_hp_loss":0,"event_name":"FaceTrader","floor":31,"gold_loss":0}],"is_beta":false,"boss_relics":[{"not_picked":["Empty Cage","Philosopher\u0027s Stone"],"picked":"White Beast Statue"}],"items_purged_floors":[],"is_endless":false,"potions_floor_spawned":[1,3,12,13,16,18,19,21,22,24,25,27,28,29,30],"killed_by":"Champ","ascension_level":3}