{"gold_per_floor":[111,111,111,124,143,143,169,119,144,164,182,196,275,293,293,389,389,404,404,421,441,452,482,482,500,525,450,480,480,480],"floor_reached":30,"playtime":1321,"items_purged":[],"score":315,"play_id":"c3db661a-3938-4b79-8328-d2729c1d157c","local_time":"20190903021708","is_ascension_mode":true,"campfire_choices":[{"data":"Corruption","floor":6,"key":"SMITH"},{"floor":15,"key":"REST"},{"data":"Berserk","floor":24,"key":"SMITH"},{"floor":29,"key":"REST"}],"neow_cost":"CURSE","seed_source_timestamp":610398053076500,"circlet_count":0,"master_deck":["Strike_R","Strike_R","Strike_R","Strike_R","Defend_R","Defend_R","Defend_R","Bash","Corruption+1","Twin Strike","Burning Pact","Hemokinesis","Carnage","Seeing Red","Infernal Blade","Flame Barrier","Berserk+1","Cleave","Juggernaut","Feel No Pain+1","Shrug It Off","Feed","Intimidate","Rupture+1","Clash","Disarm"],"relics":["Burning Blood","Bag of Marbles","Blue Candle","Boot","Cursed Key","FaceOfCleric","The Courier","Strawberry","Question Card"],"potions_floor_usage":[11,12,16,16,16,22,28,28],"damage_taken":[{"damage":14,"enemies":"Jaw Worm","floor":1,"turns":3},{"damage":0,"enemies":"Small Slimes","floor":4,"turns":3},{"damage":0,"enemies":"2 Louse","floor":5,"turns":1},{"damage":22,"enemies":"Gremlin Nob","floor":7,"turns":3},{"damage":4,"enemies":"2 Fungi Beasts","floor":10,"turns":3},{"damage":3,"enemies":"Large Slime","floor":11,"turns":4},{"damage":14,"enemies":"Lots of Slimes","floor":12,"turns":3},{"damage":11,"enemies":"Looter","floor":14,"turns":2},{"damage":56,"enemies":"Hexaghost","floor":16,"turns":6},{"damage":0,"enemies":"3 Byrds","floor":18,"turns":3},{"damage":3,"enemies":"Chosen","floor":20,"turns":4},{"damage":16,"enemies":"Snecko","floor":21,"turns":4},{"damage":12,"enemies":"3 Cultists","floor":22,"turns":5},{"damage":27,"enemies":"Book of Stabbing","floor":23,"turns":4},{"damage":26,"enemies":"Snake Plant","floor":25,"turns":3},{"damage":33,"enemies":"Gremlin Leader","floor":28,"turns":5},{"damage":39,"enemies":"Slavers","floor":30,"turns":4}],"seed_played":"1166594699012022710","potions_obtained":[{"floor":7,"key":"AttackPotion"},{"floor":10,"key":"LiquidBronze"},{"floor":11,"key":"Dexterity Potion"},{"floor":12,"key":"FearPotion"},{"floor":14,"key":"Strength Potion"},{"floor":21,"key":"Explosive Potion"},{"floor":23,"key":"Strength Potion"},{"floor":25,"key":"AttackPotion"}],"is_trial":false,"path_per_floor":["M","?","?","M","M","R","E","?","T","M","M","M","?","M","R","B",null,"M","?","M","M","M","E","R","M","T","?","E","R","E"],"character_chosen":"IRONCLAD","items_purchased":[],"campfire_rested":2,"item_purchase_floors":[],"current_hp_per_floor":[72,65,80,80,80,80,64,64,64,66,69,61,61,56,80,30,80,80,80,81,72,67,47,47,28,35,35,9,36,0],"gold":480,"neow_bonus":"TRANSFORM_TWO_CARDS","is_prod":false,"is_daily":false,"chose_seed":false,"campfire_upgraded":2,"win_rate":0,"timestamp":1567502228,"path_taken":["M","?","?","M","M","R","E","?","T","M","M","M","?","M","R","BOSS","M","?","M","M","?","E","R","M","T","?","E","R","E"],"build_version":"2019-07-17","purchased_purges":0,"victory":false,"max_hp_per_floor":[80,80,80,80,80,80,80,80,80,80,80,80,80,80,80,80,80,80,80,81,82,83,84,84,85,92,92,93,93,93],"card_choices":[{"not_picked":["Warcry","Perfected Strike"],"picked":"Burning Pact","floor":1},{"not_picked":["Sword Boomerang","Perfected Strike"],"picked":"Hemokinesis","floor":4},{"not_picked":["Spot Weakness","Seeing Red"],"picked":"Carnage","floor":5},{"not_picked":["Clothesline","Iron Wave"],"picked":"Seeing Red","floor":7},{"not_picked":["Rage","Iron Wave"],"picked":"Infernal Blade","floor":10},{"not_picked":["Rampage","Perfected Strike"],"picked":"Flame Barrier","floor":11},{"not_picked":["Heavy Blade","Clothesline"],"picked":"Berserk","floor":12},{"not_picked":["Hemokinesis","Inflame"],"picked":"Cleave","floor":14},{"not_picked":["Double Tap","Demon Form"],"picked":"Juggernaut","floor":16},{"not_picked":["Clash","Whirlwind"],"picked":"Feel No Pain+1","floor":18},{"not_picked":["Warcry","Sword Boomerang"],"picked":"Shrug It Off","floor":20},{"not_picked":["Corruption","Seeing Red"],"picked":"Feed","floor":21},{"not_picked":["Hemokinesis","Cleave"],"picked":"Intimidate","floor":22},{"not_picked":["Havoc+1","Corruption"],"picked":"Rupture+1","floor":23},{"not_picked":["True Grit","Evolve"],"picked":"Clash","floor":25},{"not_picked":["Warcry","Iron Wave"],"picked":"Disarm","floor":28}],"player_experience":264002,"relics_obtained":[{"floor":7,"key":"Blue Candle"},{"floor":9,"key":"Boot"},{"floor":23,"key":"The Courier"},{"floor":26,"key":"Strawberry"},{"floor":28,"key":"Question Card"}],"event_choices":[{"damage_healed":0,"gold_gain":0,"player_choice":"Success","damage_taken":7,"relics_obtained":["Bag of Marbles"],"max_hp_gain":0,"max_hp_loss":0,"event_name":"Scrap Ooze","floor":2,"gold_loss":0},{"damage_healed":26,"gold_gain":0,"player_choice":"Banana","damage_taken":0,"max_hp_gain":0,"max_hp_loss":0,"event_name":"Big Fish","floor":3,"gold_loss":0},{"cards_removed":["Injury"],"damage_healed":0,"gold_gain":0,"player_choice":"Card Removal","damage_taken":0,"max_hp_gain":0,"max_hp_loss":0,"event_name":"The Cleric","floor":8,"gold_loss":50},{"damage_healed":0,"gold_gain":79,"player_choice":"Gained Gold","damage_taken":0,"max_hp_gain":0,"max_hp_loss":0,"event_name":"Golden Wing","floor":13,"gold_loss":0},{"damage_healed":0,"gold_gain":0,"player_choice":"Trade","damage_taken":0,"relics_obtained":["FaceOfCleric"],"max_hp_gain":0,"max_hp_loss":0,"event_name":"FaceTrader","floor":19,"gold_loss":0},{"cards_removed":["Normality"],"damage_healed":0,"gold_gain":0,"player_choice":"Gave Gold","damage_taken":0,"max_hp_gain":0,"max_hp_loss":0,"event_name":"Beggar","floor":27,"gold_loss":75}],"is_beta":false,"boss_relics":[{"not_picked":["Runic Dome","Black Star"],"picked":"Cursed Key"}],"items_purged_floors":[],"is_endless":false,"potions_floor_spawned":[7,10,11,12,14,21,23,25],"killed_by":"Slavers","ascension_level":3}