{"gold_per_floor":[109,121,121,96,115,141,141,176,176,176,206,218,232,232,232,331,331,341,341,266,281,100,135,135],"floor_reached":24,"playtime":2703,"items_purged":[],"score":271,"play_id":"a2f1bf25-be59-4f77-b2c7-5a3342b870ef","local_time":"20190427231522","is_ascension_mode":true,"campfire_choices":[{"floor":7,"key":"REST"},{"data":"Infernal Blade","floor":10,"key":"SMITH"},{"floor":15,"key":"REST"}],"neow_cost":"NONE","seed_source_timestamp":1083375513323,"circlet_count":0,"master_deck":["Strike_R","Strike_R","Strike_R","Strike_R","Strike_R","Defend_R","Defend_R","Defend_R","Defend_R","Bash","Flex","Infernal Blade+1","Armaments","Metallicize","Dual Wield","Feed","Shrug It Off","Iron Wave","Limit Break","Cleave","Evolve","Blood for Blood","Juggernaut","Combust","Dropkick","Wild Strike","Rage+1","Dropkick","Whirlwind"],"relics":["Burning Blood","NeowsBlessing","Prayer Wheel","Turnip","Incense Burner","StoneCalendar","Bottled Flame","White Beast Statue","Potion Belt","Bag of Preparation"],"potions_floor_usage":[8,11,11,16,23,23],"damage_taken":[{"damage":0,"enemies":"2 Louse","floor":1,"turns":1},{"damage":0,"enemies":"Cultist","floor":2,"turns":1},{"damage":0,"enemies":"Jaw Worm","floor":5,"turns":1},{"damage":39,"enemies":"Lagavulin","floor":6,"turns":7},{"damage":27,"enemies":"3 Sentries","floor":8,"turns":17},{"damage":32,"enemies":"Gremlin Nob","floor":11,"turns":5},{"damage":1,"enemies":"3 Louse","floor":12,"turns":3},{"damage":15,"enemies":"Exordium Wildlife","floor":13,"turns":6},{"damage":24,"enemies":"Slime Boss","floor":16,"turns":14},{"damage":20,"enemies":"Shell Parasite","floor":18,"turns":7},{"damage":36,"enemies":"Spheric Guardian","floor":21,"turns":6},{"damage":35,"enemies":"Slavers","floor":23,"turns":5},{"damage":33,"enemies":"3 Cultists","floor":24,"turns":4}],"seed_played":"7835248086851675834","potions_obtained":[{"floor":2,"key":"SteroidPotion"},{"floor":5,"key":"Swift Potion"},{"floor":6,"key":"Block Potion"},{"floor":13,"key":"SteroidPotion"},{"floor":18,"key":"PowerPotion"},{"floor":21,"key":"Swift Potion"},{"floor":23,"key":"LiquidBronze"}],"is_trial":false,"path_per_floor":["M","M","?","$","M","E","R","E","T","R","E","M","M","?","R","B",null,"M","?","?","M","$","E","M"],"character_chosen":"IRONCLAD","items_purchased":["Armaments","Potion Belt","Dropkick"],"campfire_rested":2,"item_purchase_floors":[4,22,22],"current_hp_per_floor":[80,80,80,80,80,47,71,53,53,53,30,35,29,29,55,41,93,82,82,82,55,55,29,0],"gold":135,"neow_bonus":"THREE_ENEMY_KILL","is_prod":false,"is_daily":false,"chose_seed":false,"campfire_upgraded":1,"win_rate":0,"timestamp":1556432122,"path_taken":["M","M","?","$","?","E","R","E","T","R","E","M","M","?","R","BOSS","M","?","?","?","$","E","M"],"build_version":"2019-01-23","purchased_purges":0,"victory":false,"max_hp_per_floor":[80,80,80,80,80,80,80,83,83,83,86,86,89,89,89,93,93,96,96,96,99,99,102,105],"card_choices":[{"not_picked":["Clash","Twin Strike"],"picked":"Flex","floor":1},{"not_picked":["Combust","Twin Strike"],"picked":"Infernal Blade","floor":2},{"not_picked":["Shockwave","Thunderclap"],"picked":"Metallicize","floor":5},{"not_picked":["Warcry","Sever Soul"],"picked":"Dual Wield","floor":5},{"not_picked":["Dark Embrace","Heavy Blade"],"picked":"Feed","floor":6},{"not_picked":["Clash","Perfected Strike"],"picked":"Shrug It Off","floor":8},{"not_picked":["Infernal Blade","Body Slam"],"picked":"Iron Wave","floor":11},{"not_picked":["Clash","Armaments"],"picked":"Limit Break","floor":12},{"not_picked":["Rampage","Flex"],"picked":"Cleave","floor":12},{"not_picked":["Warcry","Heavy Blade"],"picked":"Evolve","floor":13},{"not_picked":["Twin Strike","Power Through"],"picked":"Blood for Blood","floor":13},{"not_picked":["Limit Break","Offering"],"picked":"Juggernaut","floor":16},{"not_picked":["Battle Trance","Uppercut+1"],"picked":"Combust","floor":18},{"not_picked":["Wild Strike+1","Shrug It Off"],"picked":"Dropkick","floor":18},{"not_picked":["Feed","Second Wind"],"picked":"Wild Strike","floor":21},{"not_picked":["Thunderclap","Flex"],"picked":"Rage+1","floor":21},{"not_picked":["Warcry","Armaments"],"picked":"Whirlwind","floor":23}],"player_experience":64083,"relics_obtained":[{"floor":3,"key":"Prayer Wheel"},{"floor":6,"key":"Turnip"},{"floor":8,"key":"Incense Burner"},{"floor":9,"key":"StoneCalendar"},{"floor":11,"key":"Bottled Flame"},{"floor":23,"key":"Bag of Preparation"}],"event_choices":[{"damage_healed":0,"gold_gain":0,"player_choice":"Relic","damage_taken":0,"max_hp_gain":0,"max_hp_loss":0,"event_name":"Wheel of Change","floor":3,"gold_loss":0},{"damage_healed":0,"gold_gain":0,"player_choice":"Ignored","damage_taken":0,"max_hp_gain":0,"max_hp_loss":0,"event_name":"Shining Light","floor":14,"gold_loss":0},{"damage_healed":0,"gold_gain":0,"player_choice":"Smashed Altar","damage_taken":0,"max_hp_gain":0,"max_hp_loss":0,"event_name":"Forgotten Altar","floor":19,"gold_loss":0,"cards_obtained":["Decay"]},{"cards_removed":["Decay"],"damage_healed":0,"gold_gain":0,"player_choice":"Gave Gold","damage_taken":0,"max_hp_gain":0,"max_hp_loss":0,"event_name":"Beggar","floor":20,"gold_loss":75}],"is_beta":false,"boss_relics":[{"not_picked":["Snecko Eye","Velvet Choker"],"picked":"White Beast Statue"}],"items_purged_floors":[],"is_endless":false,"potions_floor_spawned":[2,5,6,13,18,21,23],"killed_by":"3 Cultists","ascension_level":1}