{"gold_per_floor":[113,129,143,163,183,183,197,197,197,229,247,247,247,282,282,386,386,398,413,413,423,27,53,53,65,65,90,102,112,112,145,145,249,249,266,285,285,285,295,295,329,329,329,357,357,409,420,0,0,0],"floor_reached":51,"playtime":3431,"items_purged":[],"score":840,"play_id":"8a2916d1-f7ba-40cc-b4b4-36a6d0f9195a","local_time":"20190520235301","is_ascension_mode":true,"campfire_choices":[{"data":"Armaments","floor":6,"key":"SMITH"},{"floor":8,"key":"REST"},{"floor":13,"key":"REST"},{"floor":15,"key":"REST"},{"floor":24,"key":"REST"},{"floor":30,"key":"REST"},{"floor":32,"key":"REST"},{"data":"Seeing Red","floor":40,"key":"SMITH"},{"floor":42,"key":"REST"},{"floor":49,"key":"REST"}],"neow_cost":"NONE","seed_source_timestamp":352416478492042,"circlet_count":0,"master_deck":["Strike_R","Strike_R","Strike_R","Strike_R","Strike_R","Defend_R+1","Defend_R","Defend_R","Defend_R","Bash","Warcry","Combust","Shockwave","Armaments+1","Intimidate","Feel No Pain","Seeing Red+1","Rampage","Shrug It Off","Trip+1","Metallicize","Feed","Clothesline+1","Headbutt+1","Perfected Strike+1","Flame Barrier","Whirlwind","Feed","Iron Wave+1","Rage","Thunderclap","Anger","Juggernaut","Iron Wave+1","Pommel Strike","Double Tap+1","Body Slam","Heavy Blade","Writhe","Blood for Blood+1","Dual Wield+1","Ghostly Armor","Feel No Pain","Doubt","Flex+1","Shrug It Off+1"],"relics":["Burning Blood","Regal Pillow","Shuriken","Letter Opener","Ancient Tea Set","Mark of Pain","Dodecahedron","Bag of Marbles","Bottled Flame","Mummified Hand","Juzu Bracelet","Dream Catcher","Lizard Tail","Potion Belt","Kunai","War Paint","Omamori","Red Mask"],"potions_floor_usage":[16,16,19,21,25,25,33,39,39,41,44],"damage_taken":[{"damage":13,"enemies":"Jaw Worm","floor":1,"turns":3},{"damage":1,"enemies":"Cultist","floor":2,"turns":3},{"damage":14,"enemies":"2 Louse","floor":3,"turns":3},{"damage":16,"enemies":"Exordium Thugs","floor":4,"turns":5},{"damage":19,"enemies":"Exordium Wildlife","floor":5,"turns":5},{"damage":6,"enemies":"Looter","floor":7,"turns":4},{"damage":50,"enemies":"Gremlin Nob","floor":10,"turns":6},{"damage":11,"enemies":"3 Louse","floor":11,"turns":3},{"damage":20,"enemies":"Lagavulin","floor":14,"turns":7},{"damage":9,"enemies":"Slime Boss","floor":16,"turns":11},{"damage":9,"enemies":"Chosen","floor":18,"turns":5},{"damage":6,"enemies":"Shell Parasite","floor":19,"turns":6},{"damage":26,"enemies":"Snake Plant","floor":21,"turns":4},{"damage":14,"enemies":"Book of Stabbing","floor":23,"turns":5},{"damage":16,"enemies":"Chosen and Byrds","floor":25,"turns":7},{"damage":28,"enemies":"Gremlin Leader","floor":27,"turns":8},{"damage":7,"enemies":"Snecko","floor":28,"turns":4},{"damage":32,"enemies":"Centurion and Healer","floor":29,"turns":5},{"damage":22,"enemies":"Slavers","floor":31,"turns":4},{"damage":56,"enemies":"Collector","floor":33,"turns":9},{"damage":30,"enemies":"3 Darklings","floor":35,"turns":6},{"damage":10,"enemies":"Orb Walker","floor":36,"turns":2},{"damage":22,"enemies":"Jaw Worm Horde","floor":39,"turns":4},{"damage":19,"enemies":"Nemesis","floor":41,"turns":5},{"damage":63,"enemies":"Reptomancer","floor":44,"turns":6},{"damage":45,"enemies":"Transient","floor":47,"turns":5},{"damage":111,"enemies":"Awakened One","floor":50,"turns":12}],"seed_played":"938093631348363324","potions_obtained":[{"floor":2,"key":"SkillPotion"},{"floor":4,"key":"GamblersBrew"},{"floor":11,"key":"Block Potion"},{"floor":16,"key":"Ancient Potion"},{"floor":18,"key":"Block Potion"},{"floor":19,"key":"GamblersBrew"},{"floor":23,"key":"SteroidPotion"},{"floor":27,"key":"EssenceOfSteel"},{"floor":35,"key":"AttackPotion"},{"floor":36,"key":"Fire Potion"},{"floor":39,"key":"Strength Potion"}],"is_trial":false,"path_per_floor":["M","M","M","M","M","R","M","R","T","E","M","?","R","E","R","B",null,"M","M","T","M","$","E","R","M","T","E","M","M","R","E","R","B",null,"M","M","?","?","M","R","E","R","T","E","?","T","M","?","R","B",null],"character_chosen":"IRONCLAD","items_purchased":["Flame Barrier","Whirlwind","Bag of Marbles","Feed"],"campfire_rested":8,"item_purchase_floors":[22,22,22,22],"current_hp_per_floor":[73,78,70,60,47,47,47,80,80,36,31,31,70,56,80,77,80,81,81,81,64,64,59,90,84,84,62,61,38,82,69,100,50,100,76,72,97,97,84,84,71,103,103,49,106,106,67,67,106,58],"gold":0,"neow_bonus":"RANDOM_COMMON_RELIC","is_prod":false,"is_daily":false,"chose_seed":false,"campfire_upgraded":2,"win_rate":0,"timestamp":1558421581,"path_taken":["M","M","M","M","M","R","M","R","T","E","M","?","R","E","R","BOSS","M","M","?","M","$","E","R","M","T","E","M","M","R","E","R","BOSS","M","M","?","?","M","R","E","R","T","E","?","?","M","?","R","BOSS"],"build_version":"2019-01-23","purchased_purges":0,"victory":true,"max_hp_per_floor":[80,80,80,80,80,80,80,80,80,80,80,80,80,80,80,80,80,84,84,84,87,87,90,90,94,94,94,94,97,97,100,100,100,100,100,100,100,100,103,103,103,103,103,106,106,106,106,106,106,106],"card_choices":[{"not_picked":["Twin Strike","True Grit"],"picked":"Warcry","floor":1},{"not_picked":["Dropkick","Flex"],"picked":"Combust","floor":2},{"not_picked":["Body Slam","Twin Strike"],"picked":"Shockwave","floor":3},{"not_picked":["Rampage","True Grit"],"picked":"Armaments","floor":4},{"not_picked":["Pommel Strike","Heavy Blade"],"picked":"Intimidate","floor":5},{"not_picked":["Clash","Rage"],"picked":"Feel No Pain","floor":7},{"not_picked":["Armaments","Clash"],"picked":"Seeing Red","floor":10},{"not_picked":["Disarm","Shockwave"],"picked":"Rampage","floor":11},{"not_picked":["Sever Soul","Twin Strike"],"picked":"Metallicize","floor":14},{"not_picked":["Double Tap","Limit Break"],"picked":"Feed","floor":16},{"not_picked":["Rupture","Dropkick"],"picked":"Clothesline+1","floor":18},{"not_picked":["Clothesline","Iron Wave"],"picked":"Headbutt+1","floor":19},{"not_picked":["Inflame","Hemokinesis+1"],"picked":"Perfected Strike+1","floor":21},{"not_picked":["Feel No Pain","Reckless Charge"],"picked":"Iron Wave+1","floor":23},{"not_picked":["Shrug It Off","Headbutt"],"picked":"Rage","floor":25},{"not_picked":["Shockwave","Clothesline+1"],"picked":"Thunderclap","floor":27},{"not_picked":["Havoc","Armaments"],"picked":"Anger","floor":28},{"not_picked":["Clothesline","Wild Strike+1"],"picked":"Juggernaut","floor":29},{"not_picked":["Wild Strike","Whirlwind"],"picked":"Iron Wave+1","floor":31},{"not_picked":["Bloodletting","Shockwave"],"picked":"Pommel Strike","floor":32},{"not_picked":["Fiend Fire","Immolate"],"picked":"Double Tap","floor":33},{"not_picked":["Havoc","Twin Strike"],"picked":"Body Slam","floor":35},{"not_picked":["Armaments+1","Anger+1"],"picked":"Heavy Blade","floor":36},{"not_picked":["Hemokinesis+1","Cleave"],"picked":"Blood for Blood+1","floor":39},{"not_picked":["Rampage+1","Carnage+1"],"picked":"Dual Wield+1","floor":41},{"not_picked":["Thunderclap","Searing Blow+1"],"picked":"Ghostly Armor","floor":42},{"not_picked":["Corruption","Sever Soul+1"],"picked":"Feel No Pain","floor":44},{"not_picked":["Warcry","Metallicize+1"],"picked":"Flex+1","floor":47},{"not_picked":["Havoc","Thunderclap+1"],"picked":"Shrug It Off+1","floor":49}],"player_experience":144578,"relics_obtained":[{"floor":9,"key":"Shuriken"},{"floor":10,"key":"Letter Opener"},{"floor":14,"key":"Ancient Tea Set"},{"floor":20,"key":"Dodecahedron"},{"floor":23,"key":"Bottled Flame"},{"floor":26,"key":"Mummified Hand"},{"floor":27,"key":"Juzu Bracelet"},{"floor":31,"key":"Dream Catcher"},{"floor":41,"key":"Potion Belt"},{"floor":43,"key":"Kunai"},{"floor":44,"key":"War Paint"},{"floor":46,"key":"Omamori"}],"event_choices":[{"damage_healed":0,"gold_gain":0,"player_choice":"2 cards matched","damage_taken":0,"max_hp_gain":0,"max_hp_loss":0,"event_name":"Match and Keep!","floor":12,"gold_loss":0,"cards_obtained":["Shrug It Off","Trip"]},{"damage_healed":25,"gold_gain":0,"player_choice":"Writhe","damage_taken":0,"max_hp_gain":0,"max_hp_loss":0,"event_name":"Winding Halls","floor":37,"gold_loss":0,"cards_obtained":["Writhe"]},{"damage_healed":0,"gold_gain":0,"player_choice":"Forge","damage_taken":0,"max_hp_gain":0,"max_hp_loss":0,"event_name":"Accursed Blacksmith","floor":38,"gold_loss":0,"cards_upgraded":["Double Tap"]},{"damage_healed":57,"gold_gain":0,"player_choice":"Heal","damage_taken":0,"max_hp_gain":0,"max_hp_loss":0,"event_name":"MindBloom","floor":45,"gold_loss":0,"cards_obtained":["Doubt"]},{"damage_healed":0,"gold_gain":0,"player_choice":"Paid","damage_taken":0,"relics_obtained":["Red Mask"],"max_hp_gain":0,"max_hp_loss":0,"event_name":"Tomb of Lord Red Mask","floor":48,"gold_loss":420}],"is_beta":false,"boss_relics":[{"not_picked":["Runic Pyramid","Calling Bell"],"picked":"Mark of Pain"},{"not_picked":["Empty Cage","White Beast Statue"],"picked":"Lizard Tail"}],"items_purged_floors":[],"is_endless":false,"potions_floor_spawned":[2,4,11,16,18,19,23,27,35,36,39],"ascension_level":1}