{"gold_per_floor":[111,111,130,130,142,168,184,184,211,224,224,224,234,194,194,293,293,316,328,340,352,375,420,462,474],"floor_reached":25,"playtime":1587,"items_purged":[],"score":282,"play_id":"4d27ec69-970e-452c-b988-01e998309db2","local_time":"20190506002611","is_ascension_mode":true,"campfire_choices":[{"data":"Exhume","floor":8,"key":"SMITH"},{"floor":15,"key":"REST"}],"neow_cost":"CURSE","seed_source_timestamp":8549220646540,"circlet_count":0,"master_deck":["Strike_R","Strike_R+1","Strike_R","Strike_R","Strike_R","Defend_R","Defend_R","Defend_R","Defend_R+1","Bash","Clumsy","Disarm","Perfected Strike","Cleave","Armaments","Exhume+1","Twin Strike","Wild Strike","Limit Break","Clumsy","Injury","Clothesline+1","Blood for Blood+1","Flex","Flame Barrier"],"relics":["Burning Blood","Strawberry","Juzu Bracelet","Red Skull","Pen Nib","Calling Bell","MawBank","Ornamental Fan","Mango","MutagenicStrength","Pantograph","Red Mask"],"potions_floor_usage":[6,22,23,25,25],"damage_taken":[{"damage":7,"enemies":"2 Louse","floor":1,"turns":4},{"damage":10,"enemies":"Small Slimes","floor":3,"turns":4},{"damage":1,"enemies":"Cultist","floor":5,"turns":3},{"damage":30,"enemies":"3 Sentries","floor":6,"turns":6},{"damage":11,"enemies":"Blue Slaver","floor":7,"turns":3},{"damage":11,"enemies":"Red Slaver","floor":10,"turns":2},{"damage":2,"enemies":"3 Louse","floor":13,"turns":3},{"damage":37,"enemies":"Slime Boss","floor":16,"turns":7},{"damage":24,"enemies":"Shell Parasite","floor":18,"turns":6},{"damage":43,"enemies":"2 Thieves","floor":22,"turns":4},{"damage":49,"enemies":"Gremlin Leader","floor":23,"turns":6},{"damage":16,"enemies":"Masked Bandits","floor":24,"turns":3},{"damage":10,"enemies":"Slavers","floor":25,"turns":1}],"seed_played":"5736333589979464380","potions_obtained":[{"floor":3,"key":"Fire Potion"},{"floor":7,"key":"Weak Potion"},{"floor":13,"key":"Swift Potion"},{"floor":22,"key":"Explosive Potion"},{"floor":24,"key":"Poison Potion"}],"is_trial":false,"path_per_floor":["M","?","M","?","M","E","M","R","T","M","?","T","M","?","R","B",null,"M","?","?","?","M","E","?","E"],"character_chosen":"IRONCLAD","items_purchased":[],"campfire_rested":1,"item_purchase_floors":[],"current_hp_per_floor":[95,102,98,77,82,58,53,53,53,48,41,41,45,45,75,44,117,99,99,99,99,62,19,9,0],"gold":474,"neow_bonus":"TWENTY_PERCENT_HP_BONUS","is_prod":false,"is_daily":false,"chose_seed":false,"campfire_upgraded":1,"win_rate":0,"timestamp":1557127571,"path_taken":["M","?","M","?","M","E","M","R","T","M","?","?","M","?","R","BOSS","M","?","?","?","M","E","?","E"],"build_version":"2019-01-23","purchased_purges":0,"victory":false,"max_hp_per_floor":[96,103,103,103,103,103,103,103,103,103,103,103,103,103,103,103,117,117,117,117,117,117,117,117,117],"card_choices":[{"not_picked":["Warcry","Corruption"],"picked":"Disarm","floor":1},{"not_picked":["Havoc","Heavy Blade"],"picked":"Perfected Strike","floor":3},{"not_picked":["Clash","Flex"],"picked":"Cleave","floor":5},{"not_picked":["Dual Wield","Body Slam"],"picked":"Armaments","floor":6},{"not_picked":["Carnage","Rage"],"picked":"Exhume","floor":7},{"not_picked":["Body Slam","Clothesline"],"picked":"Twin Strike","floor":10},{"not_picked":["Clash","Battle Trance"],"picked":"Wild Strike","floor":13},{"not_picked":["Demon Form","Fiend Fire"],"picked":"Limit Break","floor":16},{"not_picked":["Sword Boomerang","Iron Wave+1"],"picked":"Clothesline+1","floor":18},{"not_picked":["Heavy Blade","Headbutt"],"picked":"Blood for Blood+1","floor":22},{"not_picked":["Wild Strike","Berserk"],"picked":"Flex","floor":23},{"not_picked":["Heavy Blade","Clash"],"picked":"Flame Barrier","floor":24}],"player_experience":92526,"relics_obtained":[{"floor":6,"key":"Juzu Bracelet"},{"floor":9,"key":"Red Skull"},{"floor":12,"key":"Pen Nib"},{"floor":17,"key":"MawBank"},{"floor":17,"key":"Ornamental Fan"},{"floor":17,"key":"Mango"},{"floor":23,"key":"Pantograph"},{"floor":24,"key":"Red Mask"}],"event_choices":[{"damage_healed":0,"gold_gain":0,"player_choice":"Box","damage_taken":0,"relics_obtained":["Strawberry"],"max_hp_gain":0,"max_hp_loss":0,"event_name":"Big Fish","floor":2,"gold_loss":0,"cards_obtained":["Regret"]},{"damage_healed":0,"gold_gain":0,"player_choice":"Entered Light","damage_taken":21,"max_hp_gain":0,"max_hp_loss":0,"event_name":"Shining Light","floor":4,"gold_loss":0,"cards_upgraded":["Defend_R","Strike_R"]},{"cards_removed":["Regret"],"damage_healed":0,"gold_gain":0,"player_choice":"Card Removal","damage_taken":7,"max_hp_gain":0,"max_hp_loss":0,"event_name":"Golden Wing","floor":11,"gold_loss":0},{"damage_healed":0,"gold_gain":0,"player_choice":"Left Gold","damage_taken":0,"max_hp_gain":0,"max_hp_loss":0,"event_name":"World of Goop","floor":14,"gold_loss":40},{"cards_removed":["Regret"],"damage_healed":0,"gold_gain":0,"player_choice":"Purged","damage_taken":0,"max_hp_gain":0,"max_hp_loss":0,"event_name":"Purifier","floor":19,"gold_loss":0},{"damage_healed":0,"gold_gain":0,"player_choice":"Inject Mutagens","damage_taken":0,"relics_obtained":["MutagenicStrength"],"max_hp_gain":0,"max_hp_loss":0,"event_name":"Drug Dealer","floor":20,"gold_loss":0},{"damage_healed":0,"gold_gain":0,"player_choice":"Ignored","damage_taken":0,"max_hp_gain":0,"max_hp_loss":0,"event_name":"Ghosts","floor":21,"gold_loss":0},{"damage_healed":0,"gold_gain":0,"player_choice":"Fought Bandits","damage_taken":0,"max_hp_gain":0,"max_hp_loss":0,"event_name":"Masked Bandits","floor":24,"gold_loss":0}],"is_beta":false,"boss_relics":[{"not_picked":["Sozu","Runic Pyramid"],"picked":"Calling Bell"}],"items_purged_floors":[],"is_endless":false,"potions_floor_spawned":[3,7,13,22,24],"killed_by":"Slavers","ascension_level":1}