{"gold_per_floor":[113,143,143,158,171,171,171,346,346,41,116,116,134,134,134,233,233,246,15,33,33,33,65,65,79,79,92,107,107,107,118,118,220,220,233,153,167,183,194,194,204,204,204,204,204,204,204,223,223,223],"floor_reached":50,"playtime":1238,"items_purged":["Doubt","Shame"],"score":507,"play_id":"f0916009-5422-4f18-817f-d806b4038e69","local_time":"20191025164455","is_ascension_mode":false,"campfire_choices":[{"data":"Streamline","floor":6,"key":"SMITH"},{"data":"Apotheosis","floor":12,"key":"SMITH"},{"data":"Seek","floor":15,"key":"SMITH"},{"data":"Buffer","floor":24,"key":"SMITH"},{"data":"Coolheaded","floor":29,"key":"SMITH"},{"data":"Ball Lightning","floor":32,"key":"SMITH"},{"data":"Defend_B","floor":40,"key":"SMITH"},{"data":"Leap","floor":49,"key":"SMITH"}],"neow_cost":"NONE","seed_source_timestamp":1324666958925900,"circlet_count":0,"master_deck":["Strike_B","Defend_B","Defend_B","Defend_B+1","Defend_B","Zap","Dualcast","Conserve Battery","Strike_B","Streamline+1","Leap+1","Seek+1","Coolheaded+1","Apotheosis+1","Cold Snap","Buffer+1","Ball Lightning+1","Flash of Steel","Glacier","Barrage+1","Go for the Eyes+1","Barrage+1","Core Surge","Loop+1","Storm+1","Doubt"],"relics":["Cracked Core","NeowsBlessing","Tiny Chest","Sundial","The Courier","Mercury Hourglass","Coffee Dripper","Runic Capacitor","Cables","PreservedInsect","Ornamental Fan","Nunchaku","Astrolabe","Toxic Egg 2"],"potions_floor_usage":[16,16,23,31,33,47,50,50],"damage_taken":[{"damage":0,"enemies":"Jaw Worm","floor":1,"turns":1},{"damage":0,"enemies":"Cultist","floor":4,"turns":1},{"damage":0,"enemies":"Small Slimes","floor":5,"turns":1},{"damage":0,"enemies":"Looter","floor":13,"turns":3},{"damage":14,"enemies":"Hexaghost","floor":16,"turns":10},{"damage":8,"enemies":"2 Thieves","floor":18,"turns":4},{"damage":1,"enemies":"3 Byrds","floor":20,"turns":4},{"damage":20,"enemies":"Slavers","floor":23,"turns":5},{"damage":15,"enemies":"Shelled Parasite and Fungi","floor":25,"turns":4},{"damage":0,"enemies":"Sentry and Sphere","floor":27,"turns":4},{"damage":0,"enemies":"Centurion and Healer","floor":28,"turns":5},{"damage":0,"enemies":"Shelled Parasite and Fungi","floor":31,"turns":4},{"damage":15,"enemies":"Automaton","floor":33,"turns":9},{"damage":0,"enemies":"Orb Walker","floor":35,"turns":3},{"damage":1,"enemies":"3 Shapes","floor":37,"turns":4},{"damage":0,"enemies":"Maw","floor":38,"turns":7},{"damage":0,"enemies":"4 Shapes","floor":39,"turns":5},{"damage":0,"enemies":"Transient","floor":41,"turns":5},{"damage":43,"enemies":"Nemesis","floor":47,"turns":4},{"damage":4,"enemies":"3 Darklings","floor":48,"turns":5},{"damage":33,"enemies":"Awakened One","floor":50,"turns":2}],"seed_played":"8360811673623375556","potions_obtained":[{"floor":5,"key":"Dexterity Potion"},{"floor":16,"key":"Fruit Juice"},{"floor":18,"key":"SkillPotion"},{"floor":20,"key":"Regen Potion"},{"floor":28,"key":"Fire Potion"},{"floor":31,"key":"SmokeBomb"},{"floor":35,"key":"Poison Potion"},{"floor":41,"key":"Dexterity Potion"}],"is_trial":false,"path_per_floor":["M","?","?","M","M","R","T","?","T","$","?","R","M","T","R","B",null,"M","$","M","?","?","E","R","M","T","M","M","R","T","M","R","B",null,"M","$","M","M","M","R","M","?","T","?","?","?","E","M","R","B"],"character_chosen":"DEFECT","items_purchased":["Seek","Coolheaded","Apotheosis","Runic Capacitor","Flash of Steel"],"campfire_rested":0,"item_purchase_floors":[10,10,10,19,19],"current_hp_per_floor":[75,72,72,72,72,72,72,72,72,72,61,61,61,61,61,52,80,72,72,71,71,71,63,63,48,48,48,48,48,48,48,48,33,80,80,80,79,79,79,79,79,79,79,80,76,76,33,29,29,0],"gold":223,"neow_bonus":"THREE_ENEMY_KILL","is_prod":false,"is_daily":false,"chose_seed":false,"campfire_upgraded":8,"win_rate":0,"timestamp":1572036295,"path_taken":["M","?","?","?","M","R","?","?","T","$","?","R","M","?","R","BOSS","M","$","M","?","?","E","R","M","T","M","M","R","?","?","R","BOSS","M","$","M","M","M","R","M","?","T","?","?","?","E","M","R","BOSS"],"build_version":"2019-07-17","purchased_purges":2,"victory":false,"max_hp_per_floor":[75,75,75,75,75,75,75,75,75,75,75,75,75,75,75,80,80,80,80,80,80,80,80,80,80,80,80,80,80,80,80,80,80,80,80,80,80,80,80,80,80,80,80,80,76,76,76,76,76,76],"card_choices":[{"not_picked":["Go for the Eyes","Redo"],"picked":"Conserve Battery","floor":1},{"not_picked":["Compile Driver","Coolheaded"],"picked":"Streamline","floor":4},{"not_picked":["Turbo","Redo"],"picked":"Leap","floor":5},{"not_picked":["Go for the Eyes","Chaos"],"picked":"Cold Snap","floor":13},{"not_picked":["Seek","Creative AI"],"picked":"Buffer","floor":16},{"not_picked":["Leap","White Noise"],"picked":"Ball Lightning","floor":18},{"not_picked":["Compile Driver","Coolheaded+1"],"picked":"Glacier","floor":20},{"not_picked":["Creative AI","Conserve Battery"],"picked":"Barrage+1","floor":23},{"not_picked":["Go for the Eyes","Beam Cell","Leap"],"picked":"SKIP","floor":25},{"not_picked":["Rebound+1","Capacitor","Sunder"],"picked":"SKIP","floor":27},{"not_picked":["FTL+1","Doom and Gloom"],"picked":"Go for the Eyes+1","floor":28},{"not_picked":["Conserve Battery","Undo"],"picked":"Barrage+1","floor":31},{"not_picked":["Rainbow","Fission"],"picked":"Core Surge","floor":33},{"not_picked":["Compile Driver","Redo","Leap+1"],"picked":"SKIP","floor":35},{"not_picked":["Streamline","Glacier","Barrage"],"picked":"SKIP","floor":37},{"not_picked":["Force Field","Auto Shields","Streamline+1"],"picked":"SKIP","floor":38},{"not_picked":["Ball Lightning+1","Aggregate+1","Turbo+1"],"picked":"SKIP","floor":39},{"not_picked":["Hello World","Sweeping Beam","Beam Cell"],"picked":"SKIP","floor":41},{"not_picked":["Go for the Eyes","FTL","Skim+1"],"picked":"SKIP","floor":48}],"player_experience":585525,"relics_obtained":[{"floor":7,"key":"Sundial"},{"floor":9,"key":"The Courier"},{"floor":14,"key":"Mercury Hourglass"},{"floor":23,"key":"PreservedInsect"},{"floor":26,"key":"Ornamental Fan"},{"floor":30,"key":"Nunchaku"},{"floor":43,"key":"Toxic Egg 2"}],"event_choices":[{"damage_healed":0,"gold_gain":0,"player_choice":"Success","damage_taken":3,"relics_obtained":["Tiny Chest"],"max_hp_gain":0,"max_hp_loss":0,"event_name":"Scrap Ooze","floor":2,"gold_loss":0},{"cards_removed":["Strike_B"],"damage_healed":0,"gold_gain":0,"player_choice":"Took Card","damage_taken":0,"max_hp_gain":0,"max_hp_loss":0,"event_name":"NoteForYourself","floor":3,"gold_loss":0,"cards_obtained":["Strike_B"]},{"damage_healed":0,"gold_gain":175,"player_choice":"AGREE","damage_taken":0,"max_hp_gain":0,"max_hp_loss":0,"event_name":"Liars Game","floor":8,"gold_loss":0,"cards_obtained":["Doubt"]},{"damage_healed":0,"gold_gain":75,"player_choice":"Gather Gold","damage_taken":11,"max_hp_gain":0,"max_hp_loss":0,"event_name":"World of Goop","floor":11,"gold_loss":0},{"damage_healed":0,"gold_gain":0,"player_choice":"Ignored","damage_taken":0,"max_hp_gain":0,"max_hp_loss":0,"event_name":"Ghosts","floor":21,"gold_loss":0},{"damage_healed":0,"gold_gain":0,"player_choice":"Opened","damage_taken":0,"relics_obtained":["Cables"],"max_hp_gain":0,"max_hp_loss":0,"event_name":"The Mausoleum","floor":22,"gold_loss":0,"cards_obtained":["Writhe"]},{"damage_healed":0,"gold_gain":0,"player_choice":"Ignored","damage_taken":0,"max_hp_gain":0,"max_hp_loss":0,"event_name":"Mysterious Sphere","floor":42,"gold_loss":0},{"damage_healed":1,"gold_gain":0,"player_choice":"Heal","damage_taken":0,"max_hp_gain":0,"max_hp_loss":0,"event_name":"MindBloom","floor":44,"gold_loss":0,"cards_obtained":["Doubt"]},{"damage_healed":0,"gold_gain":0,"player_choice":"Max HP","damage_taken":0,"max_hp_gain":0,"max_hp_loss":4,"event_name":"Winding Halls","floor":45,"gold_loss":0},{"damage_healed":0,"gold_gain":0,"player_choice":"Memory 1","damage_taken":0,"max_hp_gain":0,"max_hp_loss":0,"event_name":"SensoryStone","floor":46,"gold_loss":0}],"is_beta":false,"boss_relics":[{"not_picked":["Busted Crown","Lizard Tail"],"picked":"Coffee Dripper"},{"not_picked":["Tiny House","Velvet Choker"],"picked":"Astrolabe"}],"items_purged_floors":[10,36],"is_endless":false,"potions_floor_spawned":[5,16,18,20,28,31,35,41,47,48],"killed_by":"Awakened One","ascension_level":0}