{"gold_per_floor":[113,130,146,156,229,229,260,260,341,341,354,387,398,418,418,495,495,505,505,523,540,298,298,318,318,386,420,420,420],"floor_reached":29,"playtime":1594,"items_purged":["Strike_B"],"score":438,"play_id":"b873fc02-364c-49ca-91b0-d6d07f08ae76","local_time":"20191030144136","is_ascension_mode":true,"campfire_choices":[{"data":"Zap","floor":6,"key":"SMITH"},{"floor":10,"key":"REST"},{"floor":15,"key":"REST"},{"data":"Defragment","floor":23,"key":"SMITH"},{"floor":25,"key":"REST"}],"neow_cost":"NONE","seed_source_timestamp":1748982665135200,"circlet_count":0,"master_deck":["AscendersBane","Strike_B","Strike_B+1","Defend_B","Defend_B","Defend_B","Defend_B","Zap+1","Dualcast","FTL","Rebound+1","Leap","Melter","Streamline","Coolheaded","Gash","Defragment+1","All For One","Hologram","Cold Snap","Gash+1","Barrage+1"],"relics":["Cracked Core","Unceasing Top","Regal Pillow","Mummified Hand","Whetstone","Sozu","Omamori","Bottled Flame","Red Mask"],"potions_floor_usage":[7,14,16],"damage_taken":[{"damage":1,"enemies":"Cultist","floor":1,"turns":3},{"damage":3,"enemies":"Small Slimes","floor":2,"turns":2},{"damage":2,"enemies":"Jaw Worm","floor":3,"turns":3},{"damage":33,"enemies":"Exordium Thugs","floor":4,"turns":6},{"damage":16,"enemies":"Lagavulin","floor":7,"turns":5},{"damage":6,"enemies":"Blue Slaver","floor":11,"turns":3},{"damage":25,"enemies":"Gremlin Nob","floor":12,"turns":4},{"damage":7,"enemies":"Large Slime","floor":13,"turns":4},{"damage":0,"enemies":"2 Fungi Beasts","floor":14,"turns":2},{"damage":16,"enemies":"Slime Boss","floor":16,"turns":7},{"damage":16,"enemies":"3 Byrds","floor":18,"turns":4},{"damage":6,"enemies":"Spheric Guardian","floor":20,"turns":3},{"damage":16,"enemies":"Centurion and Healer","floor":21,"turns":6},{"damage":21,"enemies":"3 Cultists","floor":24,"turns":5},{"damage":17,"enemies":"Masked Bandits","floor":27,"turns":4},{"damage":12,"enemies":"Colosseum Slavers","floor":28,"turns":4},{"damage":6,"enemies":"Snake Plant","floor":29,"turns":2}],"seed_played":"8163948552004397452","potions_obtained":[{"floor":3,"key":"Strength Potion"},{"floor":7,"key":"SkillPotion"},{"floor":12,"key":"Energy Potion"},{"floor":13,"key":"SkillPotion"},{"floor":14,"key":"GamblersBrew"}],"is_trial":false,"path_per_floor":["M","M","M","M","?","R","E","?","T","R","M","E","M","M","R","B",null,"M","?","M","M","$","R","M","R","T","?","?","M"],"character_chosen":"DEFECT","items_purchased":["Omamori"],"campfire_rested":3,"item_purchase_floors":[22],"current_hp_per_floor":[63,60,58,25,25,25,9,9,9,45,39,14,7,7,43,27,60,44,44,38,22,22,22,1,37,37,20,8,2],"gold":420,"neow_bonus":"REMOVE_CARD","is_prod":false,"is_daily":false,"chose_seed":false,"campfire_upgraded":2,"win_rate":0,"timestamp":1572460896,"path_taken":["M","M","?","M","?","R","E","?","T","R","?","E","M","M","R","BOSS","M","?","M","M","$","R","M","R","T","?","?","M"],"build_version":"2019-07-17","purchased_purges":1,"victory":false,"max_hp_per_floor":[71,71,71,71,71,71,71,71,71,71,71,71,71,71,71,71,71,71,71,71,71,71,71,71,71,71,71,71,71],"card_choices":[{"not_picked":["Coolheaded","Stack"],"picked":"FTL","floor":1},{"not_picked":["Go for the Eyes","Double Energy"],"picked":"Rebound","floor":2},{"not_picked":["Storm","Redo"],"picked":"Leap","floor":3},{"not_picked":["Storm","Capacitor"],"picked":"Melter","floor":4},{"not_picked":["Beam Cell","Stack"],"picked":"Streamline","floor":7},{"not_picked":["Leap","Static Discharge"],"picked":"Coolheaded","floor":11},{"not_picked":["Recycle","Redo"],"picked":"Gash","floor":12},{"not_picked":["Barrage","Rainbow"],"picked":"Defragment","floor":13},{"not_picked":["Sweeping Beam","Coolheaded","Redo"],"picked":"SKIP","floor":14},{"not_picked":["Fission","Electrodynamics"],"picked":"All For One","floor":16},{"not_picked":["Consume","Streamline"],"picked":"Hologram","floor":18},{"not_picked":["Go for the Eyes","Scrape"],"picked":"Cold Snap","floor":20},{"not_picked":["Steam","Beam Cell"],"picked":"Gash+1","floor":21},{"not_picked":["Rip and Tear","Leap"],"picked":"Barrage+1","floor":24}],"player_experience":708299,"relics_obtained":[{"floor":7,"key":"Unceasing Top"},{"floor":9,"key":"Mummified Hand"},{"floor":12,"key":"Whetstone"},{"floor":26,"key":"Bottled Flame"},{"floor":27,"key":"Red Mask"}],"event_choices":[{"damage_healed":0,"gold_gain":73,"player_choice":"Gained Gold","damage_taken":0,"max_hp_gain":0,"max_hp_loss":0,"event_name":"Golden Wing","floor":5,"gold_loss":0},{"damage_healed":0,"gold_gain":0,"player_choice":"Gave Potion","damage_taken":0,"relics_obtained":["Regal Pillow"],"max_hp_gain":0,"max_hp_loss":0,"event_name":"WeMeetAgain","floor":8,"gold_loss":0},{"damage_healed":0,"gold_gain":0,"player_choice":"Ignored","damage_taken":0,"max_hp_gain":0,"max_hp_loss":0,"event_name":"Ghosts","floor":19,"gold_loss":0},{"damage_healed":0,"gold_gain":0,"player_choice":"Fought Bandits","damage_taken":0,"max_hp_gain":0,"max_hp_loss":0,"event_name":"Masked Bandits","floor":27,"gold_loss":0},{"damage_healed":0,"gold_gain":0,"player_choice":"Fight","damage_taken":0,"max_hp_gain":0,"max_hp_loss":0,"event_name":"Colosseum","floor":28,"gold_loss":0},{"damage_healed":0,"gold_gain":0,"player_choice":"Fled From Nobs","damage_taken":0,"max_hp_gain":0,"max_hp_loss":0,"event_name":"Colosseum","floor":28,"gold_loss":0}],"is_beta":false,"boss_relics":[{"not_picked":["Snecko Eye","Philosopher\u0027s Stone"],"picked":"Sozu"}],"items_purged_floors":[22],"is_endless":false,"potions_floor_spawned":[3,7,12,13,14,18],"killed_by":"Snake Plant","ascension_level":17}