{"gold_per_floor":[119,133,133,152,166,196,196,196,248,248,260,277,294,311,311,411,411,427,11,28,41,41,76,76,89,115,144,144,171,171,182,182,285,285,300,317,317,317,328,359,15,0,47,47,63,63,63,76,76,76],"floor_reached":51,"playtime":4256,"items_purged":["Strike_G"],"score":841,"play_id":"0954cb70-2c93-47a7-8389-10325eba5dfb","local_time":"20191028000037","is_ascension_mode":false,"campfire_choices":[{"data":"Well Laid Plans","floor":8.0,"key":"SMITH"},{"data":"Adrenaline","floor":10.0,"key":"SMITH"},{"data":"Noxious Fumes","floor":15.0,"key":"SMITH"},{"data":"Burst","floor":28,"key":"SMITH"},{"data":"Catalyst","floor":30,"key":"SMITH"},{"data":"Neutralize","floor":32,"key":"SMITH"},{"floor":44,"key":"REST"},{"floor":46,"key":"REST"},{"floor":49,"key":"REST"}],"neow_cost":"NONE","seed_source_timestamp":0,"circlet_count":0,"master_deck":["Strike_G","Strike_G","Strike_G","Defend_G","Defend_G","Defend_G","Defend_G","Defend_G","Survivor","Neutralize+1","Deadly Poison","PiercingWail","Well Laid Plans+1","Dagger Spray","Adrenaline+1","Noxious Fumes+1","Dagger Throw","Predator","Acrobatics","Burst+1","PiercingWail+1","Corpse Explosion","Flying Knee","Backflip","Deadly Poison+1","Footwork+1","Caltrops","Crippling Poison","Catalyst+1","Caltrops+1","Malaise","Quick Slash+1","Madness","Madness","Caltrops+1","Calculated Gamble+1","Escape Plan+1"],"special_seed":0,"relics":["Ring of the Snake","Question Card","Bottled Tornado","Pen Nib","Akabeko","HoveringKite","OrangePellets","Sundial","Bag of Preparation","Ancient Tea Set","Frozen Egg 2","Black Star","PreservedInsect","Toxic Egg 2","Strawberry","Red Mask","Potion Belt"],"potions_floor_usage":[21,29,41,41,45,45,50,50,50,50],"damage_taken":[{"damage":1.0,"enemies":"Cultist","floor":1.0,"turns":4.0},{"damage":0.0,"enemies":"2 Louse","floor":2.0,"turns":3.0},{"damage":9.0,"enemies":"Small Slimes","floor":4.0,"turns":4.0},{"damage":4.0,"enemies":"Blue Slaver","floor":5.0,"turns":6.0},{"damage":4.0,"enemies":"Lagavulin","floor":6.0,"turns":7.0},{"damage":0.0,"enemies":"Exordium Wildlife","floor":11.0,"turns":2.0},{"damage":6.0,"enemies":"Large Slime","floor":12.0,"turns":4.0},{"damage":2.0,"enemies":"2 Fungi Beasts","floor":13.0,"turns":3.0},{"damage":5.0,"enemies":"Exordium Wildlife","floor":14.0,"turns":4.0},{"damage":23.0,"enemies":"The Guardian","floor":16.0,"turns":10.0},{"damage":0,"enemies":"Spheric Guardian","floor":18,"turns":3},{"damage":0,"enemies":"3 Byrds","floor":20,"turns":3},{"damage":7,"enemies":"Centurion and Healer","floor":21,"turns":4},{"damage":0,"enemies":"Gremlin Leader","floor":23,"turns":5},{"damage":0,"enemies":"Snake Plant","floor":25,"turns":3},{"damage":0,"enemies":"Slavers","floor":27,"turns":1},{"damage":0,"enemies":"Gremlin Leader","floor":29,"turns":6},{"damage":0,"enemies":"Sentry and Sphere","floor":31,"turns":4},{"damage":8,"enemies":"Champ","floor":33,"turns":8},{"damage":1,"enemies":"3 Shapes","floor":35,"turns":2},{"damage":10,"enemies":"3 Darklings","floor":36,"turns":4},{"damage":11,"enemies":"Spire Growth","floor":39,"turns":5},{"damage":43,"enemies":"Nemesis","floor":40,"turns":7},{"damage":12,"enemies":"Transient","floor":45,"turns":5},{"damage":0,"enemies":"Sphere and 2 Shapes","floor":48,"turns":5},{"damage":41,"enemies":"Time Eater","floor":50,"turns":7}],"seed_played":"8344478565142340297","potions_obtained":[{"floor":0.0,"key":"EntropicBrew"},{"floor":0.0,"key":"Dexterity Potion"},{"floor":0.0,"key":"CultistPotion"},{"floor":4.0,"key":"LiquidBronze"},{"floor":11.0,"key":"LiquidMemories"},{"floor":16.0,"key":"Energy Potion"},{"floor":23,"key":"DistilledChaos"},{"floor":29,"key":"DistilledChaos"},{"floor":35,"key":"DuplicationPotion"},{"floor":48,"key":"Explosive Potion"}],"is_trial":false,"path_per_floor":["M","M","T","M","M","E","?","R","T","R","M","M","M","M","R","B",null,"M","$","M","M","?","E","?","M","T","E","R","E","R","M","R","B",null,"M","M","?","?","M","E","$","?","T","R","M","R","?","M","R","B",null],"character_chosen":"THE_SILENT","items_purchased":["Corpse Explosion","OrangePellets","Flying Knee","Strawberry","Fruit Juice","Fruit Juice"],"campfire_rested":3,"item_purchase_floors":[19,19,19,41,41,41],"current_hp_per_floor":[69,69,69,60,56,52,40,40,40,40,40,34,32,27,27,4,70,70,70,70,63,50,50,50,50,50,50,50,50,50,50,50,42,75,74,64,64,55,44,1,18,18,18,45,33,60,60,60,87,46],"gold":76,"neow_bonus":"THREE_SMALL_POTIONS","is_prod":false,"is_daily":false,"chose_seed":false,"campfire_upgraded":6,"win_rate":0.0,"timestamp":1572246037,"path_taken":["M","?","?","M","M","E","?","R","T","R","M","M","M","M","R","BOSS","M","$","M","M","?","E","?","?","T","E","R","E","R","M","R","BOSS","M","M","?","?","M","E","$","?","T","R","M","R","?","M","R","BOSS"],"build_version":"2019-10-25-V3","purchased_purges":1,"victory":true,"max_hp_per_floor":[70,70,70,70,70,70,70,70,70,70,70,70,70,70,70,70,70,70,70,70,70,75,75,75,75,75,75,75,75,75,75,75,75,75,75,75,75,75,75,75,92,92,92,92,92,92,92,92,92,92],"card_choices":[{"not_picked":["Acrobatics","Flying Knee"],"picked":"Deadly Poison","floor":1.0},{"not_picked":["All Out Attack","Sucker Punch"],"picked":"PiercingWail","floor":2.0},{"not_picked":["Deflect","Slice","Endless Agony"],"picked":"Well Laid Plans","floor":4.0},{"not_picked":["Backflip","Bane","Quick Slash"],"picked":"Dagger Spray","floor":5.0},{"not_picked":["Deadly Poison","Poisoned Stab","All Out Attack"],"picked":"Adrenaline","floor":6.0},{"not_picked":["Blade Dance","Predator","Acrobatics"],"picked":"Noxious Fumes","floor":11.0},{"not_picked":["All Out Attack","Deflect","Blade Dance"],"picked":"Dagger Throw","floor":12.0},{"not_picked":["Underhanded Strike","Poisoned Stab","Deflect"],"picked":"Predator","floor":13.0},{"not_picked":["A Thousand Cuts","Slice","Backstab"],"picked":"Acrobatics","floor":14.0},{"not_picked":["Glass Knife","Doppelganger","Adrenaline"],"picked":"Burst","floor":16.0},{"not_picked":["Quick Slash","Dagger Throw","Dagger Spray+1"],"picked":"PiercingWail+1","floor":18},{"not_picked":["Dodge and Roll+1","Endless Agony","Flechettes"],"picked":"Backflip","floor":20},{"not_picked":["Prepared","Doppelganger","Deflect"],"picked":"Deadly Poison+1","floor":21},{"not_picked":["Choke","Flying Knee","Slice"],"picked":"Footwork+1","floor":23},{"not_picked":["Flying Knee","Escape Plan+1","Calculated Gamble"],"picked":"Crippling Poison","floor":25},{"not_picked":["Slice","All Out Attack","Masterful Stab"],"picked":"Catalyst","floor":27},{"not_picked":["Sucker Punch","Dodge and Roll","Doppelganger","Endless Agony"],"picked":"SKIP","floor":29},{"not_picked":["Dagger Throw","Sucker Punch","Masterful Stab"],"picked":"Caltrops+1","floor":31},{"not_picked":["Unload","Envenom+1","A Thousand Cuts+1"],"picked":"Malaise","floor":33},{"not_picked":["Heel Hook+1","Deadly Poison","Distraction+1"],"picked":"Quick Slash+1","floor":35},{"not_picked":["Sucker Punch","All Out Attack","Dodge and Roll+1"],"picked":"Skewer+1","floor":36},{"not_picked":["Slice+1","Deadly Poison","Bane+1"],"picked":"Caltrops+1","floor":39},{"not_picked":["Prepared+1","Sucker Punch","Reflex+1"],"picked":"Calculated Gamble","floor":40},{"not_picked":["Expertise+1","Dagger Spray","Slice+1","Choke"],"picked":"SKIP","floor":45},{"not_picked":["Prepared+1","Underhanded Strike","Dagger Spray+1"],"picked":"Escape Plan+1","floor":48}],"player_experience":57839,"relics_obtained":[{"floor":3.0,"key":"Question Card"},{"floor":6.0,"key":"Bottled Tornado"},{"floor":9.0,"key":"Akabeko"},{"floor":23,"key":"Sundial"},{"floor":26,"key":"Bag of Preparation"},{"floor":27,"key":"Ancient Tea Set"},{"floor":29,"key":"Frozen Egg 2"},{"floor":40,"key":"PreservedInsect"},{"floor":40,"key":"Toxic Egg 2"},{"floor":43,"key":"Potion Belt"}],"event_choices":[{"damage_healed":0.0,"max_hp_gain":0.0,"max_hp_loss":0.0,"gold_gain":0.0,"event_name":"Scrap Ooze","player_choice":"Success","floor":7.0,"gold_loss":0.0,"damage_taken":12.0,"relics_obtained":["Pen Nib"]},{"damage_healed":0,"gold_gain":0,"player_choice":"Shed Blood","damage_taken":18,"max_hp_gain":5,"max_hp_loss":0,"event_name":"Forgotten Altar","floor":22,"gold_loss":0},{"damage_healed":0,"gold_gain":0,"cards_transformed":["Strike_G"],"player_choice":"Transformed","damage_taken":0,"max_hp_gain":0,"max_hp_loss":0,"event_name":"Transmorgrifier","floor":24,"gold_loss":0,"cards_obtained":["Caltrops"]},{"cards_removed":["Skewer"],"damage_healed":0,"gold_gain":0,"player_choice":"Removed Attack","damage_taken":0,"max_hp_gain":0,"max_hp_loss":0,"event_name":"Falling","floor":37,"gold_loss":0},{"damage_healed":0,"gold_gain":0,"player_choice":"Embrace Madness","damage_taken":9,"max_hp_gain":0,"max_hp_loss":0,"event_name":"Winding Halls","floor":38,"gold_loss":0,"cards_obtained":["Madness","Madness"]},{"damage_healed":0,"gold_gain":0,"player_choice":"Paid","damage_taken":0,"relics_obtained":["Red Mask"],"max_hp_gain":0,"max_hp_loss":0,"event_name":"Tomb of Lord Red Mask","floor":42,"gold_loss":15},{"damage_healed":0,"gold_gain":0,"player_choice":"Ignored","damage_taken":0,"max_hp_gain":0,"max_hp_loss":0,"event_name":"Mysterious Sphere","floor":47,"gold_loss":0}],"is_beta":true,"boss_relics":[{"not_picked":["Sozu","Tiny House"],"picked":"HoveringKite"},{"not_picked":["Runic Pyramid","Velvet Choker"],"picked":"Black Star"}],"items_purged_floors":[19],"is_endless":false,"potions_floor_spawned":[2,4,11,12,16,18,23,25,29,33,35,40,48],"ascension_level":0}