{"gold_per_floor":[116,191,211,223,242,242,273,284,311,311,311,385,385,417,417,489,489,507,507,267,98,111,139,139,139],"floor_reached":25,"playtime":1807,"items_purged":["Strike_B"],"score":401,"play_id":"00ee92df-7994-475f-8910-41356291ac94","local_time":"20191025220634","is_ascension_mode":true,"campfire_choices":[{"data":"Reinforced Body","floor":6,"key":"SMITH"},{"data":"Auto Shields","floor":11,"key":"SMITH"},{"floor":13,"key":"REST"},{"data":"Undo","floor":15,"key":"SMITH"},{"data":"Self Repair","floor":24,"key":"SMITH"}],"neow_cost":"NONE","seed_source_timestamp":1343377010330700,"circlet_count":0,"master_deck":["AscendersBane","Strike_B","Strike_B","Strike_B","Defend_B","Defend_B","Defend_B","Defend_B","Zap+1","Dualcast","Reinforced Body+1","Doom and Gloom","Cold Snap","Coolheaded","Auto Shields+1","Undo+1","Compile Driver","Conserve Battery","Self Repair+1","Undo"],"relics":["Cracked Core","Ice Cream","Vajra","Dream Catcher","Inserter","Membership Card","Gremlin Horn","Art of War"],"potions_floor_usage":[8,14,23],"damage_taken":[{"damage":1,"enemies":"2 Louse","floor":1,"turns":3},{"damage":8,"enemies":"Small Slimes","floor":3,"turns":4},{"damage":0,"enemies":"Cultist","floor":4,"turns":4},{"damage":7,"enemies":"Red Slaver","floor":5,"turns":3},{"damage":21,"enemies":"Lagavulin","floor":7,"turns":6},{"damage":7,"enemies":"Exordium Wildlife","floor":8,"turns":4},{"damage":12,"enemies":"3 Sentries","floor":14,"turns":4},{"damage":2,"enemies":"The Guardian","floor":16,"turns":14},{"damage":0,"enemies":"Shell Parasite","floor":18,"turns":9},{"damage":5,"enemies":"Spheric Guardian","floor":22,"turns":6},{"damage":31,"enemies":"Gremlin Leader","floor":23,"turns":7},{"damage":39,"enemies":"Slavers","floor":25,"turns":5}],"seed_played":"-8626013887677953461","potions_obtained":[{"floor":1,"key":"LiquidBronze"},{"floor":5,"key":"SteroidPotion"},{"floor":7,"key":"Fire Potion"},{"floor":18,"key":"PowerPotion"},{"floor":23,"key":"Swift Potion"}],"is_trial":false,"path_per_floor":["M","?","M","M","M","R","E","M","T","?","R","?","R","E","R","B",null,"M","?","$","$","M","E","R","E"],"character_chosen":"DEFECT","items_purchased":["Membership Card","Self Repair","Gremlin Horn"],"campfire_rested":1,"item_purchase_floors":[20,20,21],"current_hp_per_floor":[63,52,44,44,37,37,16,9,9,26,26,26,47,35,35,33,62,62,62,62,62,64,40,40,1],"gold":139,"neow_bonus":"UPGRADE_CARD","is_prod":false,"is_daily":false,"chose_seed":false,"campfire_upgraded":4,"win_rate":0,"timestamp":1572055594,"path_taken":["M","?","M","M","M","R","E","M","T","?","R","?","R","E","R","BOSS","M","?","?","$","?","E","R","E"],"build_version":"2019-07-17","purchased_purges":1,"victory":false,"max_hp_per_floor":[71,71,71,71,71,71,71,71,71,71,71,71,71,71,71,71,71,71,68,68,68,68,68,68,68],"card_choices":[{"not_picked":["Leap","Scrape"],"picked":"Reinforced Body","floor":1},{"not_picked":["Tempest","Capacitor"],"picked":"Doom and Gloom","floor":3},{"not_picked":["Redo","Coolheaded"],"picked":"Cold Snap","floor":4},{"not_picked":["Reprogram","Leap"],"picked":"Coolheaded","floor":5},{"not_picked":["Steam","Beam Cell"],"picked":"Auto Shields","floor":7},{"not_picked":["Capacitor","Sweeping Beam"],"picked":"Undo","floor":8},{"not_picked":["Rebound","Leap"],"picked":"Compile Driver","floor":14},{"not_picked":["Redo+1","Rebound"],"picked":"Conserve Battery","floor":18},{"not_picked":["Storm","Rebound"],"picked":"Undo","floor":22},{"not_picked":["Hologram","Auto Shields","Steam Power"],"picked":"SKIP","floor":23}],"player_experience":597503,"relics_obtained":[{"floor":7,"key":"Ice Cream"},{"floor":9,"key":"Vajra"},{"floor":14,"key":"Dream Catcher"},{"floor":23,"key":"Art of War"}],"event_choices":[{"damage_healed":0,"gold_gain":75,"player_choice":"Gather Gold","damage_taken":11,"max_hp_gain":0,"max_hp_loss":0,"event_name":"World of Goop","floor":2,"gold_loss":0},{"damage_healed":17,"gold_gain":0,"player_choice":"Healed and dodged fight","damage_taken":0,"max_hp_gain":0,"max_hp_loss":0,"event_name":"Mushrooms","floor":10,"gold_loss":0,"cards_obtained":["Parasite"]},{"damage_healed":0,"gold_gain":74,"player_choice":"Gained Gold","damage_taken":0,"max_hp_gain":0,"max_hp_loss":0,"event_name":"Golden Wing","floor":12,"gold_loss":0},{"cards_removed":["Parasite"],"damage_healed":0,"gold_gain":0,"player_choice":"Removed Curses","damage_taken":0,"max_hp_gain":0,"max_hp_loss":0,"event_name":"Fountain of Cleansing","floor":19,"gold_loss":0}],"is_beta":false,"boss_relics":[{"not_picked":["Cursed Key","Busted Crown"],"picked":"Inserter"}],"items_purged_floors":[21],"is_endless":false,"potions_floor_spawned":[1,5,7,18,23],"killed_by":"Slavers","ascension_level":15}