{"gold_per_floor":[112,37,112,127,127,127,159,159,159,179,179,198,10,36,36,114,114,128,128,140,140,151,151,177,177,230,256,206,226,246,20,20,20],"floor_reached":33,"playtime":1767,"items_purged":["Strike_B"],"score":600,"play_id":"d90d9ea0-18b3-48d2-842c-08dda7f4f8d1","local_time":"20191025210018","is_ascension_mode":true,"campfire_choices":[{"data":"Barrage","floor":6,"key":"SMITH"},{"data":"Sunder","floor":8,"key":"SMITH"},{"data":"Steam","floor":11,"key":"SMITH"},{"data":"Beam Cell","floor":15,"key":"SMITH"},{"floor":23,"key":"REST"},{"floor":25,"key":"REST"},{"floor":32,"key":"REST"}],"neow_cost":"NONE","seed_source_timestamp":1339461664930900,"circlet_count":0,"master_deck":["AscendersBane","Strike_B","Strike_B","Defend_B+1","Defend_B","Defend_B","Defend_B","Zap+1","Dualcast+1","Steam+1","Barrage+1","Sunder+1","Sweeping Beam","Cold Snap","Core Surge","Coolheaded","Beam Cell+1","Thunder Strike","Self Repair","Barrage","Steam","Hologram+1","BootSequence","Glacier","FTL","Ball Lightning","Ball Lightning"],"relics":["Cracked Core","War Paint","Kunai","Happy Flower","Orrery","Du-Vu Doll","Darkstone Periapt","Question Card","Blood Vial","Cables","DataDisk"],"potions_floor_usage":[4,7,14,24,33],"damage_taken":[{"damage":0,"enemies":"Cultist","floor":1,"turns":3},{"damage":0,"enemies":"Small Slimes","floor":4,"turns":3},{"damage":15,"enemies":"3 Sentries","floor":7,"turns":6},{"damage":0,"enemies":"2 Louse","floor":10,"turns":1},{"damage":0,"enemies":"Red Slaver","floor":12,"turns":2},{"damage":18,"enemies":"Gremlin Nob","floor":14,"turns":3},{"damage":0,"enemies":"The Guardian","floor":16,"turns":12},{"damage":0,"enemies":"Chosen","floor":18,"turns":3},{"damage":11,"enemies":"Spheric Guardian","floor":20,"turns":4},{"damage":31,"enemies":"Cultist and Chosen","floor":22,"turns":6},{"damage":48,"enemies":"Gremlin Leader","floor":24,"turns":10},{"damage":11,"enemies":"Slavers","floor":27,"turns":5},{"damage":0,"enemies":"Chosen and Byrds","floor":29,"turns":6},{"damage":15,"enemies":"Sentry and Sphere","floor":30,"turns":8},{"damage":70,"enemies":"Collector","floor":33,"turns":10}],"seed_played":"-2667305856233566654","potions_obtained":[{"floor":4,"key":"Fruit Juice"},{"floor":5,"key":"Ancient Potion"},{"floor":5,"key":"AttackPotion"},{"floor":10,"key":"Poison Potion"},{"floor":14,"key":"SpeedPotion"},{"floor":29,"key":"Swift Potion"}],"is_trial":false,"path_per_floor":["M","?","?","M","?","R","E","R","T","M","R","M","$","E","R","B",null,"M","T","M","T","M","R","E","R","T","E","?","M","M","$","R","B"],"character_chosen":"DEFECT","items_purchased":["Core Surge","Coolheaded","DataDisk"],"campfire_rested":3,"item_purchase_floors":[13,13,31],"current_hp_per_floor":[64,64,53,58,58,58,43,43,43,43,43,43,43,25,25,25,63,63,63,52,52,28,50,9,31,31,29,29,31,25,25,47,0],"gold":20,"neow_bonus":"UPGRADE_CARD","is_prod":false,"is_daily":false,"chose_seed":false,"campfire_upgraded":4,"win_rate":0,"timestamp":1572051618,"path_taken":["M","?","?","M","?","R","E","R","T","M","R","M","$","E","R","BOSS","M","?","M","?","?","R","E","R","T","E","?","?","M","$","R","BOSS"],"build_version":"2019-07-17","purchased_purges":1,"victory":false,"max_hp_per_floor":[71,71,71,76,76,76,76,76,76,76,76,76,76,76,76,76,76,76,76,76,76,76,76,76,76,76,76,76,76,76,76,76,76],"card_choices":[{"not_picked":["Stack","Go for the Eyes"],"picked":"Steam","floor":1},{"not_picked":["Turbo","Cold Snap"],"picked":"Barrage","floor":4},{"not_picked":["Rebound","BootSequence"],"picked":"Sunder","floor":7},{"not_picked":["Multi-Cast","Redo"],"picked":"Sweeping Beam","floor":10},{"not_picked":["Go for the Eyes","Beam Cell"],"picked":"Cold Snap","floor":12},{"not_picked":["Double Energy","Tempest"],"picked":"Beam Cell","floor":14},{"not_picked":["Meteor Strike","Multi-Cast"],"picked":"Thunder Strike","floor":16},{"not_picked":["Coolheaded","Hologram"],"picked":"Self Repair","floor":17},{"not_picked":["Streamline","Steam"],"picked":"Barrage","floor":17},{"not_picked":["Redo","Leap"],"picked":"Steam","floor":17},{"not_picked":["Coolheaded","Gash"],"picked":"Hologram+1","floor":18},{"not_picked":["Gash","Blizzard"],"picked":"BootSequence","floor":20},{"not_picked":["Recycle","Redo+1"],"picked":"Glacier","floor":22},{"not_picked":["Stack","Genetic Algorithm"],"picked":"FTL","floor":24},{"not_picked":["Double Energy","Static Discharge","Steam Power"],"picked":"Ball Lightning","floor":27},{"not_picked":["Skim","Aggregate","Redo+1","Multi-Cast"],"picked":"SKIP","floor":29},{"not_picked":["Fusion","Streamline","Darkness"],"picked":"Ball Lightning","floor":30}],"player_experience":595736,"relics_obtained":[{"floor":7,"key":"War Paint"},{"floor":9,"key":"Kunai"},{"floor":14,"key":"Happy Flower"},{"floor":19,"key":"Du-Vu Doll"},{"floor":21,"key":"Darkstone Periapt"},{"floor":24,"key":"Question Card"},{"floor":26,"key":"Blood Vial"},{"floor":27,"key":"Cables"}],"event_choices":[{"cards_removed":["Strike_B"],"damage_healed":0,"gold_gain":0,"player_choice":"Card Removal","damage_taken":0,"max_hp_gain":0,"max_hp_loss":0,"event_name":"The Cleric","floor":2,"gold_loss":75},{"damage_healed":0,"gold_gain":75,"player_choice":"Gather Gold","damage_taken":11,"max_hp_gain":0,"max_hp_loss":0,"event_name":"World of Goop","floor":3,"gold_loss":0},{"damage_healed":0,"gold_gain":0,"player_choice":"Got Potions","damage_taken":0,"max_hp_gain":0,"max_hp_loss":0,"event_name":"Lab","floor":5,"gold_loss":0},{"damage_healed":0,"gold_gain":0,"player_choice":"Bet on Owner","damage_taken":0,"max_hp_gain":0,"max_hp_loss":0,"event_name":"The Joust","floor":28,"gold_loss":50}],"is_beta":false,"boss_relics":[{"not_picked":["Runic Dome","Coffee Dripper"],"picked":"Orrery"}],"items_purged_floors":[31],"is_endless":false,"potions_floor_spawned":[4,10,14,20,29],"killed_by":"Collector","ascension_level":15}