{"gold_per_floor":[369,388,388,388,1,1,29,48,98,112,112,139,153,169,169,264,264,275,275,294,234,234,263,263,296,323,337,356,381,401,418,418,518,518,530,143,162,57,73,73,86,86],"floor_reached":42,"playtime":4534,"items_purged":[],"score":512,"play_id":"0834a3af-ba56-430e-9a94-269f3e86601d","local_time":"20190827004741","is_ascension_mode":false,"campfire_choices":[{"data":"ReplayTheSpireMod:Muscle Training","floor":6.0,"key":"SMITH"},{"data":"Barricade","floor":11.0,"key":"SMITH"},{"data":"Entrench","floor":15.0,"key":"SMITH"},{"data":"Infernal Blade","floor":32.0,"key":"SMITH"},{"data":"Madness","floor":40,"key":"SMITH"}],"neow_cost":"BASIC_CARDS","seed_source_timestamp":0,"circlet_count":5,"master_deck":["Strike_R+1","Strike_R+1","Strike_R+1","Defend_R+1","Defend_R+1","Defend_R+1","Defend_R+1","Madness+1","Twin Strike","Madness+1","Survivor","Neutralize","Infernal Blade+1","Barricade+1","Madness","Spot Weakness","Entrench+1","Madness","Limit Break+1","Reaper+1","Reaper+1","Hemokinesis+1","Clothesline+1","Pommel Strike","Armaments+1","Shockwave","Ghostly Armor","Madness","Headbutt+1","Madness+1","Double Tap","Shrug It Off+1","Anger+1","Power Through","Entrench","Rage+1","Thunderclap+1"],"special_seed":0,"relics":["Burning Blood","Circlet","Anchor","Astrolabe","Frozen Egg 2","Pen Nib","Centennial Puzzle"],"potions_floor_usage":[33,35,41,41],"damage_taken":[{"damage":2.0,"enemies":"Jaw Worm","floor":1.0,"turns":4.0},{"damage":7.0,"enemies":"2 Louse","floor":2.0,"turns":3.0},{"damage":32.0,"enemies":"3 Sentries","floor":7.0,"turns":8.0},{"damage":6.0,"enemies":"Cultist","floor":8.0,"turns":4.0},{"damage":9.0,"enemies":"2 Fungi Beasts","floor":10.0,"turns":4.0},{"damage":7.0,"enemies":"3 Louse","floor":13.0,"turns":3.0},{"damage":0.0,"enemies":"Looter","floor":14.0,"turns":3.0},{"damage":30.0,"enemies":"The Guardian","floor":16.0,"turns":12.0},{"damage":3.0,"enemies":"Chosen","floor":18.0,"turns":7.0},{"damage":25.0,"enemies":"Spheric Guardian","floor":20.0,"turns":4.0},{"damage":15.0,"enemies":"Slavers","floor":23.0,"turns":3.0},{"damage":43.0,"enemies":"Gremlin Leader","floor":25.0,"turns":9.0},{"damage":6.0,"enemies":"Snake Plant","floor":27.0,"turns":5.0},{"damage":20.0,"enemies":"Snecko","floor":28.0,"turns":6.0},{"damage":29.0,"enemies":"Slavers","floor":29.0,"turns":5.0},{"damage":40.0,"enemies":"3 Cultists","floor":30.0,"turns":7.0},{"damage":3.0,"enemies":"Centurion and Healer","floor":31.0,"turns":8.0},{"damage":87,"enemies":"Collector","floor":33,"turns":15},{"damage":15,"enemies":"3 Darklings","floor":35,"turns":6},{"damage":32,"enemies":"3 Shapes","floor":37,"turns":13},{"damage":18,"enemies":"3 Darklings","floor":39,"turns":3},{"damage":48,"enemies":"Spire Growth","floor":41,"turns":8},{"damage":45,"enemies":"Reptomancer","floor":42,"turns":3}],"seed_played":"3389578653255815097","potions_obtained":[{"floor":7.0,"key":"Adrenaline Potion"},{"floor":8.0,"key":"PowerPotion"},{"floor":13.0,"key":"SneckoOil"},{"floor":14.0,"key":"Death Potion"},{"floor":20.0,"key":"AttackPotion"},{"floor":27.0,"key":"SteroidPotion"},{"floor":28.0,"key":"Fire Potion"},{"floor":31.0,"key":"Explosive Potion"},{"floor":33,"key":"Poison Potion"},{"floor":37,"key":"Regen Potion"},{"floor":41,"key":"FearPotion"}],"is_trial":false,"path_per_floor":["M","M","?","?","$","R","E","M","T","M","R","T","M","M","R","B",null,"M","?","M","?","?","E","?","E","T","M","M","E","M","M","R","B",null,"M","$","M","$","M","R","M","E"],"character_chosen":"IRONCLAD","items_purchased":["hubris:TenFootPole","Anchor","Infernal Blade","Circlet","Power Through","Entrench"],"campfire_rested":0,"item_purchase_floors":[5,5,5,36,38,38],"current_hp_per_floor":[80,79,79,79,79,79,53,53,53,50,50,50,49,55,55,31,80,80,80,61,61,61,72,72,74,74,79,72,65,51,61,61,10,80,80,80,74,74,62,62,41,0],"gold":86,"neow_bonus":"TWO_FIFTY_GOLD","is_prod":false,"is_daily":false,"chose_seed":false,"campfire_upgraded":5,"win_rate":0,"timestamp":1566892061,"path_taken":["M","M","?","?","$","R","E","M","T","M","R","?","M","?","R","BOSS","M","?","M","?","?","E","?","E","T","M","M","E","M","M","R","BOSS","M","$","M","$","?","R","M","E"],"build_version":"2019-07-17","purchased_purges":0,"victory":false,"max_hp_per_floor":[80,80,80,80,80,80,80,80,80,80,80,80,80,80,80,80,80,80,80,80,80,80,80,80,80,80,80,80,80,80,80,80,80,80,80,80,80,80,80,80,80,80],"card_choices":[{"not_picked":["ReplayTheSpireMod:Strike From Hell","Metallicize"],"picked":"Twin Strike","floor":1.0},{"not_picked":["Massacre","Havoc"],"picked":"ReplayTheSpireMod:Muscle Training","floor":2.0},{"not_picked":["Uppercut","Dropkick"],"picked":"Barricade","floor":7.0},{"not_picked":["Disarm","Heavy Blade"],"picked":"hubris:ReadiedAction","floor":8.0},{"not_picked":["Seeing Red","Sword Boomerang"],"picked":"Spot Weakness","floor":10.0},{"not_picked":["Pommel Strike","Barricade"],"picked":"Entrench","floor":13.0},{"not_picked":["Heavy Blade","Clothesline"],"picked":"ReplayTheSpireMod:Stacked","floor":14.0},{"not_picked":["Hemogenesis","Brutality"],"picked":"Limit Break","floor":16.0},{"not_picked":["ReplayTheSpireMod:Strike From Hell","Infernal Blade+1"],"picked":"Clothesline+1","floor":18.0},{"not_picked":["Blood for Blood+1","Searing Blow","Clash"],"picked":"SKIP","floor":20.0},{"not_picked":["True Grit+1","Fiend Fire"],"picked":"Pommel Strike","floor":23.0},{"not_picked":["hubris:ReadiedAction","Sword Boomerang"],"picked":"Armaments+1","floor":25.0},{"not_picked":["Rampage","Warcry"],"picked":"Shockwave","floor":27.0},{"not_picked":["Clash+1","Intimidate"],"picked":"Ghostly Armor","floor":28.0},{"not_picked":["Second Wind","Cleave"],"picked":"Replay:Many Hands","floor":29.0},{"not_picked":["Carnage","hubris:SharpeningStone"],"picked":"Headbutt+1","floor":30.0},{"not_picked":["Havoc","Twin Strike"],"picked":"hubris:SharpeningStone+1","floor":31.0},{"not_picked":["Exhume","Fiend Fire"],"picked":"Double Tap","floor":33},{"not_picked":["Infernal Blade","Metallicize+1"],"picked":"Shrug It Off+1","floor":35},{"not_picked":["Havoc+1","Rampage"],"picked":"Anger+1","floor":37},{"not_picked":["Flex+1","Flame Barrier"],"picked":"Rage+1","floor":39},{"not_picked":["True Grit","Battle Trance"],"picked":"Thunderclap+1","floor":41}],"player_experience":242235,"relics_obtained":[{"floor":7.0,"key":"hubris:ToyBattleship"},{"floor":9.0,"key":"ReplayTheSpireMod:Lightbulb"},{"floor":12.0,"key":"Replay:Baseball"},{"floor":23.0,"key":"Frozen Egg 2"},{"floor":25.0,"key":"Pen Nib"},{"floor":26.0,"key":"Simple Rune"},{"floor":29.0,"key":"Centennial Puzzle"}],"event_choices":[{"damage_healed":0.0,"max_hp_gain":0.0,"max_hp_loss":0.0,"gold_gain":0.0,"event_name":"Golden Wing","player_choice":"Ignored","floor":3.0,"gold_loss":0.0,"damage_taken":0.0},{"damage_healed":0.0,"max_hp_gain":0.0,"max_hp_loss":0.0,"gold_gain":0.0,"event_name":"Vampires","player_choice":"Ignored","floor":19.0,"gold_loss":0.0,"damage_taken":0.0},{"damage_healed":0.0,"max_hp_gain":0.0,"max_hp_loss":0.0,"gold_gain":0.0,"event_name":"Back to Basics","player_choice":"Simplicity","floor":22.0,"gold_loss":0.0,"damage_taken":0.0,"cards_upgraded":["Strike_R","Strike_R","Strike_R","Defend_R","Defend_R","Defend_R","Defend_R"]}],"is_beta":false,"boss_relics":[{"not_picked":["Ooze Armor","hubris:ScarierMask"],"picked":"Astrolabe"},{"not_picked":["Black Blood","Sozu"],"picked":"Circlet"}],"items_purged_floors":[],"is_endless":false,"potions_floor_spawned":[7,8,13,14,20,27,28,31,33,37,41],"killed_by":"Reptomancer","ascension_level":0}