{"gold_per_floor":[110,110,110,126,145,145,179,195,195,195,220,232,232,246,246,325,325,344,344,269,269,284,284,231,263,263,263,294,111,111,111,111,111],"floor_reached":33,"playtime":1481,"items_purged":["Strike_B","Regret"],"score":585,"play_id":"519fa606-1300-4e30-981c-402f9e0fc7fa","local_time":"20191029175628","is_ascension_mode":true,"campfire_choices":[{"floor":6,"key":"REST"},{"data":"Fusion","floor":13,"key":"SMITH"},{"data":"Barrage","floor":15,"key":"SMITH"},{"floor":23,"key":"REST"},{"data":"Hologram","floor":27,"key":"SMITH"},{"data":"Go for the Eyes","floor":30,"key":"SMITH"},{"floor":32,"key":"REST"}],"neow_cost":"NONE","seed_source_timestamp":1674364806395900,"circlet_count":0,"master_deck":["AscendersBane","Strike_B","Strike_B","Strike_B","Defend_B","Defend_B","Defend_B","Defend_B","Zap+1","Dualcast","Ball Lightning","Leap","Rebound","Fusion+1","Ball Lightning","Gash","Barrage+1","FTL","Echo Form","FTL","Leap+1","Hologram+1","Reinforced Body+1","Go for the Eyes+1","Self Repair"],"relics":["Cracked Core","NeowsBlessing","DataDisk","Kunai","Bag of Preparation","Anchor","Cursed Key","Mercury Hourglass","Bird Faced Urn"],"potions_floor_usage":[7,11,16,25],"damage_taken":[{"damage":0,"enemies":"Small Slimes","floor":1,"turns":1},{"damage":0,"enemies":"Cultist","floor":4,"turns":1},{"damage":0,"enemies":"2 Louse","floor":5,"turns":1},{"damage":11,"enemies":"Gremlin Nob","floor":7,"turns":3},{"damage":2,"enemies":"2 Fungi Beasts","floor":8,"turns":3},{"damage":23,"enemies":"3 Sentries","floor":11,"turns":4},{"damage":1,"enemies":"Looter","floor":12,"turns":2},{"damage":8,"enemies":"Exordium Thugs","floor":14,"turns":4},{"damage":23,"enemies":"The Guardian","floor":16,"turns":9},{"damage":2,"enemies":"3 Byrds","floor":18,"turns":4},{"damage":5,"enemies":"Spheric Guardian","floor":22,"turns":4},{"damage":37,"enemies":"Slavers","floor":25,"turns":5},{"damage":3,"enemies":"Gremlin Leader","floor":28,"turns":6},{"damage":42,"enemies":"Collector","floor":33,"turns":3}],"seed_played":"8932115461252962205","potions_obtained":[{"floor":4,"key":"FearPotion"},{"floor":7,"key":"AttackPotion"},{"floor":14,"key":"Poison Potion"},{"floor":22,"key":"Poison Potion"}],"is_trial":false,"path_per_floor":["M","?","?","M","M","R","E","M","T","?","E","M","R","M","R","B",null,"M","?","$","?","M","R","$","E","T","R","E","$","R","?","R","B"],"character_chosen":"DEFECT","items_purchased":["Hologram","Self Repair"],"campfire_rested":3,"item_purchase_floors":[24,29],"current_hp_per_floor":[64,46,46,46,46,67,56,54,54,59,36,35,35,27,27,4,58,56,56,56,56,51,73,73,36,36,36,33,33,33,11,35,0],"gold":111,"neow_bonus":"THREE_ENEMY_KILL","is_prod":false,"is_daily":false,"chose_seed":false,"campfire_upgraded":4,"win_rate":0,"timestamp":1572386188,"path_taken":["M","?","?","M","?","R","E","M","T","?","E","M","R","M","R","BOSS","M","?","?","?","?","R","$","E","T","R","E","$","R","?","R","BOSS"],"build_version":"2019-07-17","purchased_purges":2,"victory":false,"max_hp_per_floor":[71,71,71,71,71,71,71,71,71,76,76,76,76,76,76,76,76,76,76,76,76,76,76,76,76,76,76,76,76,76,81,81,81],"card_choices":[{"not_picked":["Turbo","Storm"],"picked":"Ball Lightning","floor":1},{"not_picked":["Rebound","Gash"],"picked":"Leap","floor":4},{"not_picked":["Stack","Steam"],"picked":"Rebound","floor":5},{"not_picked":["Reprogram","Thunder Strike"],"picked":"Fusion","floor":7},{"not_picked":["Sweeping Beam","Stack"],"picked":"Ball Lightning","floor":8},{"not_picked":["Stack","Reinforced Body"],"picked":"Gash","floor":11},{"not_picked":["Steam","Rebound"],"picked":"Barrage","floor":12},{"not_picked":["Rebound","Auto Shields"],"picked":"FTL","floor":14},{"not_picked":["Hyperbeam","Buffer"],"picked":"Echo Form","floor":16},{"not_picked":["Turbo","Compile Driver"],"picked":"FTL","floor":18},{"not_picked":["Stack","Barrage"],"picked":"Leap+1","floor":22},{"not_picked":["Scrape+1","Cold Snap"],"picked":"Reinforced Body+1","floor":25},{"not_picked":["Hologram","Force Field"],"picked":"Go for the Eyes","floor":28}],"player_experience":684427,"relics_obtained":[{"floor":7,"key":"Kunai"},{"floor":9,"key":"Bag of Preparation"},{"floor":11,"key":"Anchor"},{"floor":25,"key":"Mercury Hourglass"},{"floor":28,"key":"Bird Faced Urn"}],"event_choices":[{"damage_healed":0,"gold_gain":0,"player_choice":"Success","damage_taken":18,"relics_obtained":["DataDisk"],"max_hp_gain":0,"max_hp_loss":0,"event_name":"Scrap Ooze","floor":2,"gold_loss":0},{"damage_healed":0,"gold_gain":0,"player_choice":"Upgraded","damage_taken":0,"max_hp_gain":0,"max_hp_loss":0,"event_name":"Upgrade Shrine","floor":3,"gold_loss":0,"cards_upgraded":["Zap"]},{"damage_healed":0,"gold_gain":0,"player_choice":"Donut","damage_taken":0,"max_hp_gain":5,"max_hp_loss":0,"event_name":"Big Fish","floor":10,"gold_loss":0},{"damage_healed":0,"gold_gain":0,"player_choice":"0 cards matched","damage_taken":0,"max_hp_gain":0,"max_hp_loss":0,"event_name":"Match and Keep!","floor":19,"gold_loss":0,"cards_obtained":[]},{"damage_healed":0,"gold_gain":0,"player_choice":"Ignored","damage_taken":0,"max_hp_gain":0,"max_hp_loss":0,"event_name":"N\u0027loth","floor":21,"gold_loss":0},{"damage_healed":0,"gold_gain":0,"player_choice":"Shed Blood","damage_taken":27,"max_hp_gain":5,"max_hp_loss":0,"event_name":"Forgotten Altar","floor":31,"gold_loss":0}],"is_beta":false,"boss_relics":[{"not_picked":["White Beast Statue","Orrery"],"picked":"Cursed Key"}],"items_purged_floors":[20,29],"is_endless":false,"potions_floor_spawned":[4,7,14,22],"killed_by":"Collector","ascension_level":17}