{"gold_per_floor":[109,109,120,132,148,148,148,148,148,192,192,223,239,262,262,358,358,374,33,56,74,74,74,115,115,115,149,49,84,84,84,84,174,174,199,249,49,49,49,49,87,87,110,143,163,163],"floor_reached":46,"playtime":2450,"items_purged":["Defend_B","Defend_B","Strike_B"],"score":949,"play_id":"48713ee9-212b-47fe-b608-922b0d87d889","local_time":"20191026024319","is_ascension_mode":true,"campfire_choices":[{"data":"Barrage","floor":6,"key":"SMITH"},{"data":"Machine Learning","floor":8,"key":"SMITH"},{"floor":15,"key":"REST"},{"floor":23,"key":"REST"},{"floor":25,"key":"REST"},{"floor":32,"key":"REST"},{"data":"Loop","floor":40,"key":"SMITH"},{"data":"Coolheaded","floor":42,"key":"SMITH"}],"neow_cost":"NONE","seed_source_timestamp":1359360105141500,"circlet_count":0,"master_deck":["AscendersBane","Strike_B","Strike_B","Strike_B","Zap","Dualcast","Machine Learning+1","Gash","Coolheaded+1","Go for the Eyes","Barrage+1","Barrage+1","Ball Lightning","Ball Lightning","Hologram","Biased Cognition","Defragment","Coolheaded","Biased Cognition","FTL+1","Thunder Strike+1","Reinforced Body","Loop+1"],"relics":["Cracked Core","Golden Idol","Mango","Ginger","Orichalcum","Busted Crown","Medical Kit","Mummified Hand","Molten Egg 2","Juzu Bracelet","Dead Branch","Eternal Feather","Letter Opener","Gremlin Horn"],"potions_floor_usage":[10,12,24,24,29,46],"damage_taken":[{"damage":10,"enemies":"Small Slimes","floor":1,"turns":3},{"damage":1,"enemies":"Cultist","floor":3,"turns":3},{"damage":0,"enemies":"2 Louse","floor":4,"turns":2},{"damage":0,"enemies":"Large Slime","floor":5,"turns":5},{"damage":13,"enemies":"Lagavulin","floor":10,"turns":6},{"damage":30,"enemies":"Gremlin Nob","floor":12,"turns":5},{"damage":17,"enemies":"Gremlin Gang","floor":13,"turns":4},{"damage":2,"enemies":"Lots of Slimes","floor":14,"turns":3},{"damage":15,"enemies":"Hexaghost","floor":16,"turns":9},{"damage":0,"enemies":"Chosen","floor":18,"turns":3},{"damage":12,"enemies":"Shell Parasite","floor":20,"turns":4},{"damage":20,"enemies":"Centurion and Healer","floor":21,"turns":4},{"damage":17,"enemies":"Slavers","floor":24,"turns":4},{"damage":21,"enemies":"Book of Stabbing","floor":27,"turns":5},{"damage":23,"enemies":"Slavers","floor":29,"turns":5},{"damage":18,"enemies":"Champ","floor":33,"turns":10},{"damage":10,"enemies":"3 Darklings","floor":35,"turns":5},{"damage":17,"enemies":"Reptomancer","floor":41,"turns":5},{"damage":38,"enemies":"Nemesis","floor":44,"turns":7},{"damage":7,"enemies":"Orb Walker","floor":45,"turns":3},{"damage":41,"enemies":"Sphere and 2 Shapes","floor":46,"turns":3}],"seed_played":"-6223209628873945626","potions_obtained":[{"floor":2,"key":"Swift Potion"},{"floor":2,"key":"Weak Potion"},{"floor":3,"key":"PowerPotion"},{"floor":4,"key":"Dexterity Potion"},{"floor":16,"key":"LiquidBronze"},{"floor":18,"key":"Swift Potion"},{"floor":21,"key":"Fire Potion"},{"floor":27,"key":"GamblersBrew"},{"floor":44,"key":"Regen Potion"}],"is_trial":false,"path_per_floor":["M","?","M","M","M","R","?","R","T","E","?","E","M","M","R","B",null,"M","$","M","M","?","R","E","R","T","E","$","E","?","?","R","B",null,"M","?","$","$","?","R","E","R","T","E","M","M"],"character_chosen":"DEFECT","items_purchased":["Defragment","Medical Kit","Loop"],"campfire_rested":4,"item_purchase_floors":[19,19,37],"current_hp_per_floor":[54,54,53,53,53,53,53,53,67,54,54,24,7,5,28,13,62,62,62,50,30,30,53,36,59,59,38,38,15,15,15,38,20,64,54,54,54,54,54,66,49,61,61,23,16,0],"gold":163,"neow_bonus":"ONE_RANDOM_RARE_CARD","is_prod":false,"is_daily":false,"chose_seed":false,"campfire_upgraded":4,"win_rate":0,"timestamp":1572072199,"path_taken":["M","?","?","M","M","R","?","R","T","E","?","E","?","M","R","BOSS","M","$","?","M","?","R","E","R","T","E","$","E","?","?","R","BOSS","M","?","?","$","?","R","E","R","T","E","M","M"],"build_version":"2019-07-17","purchased_purges":3,"victory":false,"max_hp_per_floor":[71,71,71,71,71,71,64,64,78,78,78,78,78,78,78,78,78,78,78,78,78,78,78,78,78,78,78,78,78,78,78,78,78,78,78,78,78,78,78,78,78,78,78,78,78,78],"card_choices":[{"not_picked":["Leap","Turbo"],"picked":"Gash","floor":1},{"not_picked":["Beam Cell","Turbo"],"picked":"Coolheaded","floor":3},{"not_picked":["Darkness","Skim"],"picked":"Go for the Eyes","floor":4},{"not_picked":["Coolheaded","Skim"],"picked":"Barrage","floor":5},{"not_picked":["Hello World","Lockon"],"picked":"Barrage","floor":10},{"not_picked":["Coolheaded","Sweeping Beam"],"picked":"Ball Lightning","floor":12},{"not_picked":["Static Discharge","Storm"],"picked":"Ball Lightning","floor":13},{"not_picked":["Go for the Eyes","Chill"],"picked":"Hologram","floor":14},{"not_picked":["Buffer","Thunder Strike"],"picked":"Biased Cognition","floor":16},{"not_picked":["Skim"],"picked":"SKIP","floor":18},{"not_picked":["Reprogram"],"picked":"SKIP","floor":20},{"not_picked":["Chill"],"picked":"SKIP","floor":21},{"not_picked":["Consume"],"picked":"SKIP","floor":24},{"not_picked":[],"picked":"FTL+1","floor":27},{"not_picked":["Stack"],"picked":"SKIP","floor":29},{"not_picked":["Cold Snap+1"],"picked":"SKIP","floor":35},{"not_picked":["Compile Driver+1"],"picked":"SKIP","floor":41},{"not_picked":["Redo"],"picked":"SKIP","floor":44},{"not_picked":["Turbo"],"picked":"SKIP","floor":45}],"player_experience":607877,"relics_obtained":[{"floor":9,"key":"Mango"},{"floor":10,"key":"Ginger"},{"floor":12,"key":"Orichalcum"},{"floor":24,"key":"Mummified Hand"},{"floor":26,"key":"Molten Egg 2"},{"floor":27,"key":"Juzu Bracelet"},{"floor":29,"key":"Dead Branch"},{"floor":41,"key":"Letter Opener"},{"floor":44,"key":"Gremlin Horn"}],"event_choices":[{"damage_healed":0,"gold_gain":0,"player_choice":"Got Potions","damage_taken":0,"max_hp_gain":0,"max_hp_loss":0,"event_name":"Lab","floor":2,"gold_loss":0},{"damage_healed":0,"gold_gain":0,"player_choice":"Lose Max HP","damage_taken":0,"relics_obtained":["Golden Idol"],"max_hp_gain":0,"max_hp_loss":7,"event_name":"Golden Idol","floor":7,"gold_loss":0},{"damage_healed":0,"gold_gain":0,"player_choice":"Forge","damage_taken":0,"max_hp_gain":0,"max_hp_loss":0,"event_name":"Accursed Blacksmith","floor":11,"gold_loss":0,"cards_upgraded":["Barrage"]},{"damage_healed":0,"gold_gain":0,"player_choice":"2 cards matched","damage_taken":0,"max_hp_gain":0,"max_hp_loss":0,"event_name":"Match and Keep!","floor":22,"gold_loss":0,"cards_obtained":["Coolheaded","Biased Cognition"]},{"damage_healed":0,"gold_gain":0,"cards_transformed":["Defend_B","Defend_B"],"player_choice":"Became Test Subject","damage_taken":0,"max_hp_gain":0,"max_hp_loss":0,"event_name":"Drug Dealer","floor":30,"gold_loss":0,"cards_obtained":["Thunder Strike","Reinforced Body"]},{"damage_healed":0,"gold_gain":50,"player_choice":"Pray","damage_taken":0,"max_hp_gain":0,"max_hp_loss":0,"event_name":"Golden Shrine","floor":36,"gold_loss":0},{"damage_healed":0,"gold_gain":0,"player_choice":"Ignored","damage_taken":0,"max_hp_gain":0,"max_hp_loss":0,"event_name":"Mysterious Sphere","floor":39,"gold_loss":0}],"is_beta":false,"boss_relics":[{"not_picked":["White Beast Statue","Nuclear Battery"],"picked":"Busted Crown"},{"not_picked":["Tiny House","Orrery"],"picked":"Eternal Feather"}],"items_purged_floors":[19,28,37],"is_endless":false,"potions_floor_spawned":[3,4,16,18,21,27,44],"killed_by":"Sphere and 2 Shapes","ascension_level":15}