{"gold_per_floor":[109,109,384,26,42,68,83,109,109,143,12,31,31,46,46,119,119,133,150,75,75,75,75,89,89,116,116,144,157,171,171],"floor_reached":31,"playtime":1711,"items_purged":["Regret","Strike_B"],"score":555,"play_id":"ce608f66-094f-441c-953c-0077581ce7c0","local_time":"20191030041722","is_ascension_mode":true,"campfire_choices":[{"data":"Barrage","floor":13,"key":"SMITH"},{"data":"Beam Cell","floor":15,"key":"SMITH"},{"data":"Barrage","floor":23,"key":"SMITH"},{"data":"Barrage","floor":25,"key":"SMITH"}],"neow_cost":"NONE","seed_source_timestamp":1711388607353500,"circlet_count":0,"master_deck":["AscendersBane","Strike_B","Strike_B","Defend_B","Defend_B","Defend_B","Defend_B","Zap+1","Dualcast","Cold Snap","Cold Snap","Compile Driver","Auto Shields","Genetic Algorithm","FTL","FTL","Gash","Gash","Barrage+1","Beam Cell+1","Creative AI+1","Barrage+1","Barrage+1","Ghostly","Ghostly","Ghostly","Cold Snap","FTL"],"relics":["Cracked Core","NeowsBlessing","Membership Card","Frozen Egg 2","Meat on the Bone","WingedGreaves","Bag of Marbles","Inserter","DataDisk","Toxic Egg 2","Potion Belt"],"potions_floor_usage":[8,16,18,28,31],"damage_taken":[{"damage":0,"enemies":"2 Louse","floor":1,"turns":1},{"damage":0,"enemies":"Small Slimes","floor":5,"turns":1},{"damage":0,"enemies":"3 Sentries","floor":6,"turns":1},{"damage":0,"enemies":"Cultist","floor":7,"turns":3},{"damage":18,"enemies":"Gremlin Nob","floor":8,"turns":4},{"damage":13,"enemies":"3 Sentries","floor":10,"turns":8},{"damage":0,"enemies":"Looter","floor":12,"turns":3},{"damage":0,"enemies":"Exordium Wildlife","floor":14,"turns":3},{"damage":20,"enemies":"Slime Boss","floor":16,"turns":8},{"damage":8,"enemies":"Shell Parasite","floor":18,"turns":5},{"damage":0,"enemies":"3 Byrds","floor":19,"turns":5},{"damage":6,"enemies":"Snecko","floor":24,"turns":5},{"damage":22,"enemies":"Book of Stabbing","floor":28,"turns":5},{"damage":0,"enemies":"Cultist and Chosen","floor":29,"turns":6},{"damage":13,"enemies":"Centurion and Healer","floor":30,"turns":7},{"damage":25,"enemies":"Slavers","floor":31,"turns":1}],"seed_played":"-2576396734989824472","potions_obtained":[{"floor":6,"key":"Weak Potion"},{"floor":7,"key":"PowerPotion"},{"floor":12,"key":"Explosive Potion"},{"floor":14,"key":"AttackPotion"},{"floor":16,"key":"Dexterity Potion"},{"floor":19,"key":"AttackPotion"},{"floor":28,"key":"Weak Potion"}],"is_trial":false,"path_per_floor":["M","?","?","$","M","E","M","E","T","E","$","M","R","M","R","B",null,"M","M","?","?","?","R","M","R","T","T","E","M","M","E"],"character_chosen":"DEFECT","items_purchased":["Membership Card","Cold Snap","Compile Driver","Auto Shields","Bag of Marbles"],"campfire_rested":0,"item_purchase_floors":[4,4,4,4,11],"current_hp_per_floor":[64,64,64,64,64,64,64,46,46,45,45,45,45,45,45,37,63,55,55,55,55,35,35,29,29,29,29,19,19,18,0],"gold":171,"neow_bonus":"THREE_ENEMY_KILL","is_prod":false,"is_daily":false,"chose_seed":false,"campfire_upgraded":4,"win_rate":0,"timestamp":1572423442,"path_taken":["M","?","?","$","?","E","M","E","T","E","$","M","R","M","R","BOSS","M","M","?","?","?","R","M","R","T","?","E","M","M","E"],"build_version":"2019-07-17","purchased_purges":2,"victory":false,"max_hp_per_floor":[71,71,71,71,71,71,71,71,71,71,71,71,71,71,71,71,71,71,71,71,71,35,35,35,35,35,35,35,35,35,35],"card_choices":[{"not_picked":["Hologram","Chill"],"picked":"Cold Snap","floor":1},{"not_picked":["Coolheaded","Ball Lightning"],"picked":"Genetic Algorithm","floor":5},{"not_picked":["Machine Learning","Rebound"],"picked":"FTL","floor":6},{"not_picked":["Aggregate","Force Field"],"picked":"FTL","floor":7},{"not_picked":["Ball Lightning","Go for the Eyes"],"picked":"Gash","floor":8},{"not_picked":["Amplify","Conserve Battery"],"picked":"Gash","floor":10},{"not_picked":["Chaos","Redo"],"picked":"Barrage","floor":12},{"not_picked":["Sweeping Beam","Coolheaded"],"picked":"Beam Cell","floor":14},{"not_picked":["Machine Learning+1","Hyperbeam"],"picked":"Creative AI+1","floor":16},{"not_picked":["Leap","Hologram"],"picked":"Barrage","floor":18},{"not_picked":["Compile Driver","Leap"],"picked":"Barrage","floor":19},{"not_picked":["Chill","Steam","Go for the Eyes"],"picked":"SKIP","floor":24},{"not_picked":["Beam Cell","Ball Lightning"],"picked":"Cold Snap","floor":28},{"not_picked":["Compile Driver","Sunder"],"picked":"FTL","floor":29},{"not_picked":["Heatsinks+1","Creative AI+1","Chill+1"],"picked":"SKIP","floor":30},{"not_picked":["Heatsinks+1","Creative AI+1","Chill+1"],"picked":"SKIP","floor":30}],"player_experience":705036,"relics_obtained":[{"floor":8,"key":"Frozen Egg 2"},{"floor":9,"key":"Meat on the Bone"},{"floor":10,"key":"WingedGreaves"},{"floor":26,"key":"DataDisk"},{"floor":27,"key":"Toxic Egg 2"},{"floor":28,"key":"Potion Belt"}],"event_choices":[{"damage_healed":0,"gold_gain":0,"player_choice":"Grow","damage_taken":0,"max_hp_gain":0,"max_hp_loss":0,"event_name":"Living Wall","floor":2,"gold_loss":0,"cards_upgraded":["Zap"]},{"damage_healed":0,"gold_gain":275,"player_choice":"Desecrate","damage_taken":0,"max_hp_gain":0,"max_hp_loss":0,"event_name":"Golden Shrine","floor":3,"gold_loss":0,"cards_obtained":["Regret"]},{"cards_removed":["Strike_B"],"damage_healed":0,"gold_gain":0,"player_choice":"Gave Gold","damage_taken":0,"max_hp_gain":0,"max_hp_loss":0,"event_name":"Beggar","floor":20,"gold_loss":75},{"damage_healed":0,"gold_gain":0,"player_choice":"Ignored","damage_taken":0,"max_hp_gain":0,"max_hp_loss":0,"event_name":"Cursed Tome","floor":21,"gold_loss":0},{"damage_healed":0,"gold_gain":0,"player_choice":"Became a Ghost","damage_taken":0,"max_hp_gain":0,"max_hp_loss":36,"event_name":"Ghosts","floor":22,"gold_loss":0,"cards_obtained":["Ghostly","Ghostly","Ghostly"]}],"is_beta":false,"boss_relics":[{"not_picked":["Sozu","Orrery"],"picked":"Inserter"}],"items_purged_floors":[4,11],"is_endless":false,"potions_floor_spawned":[6,7,12,14,16,19,28],"killed_by":"Slavers","ascension_level":17}