{"gold_per_floor":[119,119,130,148,0,0,15,49,49,80,44,74,93,109,109,214,214,231,42,42,42,42,71,71,87,139,167,167,23,51,64,64,166,166,179,179,195,41,57,57],"floor_reached":40,"playtime":3059,"items_purged":[],"score":590,"play_id":"b9335786-ad3a-4e57-b9da-910a595502c1","local_time":"20191007235739","is_ascension_mode":true,"campfire_choices":[{"data":"Neutralize","floor":6,"key":"SMITH"},{"data":"Footwork","floor":15,"key":"SMITH"},{"floor":24,"key":"REST"},{"floor":32,"key":"REST"}],"neow_cost":"NONE","seed_source_timestamp":1809907371296900,"circlet_count":0,"master_deck":["Strike_G","Strike_G","Defend_G","Defend_G","Defend_G","Defend_G","Survivor","Neutralize+1","Quick Slash","Backflip+1","Choke","Footwork+1","Backflip+1","Cloak And Dagger","Backstab","Prepared","Deadly Poison","Catalyst","Storm of Steel","Choke+1","Noxious Fumes+1","Escape Plan+1","Heel Hook","Accuracy","Blade Dance","PiercingWail","Deadly Poison","RitualDagger","J.A.X.","Deadly Poison+1","Calculated Gamble","Infinite Blades","Well Laid Plans","Tactician","Dagger Throw","Phantasmal Killer","Deadly Poison+1","Flash of Steel","Footwork","Prepared","Blur","Acrobatics"],"relics":["Ring of the Snake","Oddly Smooth Stone","Potion Belt","Bronze Scales","Kunai","War Paint","Astrolabe","Regal Pillow","Art of War","Meat on the Bone","Nunchaku","Philosopher\u0027s Stone"],"potions_floor_usage":[8,8,10,16,16,23,23,28,30,30,30,37,40,40],"damage_taken":[{"damage":1,"enemies":"Small Slimes","floor":1,"turns":4},{"damage":3,"enemies":"Cultist","floor":3,"turns":4},{"damage":0,"enemies":"2 Louse","floor":4,"turns":2},{"damage":5,"enemies":"Looter","floor":7,"turns":4},{"damage":10,"enemies":"Lagavulin","floor":8,"turns":9},{"damage":12,"enemies":"3 Sentries","floor":10,"turns":6},{"damage":0,"enemies":"Gremlin Nob","floor":12,"turns":4},{"damage":0,"enemies":"3 Louse","floor":13,"turns":2},{"damage":4,"enemies":"Blue Slaver","floor":14,"turns":3},{"damage":17,"enemies":"Slime Boss","floor":16,"turns":16},{"damage":14,"enemies":"Spheric Guardian","floor":18,"turns":4},{"damage":38,"enemies":"Gremlin Leader","floor":23,"turns":7},{"damage":6,"enemies":"Chosen","floor":25,"turns":3},{"damage":24,"enemies":"Book of Stabbing","floor":27,"turns":5},{"damage":0,"enemies":"Snake Plant","floor":28,"turns":1},{"damage":9,"enemies":"Slavers","floor":30,"turns":6},{"damage":17,"enemies":"Centurion and Healer","floor":31,"turns":6},{"damage":20,"enemies":"Automaton","floor":33,"turns":10},{"damage":13,"enemies":"3 Shapes","floor":35,"turns":4},{"damage":20,"enemies":"3 Darklings","floor":37,"turns":4},{"damage":27,"enemies":"4 Shapes","floor":39,"turns":5},{"damage":24,"enemies":"Nemesis","floor":40,"turns":4}],"seed_played":"-6005664376831980246","potions_obtained":[{"floor":0,"key":"SmokeBomb"},{"floor":0,"key":"SmokeBomb"},{"floor":0,"key":"Weak Potion"},{"floor":3,"key":"Block Potion"},{"floor":4,"key":"PowerPotion"},{"floor":8,"key":"Explosive Potion"},{"floor":12,"key":"FearPotion"},{"floor":13,"key":"EssenceOfSteel"},{"floor":18,"key":"EssenceOfSteel"},{"floor":25,"key":"EssenceOfSteel"},{"floor":27,"key":"Explosive Potion"},{"floor":33,"key":"GhostInAJar"},{"floor":37,"key":"PowerPotion"}],"is_trial":false,"path_per_floor":["M","?","M","M","$","R","M","E","T","E","$","E","M","M","R","B",null,"M","$","?","?","?","E","R","M","T","E","M","$","E","M","R","B",null,"M","?","M","$","M","E"],"character_chosen":"THE_SILENT","items_purchased":["Oddly Smooth Stone","Backstab","Accuracy","Blade Dance","PiercingWail","Strength Potion","Well Laid Plans","GhostInAJar","Blur","LiquidBronze"],"campfire_rested":2,"item_purchase_floors":[5,11,19,19,19,19,29,29,38,38],"current_hp_per_floor":[69,69,66,66,66,66,61,51,51,39,39,39,39,35,35,18,70,56,56,56,50,50,12,48,42,42,18,30,30,33,28,64,44,70,57,57,37,37,22,0],"gold":57,"neow_bonus":"THREE_SMALL_POTIONS","is_prod":false,"is_daily":false,"chose_seed":false,"campfire_upgraded":2,"win_rate":0,"timestamp":1570517859,"path_taken":["M","?","M","M","$","R","M","E","T","E","?","E","?","M","R","BOSS","M","$","?","?","?","E","R","M","T","E","M","$","E","M","R","BOSS","M","?","?","$","M","E"],"build_version":"2019-07-17","purchased_purges":0,"victory":false,"max_hp_per_floor":[70,70,70,70,70,70,70,70,70,70,70,70,70,70,70,70,70,70,70,70,70,70,70,70,70,70,70,70,70,70,70,70,70,70,70,70,70,70,70,70],"card_choices":[{"not_picked":["Flechettes","Poisoned Stab"],"picked":"Quick Slash","floor":1},{"not_picked":["Tactician","Dodge and Roll"],"picked":"Backflip","floor":3},{"not_picked":["Dagger Throw","Dodge and Roll"],"picked":"Choke","floor":4},{"not_picked":["Quick Slash","Deflect"],"picked":"Footwork","floor":7},{"not_picked":["Dodge and Roll","Outmaneuver"],"picked":"Backflip","floor":8},{"not_picked":["Bane","Blur"],"picked":"Cloak And Dagger","floor":10},{"not_picked":["Reflex","Wraith Form v2"],"picked":"Prepared","floor":12},{"not_picked":["Backflip","Eviscerate"],"picked":"Deadly Poison","floor":13},{"not_picked":["Bane","Deadly Poison"],"picked":"Catalyst","floor":14},{"not_picked":["Glass Knife","Bullet Time"],"picked":"Storm of Steel","floor":16},{"not_picked":["Underhanded Strike+1","Predator"],"picked":"Heel Hook","floor":18},{"not_picked":["Die Die Die","Bane"],"picked":"Deadly Poison+1","floor":23},{"not_picked":["Eviscerate","Blade Dance"],"picked":"Calculated Gamble","floor":25},{"not_picked":["Backstab+1","Dagger Spray+1"],"picked":"Infinite Blades","floor":27},{"not_picked":["Reflex","Heel Hook"],"picked":"Tactician","floor":30},{"not_picked":["All Out Attack","Deadly Poison"],"picked":"Dagger Throw","floor":31},{"not_picked":["A Thousand Cuts","Burst"],"picked":"Phantasmal Killer","floor":33},{"not_picked":["Outmaneuver","Blade Dance"],"picked":"Deadly Poison+1","floor":35},{"not_picked":["Outmaneuver","PiercingWail"],"picked":"Prepared","floor":37},{"not_picked":["Blade Dance+1","Slice"],"picked":"Acrobatics","floor":39}],"player_experience":301993,"relics_obtained":[{"floor":8,"key":"Potion Belt"},{"floor":9,"key":"Bronze Scales"},{"floor":10,"key":"Kunai"},{"floor":12,"key":"War Paint"},{"floor":23,"key":"Regal Pillow"},{"floor":26,"key":"Art of War"},{"floor":27,"key":"Meat on the Bone"},{"floor":30,"key":"Nunchaku"}],"event_choices":[{"cards_removed":["Strike_G"],"damage_healed":0,"gold_gain":0,"player_choice":"Offered Basic","damage_taken":0,"max_hp_gain":0,"max_hp_loss":0,"event_name":"Bonfire Elementals","floor":2,"gold_loss":0},{"damage_healed":0,"gold_gain":0,"player_choice":"Read","damage_taken":0,"max_hp_gain":0,"max_hp_loss":0,"event_name":"The Library","floor":20,"gold_loss":0,"cards_obtained":["Deadly Poison"]},{"damage_healed":0,"gold_gain":0,"player_choice":"Joined the Cult","damage_taken":6,"max_hp_gain":0,"max_hp_loss":0,"event_name":"Nest","floor":21,"gold_loss":0,"cards_obtained":["RitualDagger"]},{"damage_healed":0,"gold_gain":0,"player_choice":"Obtain J.A.X.","damage_taken":0,"max_hp_gain":0,"max_hp_loss":0,"event_name":"Drug Dealer","floor":22,"gold_loss":0,"cards_obtained":["J.A.X."]},{"damage_healed":0,"gold_gain":0,"player_choice":"2 cards matched","damage_taken":0,"max_hp_gain":0,"max_hp_loss":0,"event_name":"Match and Keep!","floor":36,"gold_loss":0,"cards_obtained":["Flash of Steel","Footwork"]}],"is_beta":false,"boss_relics":[{"not_picked":["Tiny House","Runic Pyramid"],"picked":"Astrolabe"},{"not_picked":["Cursed Key","Snecko Eye"],"picked":"Philosopher\u0027s Stone"}],"items_purged_floors":[],"is_endless":false,"potions_floor_spawned":[3,4,8,12,13,18,25,27,28,33,37],"killed_by":"Nemesis","ascension_level":2}