{"gold_per_floor":[112,129,129,143,158,158,201,251,251,271,271,305,305,341,341,341],"floor_reached":16,"playtime":726,"items_purged":[],"score":222,"play_id":"d36322d8-7eba-4c48-8662-d91fa09bb034","local_time":"20191029161340","is_ascension_mode":true,"campfire_choices":[{"data":"Zap","floor":6,"key":"SMITH"},{"floor":11,"key":"DIG"},{"floor":13,"key":"DIG"},{"floor":15,"key":"REST"}],"neow_cost":"NONE","seed_source_timestamp":1668953434526200,"circlet_count":0,"master_deck":["AscendersBane","Strike_B","Strike_B","Strike_B","Strike_B","Defend_B","Defend_B","Defend_B","Defend_B","Zap+1","Dualcast","Doom and Gloom","Redo","Rebound","Leap","Rebound","Conserve Battery","Buffer+1","Cold Snap"],"relics":["Cracked Core","Centennial Puzzle","Golden Idol","Frozen Egg 2","Shovel","Ice Cream","Regal Pillow","Dream Catcher","Art of War"],"potions_floor_usage":[10,12,14],"damage_taken":[{"damage":4,"enemies":"Small Slimes","floor":1,"turns":3},{"damage":3,"enemies":"2 Louse","floor":2,"turns":2},{"damage":6,"enemies":"Cultist","floor":4,"turns":4},{"damage":4,"enemies":"Large Slime","floor":5,"turns":4},{"damage":11,"enemies":"Lagavulin","floor":7,"turns":7},{"damage":6,"enemies":"Lots of Slimes","floor":10,"turns":2},{"damage":16,"enemies":"3 Sentries","floor":12,"turns":6},{"damage":26,"enemies":"Gremlin Nob","floor":14,"turns":4},{"damage":45,"enemies":"Slime Boss","floor":16,"turns":6}],"seed_played":"-5271930714100449429","potions_obtained":[{"floor":1,"key":"GamblersBrew"},{"floor":7,"key":"SteroidPotion"},{"floor":10,"key":"Regen Potion"}],"is_trial":false,"path_per_floor":["M","M","?","M","M","R","E","?","T","M","R","E","R","E","R","B"],"character_chosen":"DEFECT","items_purchased":[],"campfire_rested":1,"item_purchase_floors":[],"current_hp_per_floor":[60,57,57,51,47,47,36,36,36,30,30,29,29,3,37,0],"gold":341,"neow_bonus":"RANDOM_COMMON_RELIC","is_prod":false,"is_daily":false,"chose_seed":false,"campfire_upgraded":1,"win_rate":0,"timestamp":1572380020,"path_taken":["M","M","?","M","M","R","E","?","T","?","R","E","R","E","R","BOSS"],"build_version":"2019-07-17","purchased_purges":0,"victory":false,"max_hp_per_floor":[71,71,64,64,64,64,64,64,64,64,64,64,64,64,64,64],"card_choices":[{"not_picked":["Hologram","Rebound"],"picked":"Doom and Gloom","floor":1},{"not_picked":["Chaos","Beam Cell"],"picked":"Redo","floor":2},{"not_picked":["Hologram","Compile Driver"],"picked":"Rebound","floor":4},{"not_picked":["BootSequence","Streamline"],"picked":"Leap","floor":5},{"not_picked":["Steam","Force Field"],"picked":"Rebound","floor":7},{"not_picked":["Coolheaded","Rip and Tear"],"picked":"Conserve Battery","floor":10},{"not_picked":["Lockon","Hologram","Scrape"],"picked":"SKIP","floor":12},{"not_picked":["Compile Driver","Coolheaded"],"picked":"Buffer+1","floor":14},{"not_picked":["Storm+1","Melter"],"picked":"Cold Snap","floor":15}],"player_experience":679480,"relics_obtained":[{"floor":7,"key":"Frozen Egg 2"},{"floor":9,"key":"Shovel"},{"floor":11,"key":"Ice Cream"},{"floor":12,"key":"Regal Pillow"},{"floor":13,"key":"Dream Catcher"},{"floor":14,"key":"Art of War"}],"event_choices":[{"damage_healed":0,"gold_gain":0,"player_choice":"Lose Max HP","damage_taken":0,"relics_obtained":["Golden Idol"],"max_hp_gain":0,"max_hp_loss":7,"event_name":"Golden Idol","floor":3,"gold_loss":0},{"damage_healed":0,"gold_gain":50,"player_choice":"Pray","damage_taken":0,"max_hp_gain":0,"max_hp_loss":0,"event_name":"Golden Shrine","floor":8,"gold_loss":0}],"is_beta":false,"boss_relics":[],"items_purged_floors":[],"is_endless":false,"potions_floor_spawned":[1,7,10],"killed_by":"Slime Boss","ascension_level":17}