{"gold_per_floor":[113,113,131,146,161,161,194,194,194,194,219,369,404,81,81,175,175,196,196,221,221,244,244,244],"floor_reached":24,"playtime":964,"items_purged":["Doubt"],"score":427,"play_id":"0be21df9-4e04-4e0c-99d9-fd145c0f1d25","local_time":"20191030150832","is_ascension_mode":true,"campfire_choices":[{"data":"Darkness","floor":6,"key":"SMITH"},{"data":"Zap","floor":8,"key":"SMITH"},{"data":"Sweeping Beam","floor":10,"key":"SMITH"},{"floor":15,"key":"REST"},{"floor":23,"key":"REST"}],"neow_cost":"NONE","seed_source_timestamp":1751230232255800,"circlet_count":0,"master_deck":["AscendersBane","Strike_B+1","Strike_B+1","Strike_B+1","Strike_B+1","Defend_B+1","Defend_B+1","Defend_B+1","Defend_B+1","Zap+1","Dualcast","Core Surge","Rip and Tear","Cold Snap","Conserve Battery","Darkness+1","Sweeping Beam+1","Loop","Darkness","Defragment","Conserve Battery","Coolheaded","Biased Cognition","Self Repair"],"relics":["Cracked Core","Golden Idol","DataDisk","Calipers","Busted Crown"],"potions_floor_usage":[7,16,16],"damage_taken":[{"damage":4,"enemies":"Jaw Worm","floor":1,"turns":3},{"damage":3,"enemies":"2 Louse","floor":3,"turns":2},{"damage":0,"enemies":"Small Slimes","floor":4,"turns":2},{"damage":9,"enemies":"3 Louse","floor":5,"turns":3},{"damage":0,"enemies":"Lagavulin","floor":7,"turns":7},{"damage":12,"enemies":"Gremlin Gang","floor":11,"turns":4},{"damage":18,"enemies":"Gremlin Nob","floor":13,"turns":3},{"damage":11,"enemies":"Slime Boss","floor":16,"turns":6},{"damage":34,"enemies":"3 Byrds","floor":18,"turns":5},{"damage":7,"enemies":"Spheric Guardian","floor":20,"turns":4},{"damage":0,"enemies":"Snake Plant","floor":22,"turns":3},{"damage":40,"enemies":"Book of Stabbing","floor":24,"turns":5}],"seed_played":"4690511229581294546","potions_obtained":[{"floor":1,"key":"PowerPotion"},{"floor":5,"key":"FairyPotion"},{"floor":11,"key":"Weak Potion"},{"floor":13,"key":"Explosive Potion"},{"floor":20,"key":"Fire Potion"}],"is_trial":false,"path_per_floor":["M","?","M","M","M","R","E","R","T","R","M","?","E","$","R","B",null,"M","?","M","?","M","R","E"],"character_chosen":"DEFECT","items_purchased":["Defragment","Conserve Battery","Coolheaded","Dexterity Potion"],"campfire_rested":2,"item_purchase_floors":[14,14,14,14],"current_hp_per_floor":[60,36,33,33,24,24,24,24,24,24,12,12,7,7,28,17,58,24,24,17,17,17,38,0],"gold":244,"neow_bonus":"ONE_RANDOM_RARE_CARD","is_prod":false,"is_daily":false,"chose_seed":false,"campfire_upgraded":3,"win_rate":0,"timestamp":1572462512,"path_taken":["M","?","M","M","M","R","E","R","T","R","M","?","E","$","R","BOSS","M","?","M","?","M","R","E"],"build_version":"2019-07-17","purchased_purges":1,"victory":false,"max_hp_per_floor":[71,71,71,71,71,71,71,71,71,71,71,71,71,71,71,71,71,71,71,71,71,71,71,71],"card_choices":[{"not_picked":["BootSequence","Coolheaded"],"picked":"Rip and Tear","floor":1},{"not_picked":["Blizzard","Compile Driver"],"picked":"Cold Snap","floor":3},{"not_picked":["Streamline","Scrape"],"picked":"Conserve Battery","floor":4},{"not_picked":["Chaos","Beam Cell"],"picked":"Darkness","floor":5},{"not_picked":["Turbo","Beam Cell"],"picked":"Sweeping Beam","floor":7},{"not_picked":["Ball Lightning","Tempest"],"picked":"Loop","floor":11},{"not_picked":["Fission","Consume"],"picked":"Darkness","floor":13},{"not_picked":["Seek","Machine Learning"],"picked":"Biased Cognition","floor":16},{"not_picked":["Streamline"],"picked":"SKIP","floor":18},{"not_picked":[],"picked":"Self Repair","floor":20},{"not_picked":["Conserve Battery"],"picked":"SKIP","floor":22}],"player_experience":710510,"relics_obtained":[{"floor":7,"key":"DataDisk"},{"floor":13,"key":"Calipers"}],"event_choices":[{"damage_healed":0,"gold_gain":0,"player_choice":"Take Damage","damage_taken":24,"relics_obtained":["Golden Idol"],"max_hp_gain":0,"max_hp_loss":0,"event_name":"Golden Idol","floor":2,"gold_loss":0},{"damage_healed":0,"gold_gain":150,"player_choice":"AGREE","damage_taken":0,"max_hp_gain":0,"max_hp_loss":0,"event_name":"Liars Game","floor":12,"gold_loss":0,"cards_obtained":["Doubt"]},{"damage_healed":0,"gold_gain":0,"player_choice":"Simplicity","damage_taken":0,"max_hp_gain":0,"max_hp_loss":0,"event_name":"Back to Basics","floor":19,"gold_loss":0,"cards_upgraded":["Strike_B","Strike_B","Strike_B","Strike_B","Defend_B","Defend_B","Defend_B","Defend_B"]},{"damage_healed":0,"gold_gain":0,"player_choice":"Ignored","damage_taken":0,"max_hp_gain":0,"max_hp_loss":0,"event_name":"Ghosts","floor":21,"gold_loss":0}],"is_beta":false,"boss_relics":[{"not_picked":["Ectoplasm","Fusion Hammer"],"picked":"Busted Crown"}],"items_purged_floors":[14],"is_endless":false,"potions_floor_spawned":[1,5,11,13,20],"killed_by":"Book of Stabbing","ascension_level":17}