{"gold_per_floor":[215,234,309,309,5,5,5,44,44,68,68,82,121,136,136,267,267],"floor_reached":17,"playtime":705,"items_purged":[],"score":248,"play_id":"c233cb29-7904-4dc7-9d07-2d54c51b344a","local_time":"20190612154906","is_ascension_mode":true,"campfire_choices":[{"data":"Dagger Spray","floor":6.0,"key":"SMITH"},{"data":"Neutralize","floor":11.0,"key":"SMITH"},{"data":"Well Laid Plans","floor":15.0,"key":"SMITH"}],"neow_cost":"NONE","seed_source_timestamp":0,"circlet_count":0,"master_deck":["AscendersBane","Defend_G","Defend_G","Defend_G","Defend_G","Defend_G","Strike_G","Strike_G","Strike_G","Strike_G","Strike_G","Survivor","Neutralize+1","Quick Slash","Cloak And Dagger","Dagger Spray+1","Bouncing Flask+1","Escape Plan+1","Cloak And Dagger+1","Unload+1","Well Laid Plans+1","Corpse Explosion+1"],"special_seed":0,"relics":["Ring of the Snake","Golden Idol","Toxic Egg 2","Art of War","Molten Egg 2","Gremlin Horn"],"potions_floor_usage":[],"damage_taken":[{"damage":0.0,"enemies":"Small Slimes","floor":1.0,"turns":4.0},{"damage":0.0,"enemies":"Cultist","floor":2.0,"turns":5.0},{"damage":13.0,"enemies":"3 Sentries","floor":8.0,"turns":7.0},{"damage":0.0,"enemies":"Jaw Worm","floor":10.0,"turns":3.0},{"damage":4.0,"enemies":"Exordium Wildlife","floor":12.0,"turns":6.0},{"damage":4.0,"enemies":"Lagavulin","floor":13.0,"turns":6.0},{"damage":4.0,"enemies":"Large Slime","floor":14.0,"turns":5.0},{"damage":27.0,"enemies":"Slime Boss","floor":16.0,"turns":8.0}],"seed_played":"25980864873914","potions_obtained":[{"floor":2.0,"key":"PowerPotion"},{"floor":10.0,"key":"Explosive Potion"},{"floor":12.0,"key":"EntropicBrew"}],"is_trial":false,"path_per_floor":["M","M","?","?","$","R","$","E","T","M","R","M","E","M","R","B",null],"character_chosen":"THE_SILENT","items_purchased":["Toxic Egg 2","Dagger Spray"],"campfire_rested":0,"item_purchase_floors":[5,5],"current_hp_per_floor":[63,63,52,52,52,52,52,39,39,39,39,35,31,27,27,12,12],"gold":267,"neow_bonus":"HUNDRED_GOLD","is_prod":false,"is_daily":false,"chose_seed":false,"campfire_upgraded":3,"win_rate":0,"timestamp":1560379746,"path_taken":["M","M","?","?","$","R","$","E","T","M","R","M","E","M","R","BOSS"],"build_version":"2019-01-23","purchased_purges":0,"victory":false,"max_hp_per_floor":[70,70,70,65,65,65,65,65,65,65,65,65,65,65,65,65,65],"card_choices":[{"not_picked":["Caltrops","Bane"],"picked":"Quick Slash","floor":1.0},{"not_picked":["Prepared","Quick Slash"],"picked":"Cloak And Dagger","floor":2.0},{"not_picked":["Sucker Punch","Backflip+1"],"picked":"Bouncing Flask+1","floor":8.0},{"not_picked":["Dagger Throw+1","Bane+1"],"picked":"Escape Plan+1","floor":10.0},{"not_picked":["Quick Slash+1","Dagger Throw+1"],"picked":"Cloak And Dagger+1","floor":12.0},{"not_picked":["Deflect+1","Underhanded Strike+1"],"picked":"Unload+1","floor":13.0},{"not_picked":["Blade Dance+1","Underhanded Strike+1"],"picked":"Well Laid Plans","floor":14.0},{"not_picked":["Phantasmal Killer+1","Burst+1"],"picked":"Corpse Explosion+1","floor":16.0}],"player_experience":559351,"relics_obtained":[{"floor":8.0,"key":"Art of War"},{"floor":9.0,"key":"Molten Egg 2"},{"floor":13.0,"key":"Gremlin Horn"}],"event_choices":[{"damage_healed":0.0,"max_hp_gain":0.0,"max_hp_loss":0.0,"gold_gain":75.0,"event_name":"World of Goop","player_choice":"Gather Gold","floor":3.0,"gold_loss":0.0,"damage_taken":11.0},{"damage_healed":0.0,"max_hp_gain":0.0,"max_hp_loss":5.0,"gold_gain":0.0,"event_name":"Golden Idol","player_choice":"Lose Max HP","floor":4.0,"gold_loss":0.0,"damage_taken":0.0,"relics_obtained":["Golden Idol"]}],"is_beta":false,"boss_relics":[],"items_purged_floors":[],"is_endless":false,"potions_floor_spawned":[2,10,12],"ascension_level":10}