{"gold_per_floor":[116,133,148,160,160,160,185,185,255,269,269,269,286,8,8,86,86,100,100,20,20],"floor_reached":21,"playtime":1234,"items_purged":[],"score":358,"play_id":"e8ce8909-326d-451d-817f-fdee9c6a2fb9","local_time":"20181123144734","is_ascension_mode":true,"campfire_choices":[{"data":"1","floor":6.0,"key":"LIFT"},{"data":"2","floor":8.0,"key":"LIFT"},{"data":"3","floor":12.0,"key":"LIFT"},{"data":"Fission","floor":15.0,"key":"SMITH"}],"neow_cost":"NONE","seed_source_timestamp":0,"circlet_count":0,"master_deck":["AscendersBane","Strike_B","Strike_B+1","Strike_B","Strike_B+1","Defend_B","Defend_B","Defend_B","Defend_B","Zap","Dualcast","Fission+1","Leap","Reinforced Body","Leap","Hologram","Reinforced Body","Barrage","Coolheaded","Go for the Eyes","Ball Lightning","Conserve Battery","Writhe","Cold Snap"],"special_seed":0,"relics":["Cracked Core","Girya","Whetstone","Bag of Marbles","Snecko Eye","Singing Bowl"],"potions_floor_usage":[],"damage_taken":[{"damage":4.0,"enemies":"Small Slimes","floor":1.0,"turns":4.0},{"damage":0.0,"enemies":"Cultist","floor":2.0,"turns":3.0},{"damage":0.0,"enemies":"2 Louse","floor":3.0,"turns":3.0},{"damage":5.0,"enemies":"Large Slime","floor":4.0,"turns":9.0},{"damage":37.0,"enemies":"3 Sentries","floor":7.0,"turns":13.0},{"damage":0.0,"enemies":"2 Fungi Beasts","floor":10.0,"turns":4.0},{"damage":9.0,"enemies":"Exordium Wildlife","floor":13.0,"turns":5.0},{"damage":23.0,"enemies":"Slime Boss","floor":16.0,"turns":9.0},{"damage":5.0,"enemies":"Spheric Guardian","floor":18.0,"turns":4.0},{"damage":10,"enemies":"2 Thieves","floor":20,"turns":4},{"damage":4,"enemies":"Chosen and Byrds","floor":21,"turns":2}],"seed_played":"-5471434784716213957","potions_obtained":[{"floor":1.0,"key":"Poison Potion"},{"floor":4.0,"key":"EntropicBrew"},{"floor":7.0,"key":"Dexterity Potion"}],"is_trial":false,"path_per_floor":["M","M","M","M","M","?","R","E","R","T","M","?","R","M","$","R","B",null,"M","?","M","M"],"character_chosen":"DEFECT","items_purchased":["Bag of Marbles","Go for the Eyes","Ball Lightning"],"campfire_rested":0,"item_purchase_floors":[14,14,14],"current_hp_per_floor":[60,60,60,55,55,55,18,18,18,18,41,41,32,32,32,9,56,51,51,41,37],"gold":20,"neow_bonus":"ONE_RANDOM_RARE_CARD","is_prod":false,"is_daily":false,"chose_seed":false,"campfire_upgraded":1,"win_rate":0,"timestamp":1542980854,"path_taken":["M","M","M","M","?","R","E","R","T","?","?","R","M","$","R","BOSS","M","?","M","M"],"build_version":"2018-11-15","purchased_purges":0,"victory":false,"max_hp_per_floor":[71,71,71,71,71,71,71,71,71,71,71,71,71,71,71,71,71,71,71,71,71],"card_choices":[{"not_picked":["Melter","Chaos"],"picked":"Leap","floor":1.0},{"not_picked":["Rebound","Streamline"],"picked":"Reinforced Body","floor":2.0},{"not_picked":["White Noise","Hologram"],"picked":"Leap","floor":3.0},{"not_picked":["Beam Cell","Seek"],"picked":"Hologram","floor":4.0},{"not_picked":["Hologram","Fusion"],"picked":"Reinforced Body","floor":7.0},{"not_picked":["Streamline","Skim"],"picked":"Barrage","floor":10.0},{"not_picked":["Steam","BootSequence"],"picked":"Coolheaded","floor":13.0},{"not_picked":["Hologram","Scrape"],"picked":"Conserve Battery","floor":18.0},{"not_picked":["Rebound","Redo"],"picked":"Cold Snap","floor":20}],"player_experience":1099428,"relics_obtained":[{"floor":7.0,"key":"Whetstone"}],"event_choices":[{"damage_healed":0.0,"max_hp_gain":0.0,"max_hp_loss":0.0,"gold_gain":0.0,"event_name":"WeMeetAgain","player_choice":"Gave Potion","floor":5.0,"gold_loss":0.0,"damage_taken":0.0,"relics_obtained":["Girya"]},{"damage_healed":23.0,"max_hp_gain":0.0,"max_hp_loss":0.0,"gold_gain":0.0,"event_name":"Big Fish","player_choice":"Banana","floor":11.0,"gold_loss":0.0,"damage_taken":0.0},{"damage_healed":0.0,"max_hp_gain":0.0,"max_hp_loss":0.0,"gold_gain":0.0,"event_name":"The Mausoleum","player_choice":"Opened","floor":19.0,"gold_loss":0.0,"damage_taken":0.0,"relics_obtained":["Singing Bowl"],"cards_obtained":["Writhe"]}],"is_beta":true,"boss_relics":[{"not_picked":["Calling Bell","FrozenCore"],"picked":"Snecko Eye"}],"items_purged_floors":[],"is_endless":false,"potions_floor_spawned":[1,4,7],"killed_by":"Chosen and Byrds","ascension_level":20}