{"gold_per_floor":[119,133,146,0,0,0,0,0,23,23,54,71,71,81,81,159,159,170,170,170],"floor_reached":20,"playtime":1360,"items_purged":[],"score":301,"play_id":"1d41f126-452e-4660-8444-28e339dce39c","local_time":"20190612154751","is_ascension_mode":true,"campfire_choices":[{"data":"Acrobatics","floor":6.0,"key":"SMITH"},{"floor":8.0,"key":"REST"},{"floor":13.0,"key":"REST"},{"data":"Noxious Fumes","floor":15.0,"key":"SMITH"}],"neow_cost":"NONE","seed_source_timestamp":1979301864855400,"circlet_count":0,"master_deck":["AscendersBane","Defend_G+1","Defend_G","Defend_G","Defend_G","Defend_G","Strike_G","Strike_G","Strike_G+1","Strike_G","Strike_G","Survivor","Neutralize","Acrobatics+1","Backflip","Bouncing Flask","Noxious Fumes+1"],"special_seed":0,"relics":["Velvet Choker","Vajra","Smiling Mask","Dream Catcher","Black Star"],"potions_floor_usage":[19],"damage_taken":[{"damage":0.0,"enemies":"Cultist","floor":1.0,"turns":5.0},{"damage":0.0,"enemies":"Small Slimes","floor":2.0,"turns":5.0},{"damage":0.0,"enemies":"2 Louse","floor":3.0,"turns":3.0},{"damage":23.0,"enemies":"Gremlin Nob","floor":11.0,"turns":5.0},{"damage":0.0,"enemies":"Blue Slaver","floor":12.0,"turns":5.0},{"damage":1.0,"enemies":"Looter","floor":14.0,"turns":3.0},{"damage":23.0,"enemies":"The Guardian","floor":16.0,"turns":9.0},{"damage":28.0,"enemies":"3 Byrds","floor":18.0,"turns":5.0},{"damage":24,"enemies":"Colosseum Slavers","floor":19,"turns":6},{"damage":5,"enemies":"Chosen","floor":20,"turns":4}],"seed_played":"-6040879791496201885","potions_obtained":[{"floor":2.0,"key":"Poison Potion"},{"floor":3.0,"key":"PowerPotion"},{"floor":11.0,"key":"EssenceOfSteel"},{"floor":12.0,"key":"LiquidBronze"}],"is_trial":false,"path_per_floor":["M","M","M","$","?","R","?","R","T","$","E","M","R","M","R","B",null,"M","?","M"],"character_chosen":"THE_SILENT","items_purchased":["Vajra"],"campfire_rested":2,"item_purchase_floors":[4],"current_hp_per_floor":[59,59,59,59,59,59,39,58,58,58,35,35,54,53,53,30,57,29,5,0],"gold":170,"neow_bonus":"BOSS_RELIC","is_prod":false,"is_daily":false,"chose_seed":false,"campfire_upgraded":2,"win_rate":0,"timestamp":1560368871,"path_taken":["M","M","M","?","?","R","?","R","T","$","E","M","R","M","R","BOSS","M","?","M"],"build_version":"2019-01-23","purchased_purges":0,"victory":false,"max_hp_per_floor":[66,66,66,66,66,66,66,66,66,66,66,66,66,66,66,66,66,66,66,66],"card_choices":[{"not_picked":["Quick Slash","Blade Dance"],"picked":"Acrobatics","floor":1.0},{"not_picked":["Masterful Stab","Endless Agony","Sucker Punch"],"picked":"SKIP","floor":2.0},{"not_picked":["Accuracy","Heel Hook","Quick Slash"],"picked":"SKIP","floor":3.0},{"not_picked":["Dodge and Roll","Finisher"],"picked":"Backflip","floor":11.0},{"not_picked":["Terror","Backflip"],"picked":"Bouncing Flask","floor":12.0},{"not_picked":["Blade Dance","Flechettes"],"picked":"Noxious Fumes","floor":14.0},{"not_picked":["Outmaneuver","All Out Attack","Quick Slash"],"picked":"SKIP","floor":18.0}],"player_experience":1145537,"relics_obtained":[{"floor":9.0,"key":"Smiling Mask"},{"floor":11.0,"key":"Dream Catcher"}],"event_choices":[{"damage_healed":0.0,"max_hp_gain":0.0,"max_hp_loss":0.0,"gold_gain":0.0,"event_name":"Golden Idol","player_choice":"Ignored","floor":5.0,"gold_loss":0.0,"damage_taken":0.0},{"damage_healed":0.0,"max_hp_gain":0.0,"max_hp_loss":0.0,"gold_gain":0.0,"event_name":"Shining Light","player_choice":"Entered Light","floor":7.0,"gold_loss":0.0,"damage_taken":20.0,"cards_upgraded":["Strike_G","Defend_G"]},{"damage_healed":0,"gold_gain":0,"player_choice":"Fight","damage_taken":0,"max_hp_gain":0,"max_hp_loss":0,"event_name":"Colosseum","floor":19,"gold_loss":0},{"damage_healed":0,"gold_gain":0,"player_choice":"Fled From Nobs","damage_taken":0,"max_hp_gain":0,"max_hp_loss":0,"event_name":"Colosseum","floor":19,"gold_loss":0}],"is_beta":false,"boss_relics":[{"not_picked":["Tiny House","Lizard Tail"],"picked":"Black Star"}],"items_purged_floors":[],"is_endless":false,"potions_floor_spawned":[2,3,11,12,19],"killed_by":"Chosen","ascension_level":15}