{"gold_per_floor":[112,112,126,126,28,56,56,74,74,74,39,54,54,14],"floor_reached":14,"playtime":491,"items_purged":[],"score":176,"play_id":"3118b49d-26b5-4936-afa3-ce930783d268","local_time":"20190616061957","is_ascension_mode":true,"campfire_choices":[{"data":"Battle Trance","floor":7,"key":"SMITH"},{"data":"Shrug It Off","floor":10,"key":"SMITH"},{"data":"Cleave","floor":13,"key":"SMITH"}],"neow_cost":"NONE","seed_source_timestamp":268644253655747,"circlet_count":0,"master_deck":["AscendersBane","Strike_R","Strike_R","Strike_R","Strike_R","Strike_R","Defend_R","Defend_R","Defend_R","Defend_R","Bash+1","Pummel","Battle Trance+1","Shrug It Off+1","Cleave+1"],"relics":["Burning Blood","Mummified Hand","Bottled Lightning"],"potions_floor_usage":[6,14],"damage_taken":[{"damage":7,"enemies":"Cultist","floor":1,"turns":4},{"damage":6,"enemies":"Jaw Worm","floor":3,"turns":4},{"damage":40,"enemies":"Lagavulin","floor":6,"turns":5},{"damage":1,"enemies":"Small Slimes","floor":8,"turns":5},{"damage":44,"enemies":"Gremlin Gang","floor":12,"turns":8},{"damage":35,"enemies":"Exordium Thugs","floor":14,"turns":3}],"seed_played":"-4195525748724836975","potions_obtained":[{"floor":3,"key":"SteroidPotion"},{"floor":8,"key":"BloodPotion"},{"floor":12,"key":"FearPotion"}],"is_trial":false,"path_per_floor":["M","?","M","$","$","E","R","M","T","R","?","M","R","M"],"character_chosen":"IRONCLAD","items_purchased":["Battle Trance","Shrug It Off"],"campfire_rested":0,"item_purchase_floors":[5,5],"current_hp_per_floor":[74,74,74,74,74,40,40,45,45,45,65,27,27,0],"gold":14,"neow_bonus":"TEN_PERCENT_HP_BONUS","is_prod":false,"is_daily":false,"chose_seed":false,"campfire_upgraded":3,"win_rate":0,"timestamp":1560637197,"path_taken":["M","?","M","?","$","E","R","?","T","R","?","M","R","M"],"build_version":"2019-01-23","purchased_purges":0,"victory":false,"max_hp_per_floor":[82,82,82,82,82,82,82,82,82,82,82,82,82,82],"card_choices":[{"not_picked":["Clothesline","Perfected Strike"],"picked":"Pummel","floor":1},{"not_picked":["Flex","Bloodletting","Cleave"],"picked":"SKIP","floor":3},{"not_picked":["Pommel Strike","Thunderclap","Twin Strike"],"picked":"SKIP","floor":6},{"not_picked":["Flex","Dropkick","Pommel Strike"],"picked":"SKIP","floor":8},{"not_picked":["Iron Wave","Clash"],"picked":"Cleave","floor":12}],"player_experience":700034,"relics_obtained":[{"floor":6,"key":"Mummified Hand"},{"floor":9,"key":"Bottled Lightning"}],"event_choices":[{"damage_healed":0,"gold_gain":0,"player_choice":"Upgraded","damage_taken":0,"max_hp_gain":0,"max_hp_loss":0,"event_name":"Upgrade Shrine","floor":2,"gold_loss":0,"cards_upgraded":["Bash"]},{"damage_healed":20,"gold_gain":0,"player_choice":"Healed","damage_taken":0,"max_hp_gain":0,"max_hp_loss":0,"event_name":"The Cleric","floor":11,"gold_loss":35}],"is_beta":false,"boss_relics":[],"items_purged_floors":[],"is_endless":false,"potions_floor_spawned":[3,8,12],"killed_by":"Exordium Thugs","ascension_level":20}