{"gold_per_floor":[111,111,186,197,213,240,240,190,215,215,215,250,267,302,302,407,407,418,50,50,0,20,53,53,379,379,379,379,411,411,422,422,520,520,533,547,547,115,115,115,39,39,62,79,7,0,100,131,131,131,131,131,51,76,76],"floor_reached":56,"playtime":6444,"items_purged":[],"score":1780,"play_id":"350943f1-d4d5-4b73-9c74-f89b739c4bf3","local_time":"20190115133119","is_ascension_mode":true,"campfire_choices":[{"floor":7.0,"key":"REST"},{"floor":11.0,"key":"REST"},{"floor":15.0,"key":"REST"},{"floor":24.0,"key":"REST"},{"data":"Apotheosis","floor":27.0,"key":"SMITH"},{"floor":32.0,"key":"REST"},{"floor":40.0,"key":"RECALL"},{"floor":42.0,"key":"DIG"},{"floor":49.0,"key":"DIG"},{"floor":52.0,"key":"DIG"}],"neow_cost":"NONE","seed_source_timestamp":0,"circlet_count":0,"master_deck":["AscendersBane","Defend_G+1","Defend_G+1","Defend_G+1","Defend_G+1","Strike_G+1","Strike_G+1","Strike_G+1","Strike_G+1","Survivor","Neutralize","Finisher","Blade Dance","Terror","Footwork","Dagger Spray","Dodge and Roll","Calculated Gamble","After Image","Apotheosis+1","Cloak And Dagger+1","Escape Plan+1","Cloak And Dagger","After Image+1","Blind","Noxious Fumes+1","Parasite","Infinite Blades+1","Cloak And Dagger","Bouncing Flask","Leg Sweep","Caltrops+1"],"special_seed":0,"relics":["Ring of the Snake","Centennial Puzzle","Happy Flower","Bag of Marbles","Shovel","Black Star","ClockworkSouvenir","Art of War","Frozen Egg 2","Lantern","Old Coin","Regal Pillow","The Specimen","Singing Bowl","Torii","Eternal Feather","Snake Skull","Lee\u0027s Waffle","PreservedInsect","Red Mask","Ice Cream","Darkstone Periapt","Mango","Ginger","Sundial","Vajra","Bottled Flame"],"potions_floor_usage":[55,55,55],"damage_taken":[{"damage":6.0,"enemies":"Jaw Worm","floor":1.0,"turns":9.0},{"damage":1.0,"enemies":"2 Louse","floor":4.0,"turns":3.0},{"damage":0.0,"enemies":"Small Slimes","floor":5.0,"turns":3.0},{"damage":24.0,"enemies":"Lagavulin","floor":6.0,"turns":8.0},{"damage":34.0,"enemies":"Gremlin Nob","floor":12.0,"turns":4.0},{"damage":0.0,"enemies":"Exordium Wildlife","floor":13.0,"turns":2.0},{"damage":21.0,"enemies":"3 Sentries","floor":14.0,"turns":11.0},{"damage":11.0,"enemies":"The Guardian","floor":16.0,"turns":14.0},{"damage":3.0,"enemies":"Chosen","floor":18.0,"turns":6.0},{"damage":7.0,"enemies":"Spheric Guardian","floor":22.0,"turns":5.0},{"damage":12.0,"enemies":"Book of Stabbing","floor":23.0,"turns":7.0},{"damage":20.0,"enemies":"Slavers","floor":25.0,"turns":8.0},{"damage":36.0,"enemies":"Gremlin Leader","floor":29.0,"turns":6.0},{"damage":1.0,"enemies":"Cultist and Chosen","floor":31.0,"turns":5.0},{"damage":51.0,"enemies":"Collector","floor":33.0,"turns":8.0},{"damage":1.0,"enemies":"Orb Walker","floor":35.0,"turns":5.0},{"damage":25.0,"enemies":"3 Darklings","floor":36.0,"turns":11.0},{"damage":14.0,"enemies":"Writhing Mass","floor":44.0,"turns":9.0},{"damage":2.0,"enemies":"Mind Bloom Boss Battle","floor":47.0,"turns":9.0},{"damage":16.0,"enemies":"Nemesis","floor":48.0,"turns":9.0},{"damage":56.0,"enemies":"Awakened One","floor":50.0,"turns":14.0},{"damage":39.0,"enemies":"Shield and Spear","floor":54.0,"turns":7.0},{"damage":35,"enemies":"The Heart","floor":55,"turns":8}],"seed_played":"314645347823019477","potions_obtained":[{"floor":5.0,"key":"Dexterity Potion"},{"floor":6.0,"key":"Dexterity Potion"},{"floor":14.0,"key":"EssenceOfSteel"},{"floor":18.0,"key":"Explosive Potion"},{"floor":31.0,"key":"Dexterity Potion"},{"floor":44.0,"key":"AttackPotion"},{"floor":47.0,"key":"Energy Potion"}],"is_trial":false,"path_per_floor":["M","?","?","M","M","E","R","?","T","?","R","E","M","E","R","B",null,"M","$","?","?","M","E","R","E","T","R","?","E","T","M","R","B",null,"M","M","?","$","?","R","$","R","T","M","$","?","?","E","R","B",null,"R","$","E","B",null],"character_chosen":"THE_SILENT","items_purchased":["Apotheosis","ClockworkSouvenir","Noxious Fumes+1","Snake Skull","Lee\u0027s Waffle","LiquidBronze","Cloak And Dagger","Fire Potion","Leg Sweep"],"campfire_rested":5,"item_purchase_floors":[19,19,38,38,38,41,45,45,53],"current_hp_per_floor":[64,64,53,52,52,28,51,51,51,56,80,46,46,25,49,38,71,68,68,68,68,61,49,73,53,53,53,53,17,17,18,58,7,65,66,43,43,95,90,90,90,90,90,76,76,76,76,74,92,36,89,106,106,67,32],"gold":76,"neow_bonus":"TEN_PERCENT_HP_BONUS","is_prod":false,"is_daily":false,"chose_seed":false,"campfire_upgraded":1,"win_rate":0,"timestamp":1547577079,"path_taken":["M","?","?","M","M","E","R","?","T","?","R","E","?","E","R","BOSS","M","$","?","?","?","E","R","E","T","R","?","E","?","M","R","BOSS","M","?","?","$","?","R","?","R","T","?","$","?","?","E","R","BOSS","R","$","E","BOSS"],"build_version":"2019-01-10","purchased_purges":0,"victory":true,"max_hp_per_floor":[77,77,77,77,77,77,77,77,77,82,82,82,82,82,82,82,82,82,82,82,82,82,82,82,82,82,82,82,82,82,84,84,84,84,86,88,88,95,90,90,90,90,90,90,90,90,92,106,106,106,106,106,106,106,106],"card_choices":[{"not_picked":["Poisoned Stab","Catalyst"],"picked":"Finisher","floor":1.0},{"not_picked":["Flying Knee","Outmaneuver"],"picked":"Blade Dance","floor":4.0},{"not_picked":["Flying Knee","Acrobatics"],"picked":"Terror","floor":5.0},{"not_picked":["Bouncing Flask","Outmaneuver"],"picked":"Footwork","floor":6.0},{"not_picked":["Underhanded Strike","Deflect"],"picked":"Dagger Spray","floor":12.0},{"not_picked":["Dagger Throw","Deadly Poison"],"picked":"Dodge and Roll","floor":13.0},{"not_picked":["Unload","Masterful Stab"],"picked":"Calculated Gamble","floor":14.0},{"not_picked":["Venomology","A Thousand Cuts"],"picked":"After Image","floor":16.0},{"not_picked":["Slice","Masterful Stab+1","Acrobatics"],"picked":"SKIP","floor":18.0},{"not_picked":["Endless Agony","Reflex"],"picked":"Cloak And Dagger+1","floor":22.0},{"not_picked":["Outmaneuver","Reflex+1","Underhanded Strike+1"],"picked":"SKIP","floor":23.0},{"not_picked":["Blur","Reflex"],"picked":"Escape Plan+1","floor":25.0},{"not_picked":["PiercingWail","Heel Hook"],"picked":"Cloak And Dagger","floor":29.0},{"not_picked":["Deadly Poison","Eviscerate+1","Reflex"],"picked":"Singing Bowl","floor":31.0},{"not_picked":["A Thousand Cuts+1","Bullet Time"],"picked":"After Image+1","floor":33.0},{"not_picked":["Deadly Poison","Skewer","Acrobatics"],"picked":"Singing Bowl","floor":35.0},{"not_picked":["Poisoned Stab+1","Concentrate+1","Sucker Punch+1"],"picked":"Singing Bowl","floor":36.0},{"not_picked":["Metamorphosis","Transmutation"],"picked":"Blind","floor":37.0},{"not_picked":["Dagger Spray","Quick Slash+1"],"picked":"Infinite Blades+1","floor":44.0},{"not_picked":["Slice+1","Acrobatics","Outmaneuver"],"picked":"Singing Bowl","floor":47.0},{"not_picked":["Deadly Poison","Dagger Throw+1"],"picked":"Bouncing Flask","floor":48.0},{"not_picked":["Bane+1","Flechettes"],"picked":"Caltrops+1","floor":54.0}],"player_experience":704953,"relics_obtained":[{"floor":6.0,"key":"Centennial Puzzle"},{"floor":9.0,"key":"Happy Flower"},{"floor":12.0,"key":"Bag of Marbles"},{"floor":14.0,"key":"Shovel"},{"floor":23.0,"key":"Art of War"},{"floor":23.0,"key":"Frozen Egg 2"},{"floor":25.0,"key":"Lantern"},{"floor":25.0,"key":"Old Coin"},{"floor":26.0,"key":"Regal Pillow"},{"floor":29.0,"key":"The Specimen"},{"floor":29.0,"key":"Singing Bowl"},{"floor":30.0,"key":"Torii"},{"floor":42.0,"key":"PreservedInsect"},{"floor":47.0,"key":"Ice Cream"},{"floor":48.0,"key":"Darkstone Periapt"},{"floor":48.0,"key":"Mango"},{"floor":49.0,"key":"Ginger"},{"floor":52.0,"key":"Sundial"},{"floor":54.0,"key":"Vajra"},{"floor":54.0,"key":"Bottled Flame"}],"event_choices":[{"cards_removed":["Strike_G"],"damage_healed":0.0,"max_hp_gain":0.0,"max_hp_loss":0.0,"gold_gain":0.0,"event_name":"Living Wall","player_choice":"Forget","floor":2.0,"gold_loss":0.0,"damage_taken":0.0},{"damage_healed":0.0,"max_hp_gain":0.0,"max_hp_loss":0.0,"gold_gain":75.0,"event_name":"World of Goop","player_choice":"Gather Gold","floor":3.0,"gold_loss":0.0,"damage_taken":11.0},{"cards_removed":["Defend_G"],"damage_healed":0.0,"max_hp_gain":0.0,"max_hp_loss":0.0,"gold_gain":0.0,"event_name":"The Cleric","player_choice":"Card Removal","floor":8.0,"gold_loss":50.0,"damage_taken":0.0},{"damage_healed":0.0,"max_hp_gain":5.0,"max_hp_loss":0.0,"gold_gain":0.0,"event_name":"Big Fish","player_choice":"Donut","floor":10.0,"gold_loss":0.0,"damage_taken":0.0},{"damage_healed":0.0,"max_hp_gain":0.0,"max_hp_loss":0.0,"gold_gain":0.0,"event_name":"Beggar","player_choice":"Ignored","floor":20.0,"gold_loss":0.0,"damage_taken":0.0},{"damage_healed":0.0,"max_hp_gain":0.0,"max_hp_loss":0.0,"gold_gain":0.0,"event_name":"Masked Bandits","player_choice":"Paid Fearfully","floor":21.0,"gold_loss":50.0,"damage_taken":0.0},{"damage_healed":0.0,"max_hp_gain":0.0,"max_hp_loss":0.0,"gold_gain":0.0,"event_name":"Back to Basics","player_choice":"Simplicity","floor":28.0,"gold_loss":0.0,"damage_taken":0.0,"cards_upgraded":["Defend_G","Defend_G","Defend_G","Defend_G","Strike_G","Strike_G","Strike_G","Strike_G"]},{"damage_healed":0.0,"max_hp_gain":0.0,"max_hp_loss":0.0,"gold_gain":0.0,"event_name":"SensoryStone","player_choice":"Memory 1","floor":37.0,"gold_loss":0.0,"damage_taken":0.0},{"damage_healed":0.0,"max_hp_gain":0.0,"max_hp_loss":5.0,"gold_gain":0.0,"event_name":"Winding Halls","player_choice":"Max HP","floor":39.0,"gold_loss":0.0,"damage_taken":0.0},{"damage_healed":0.0,"max_hp_gain":0.0,"max_hp_loss":0.0,"gold_gain":0.0,"event_name":"Tomb of Lord Red Mask","player_choice":"Paid","floor":46.0,"gold_loss":7.0,"damage_taken":0.0,"relics_obtained":["Red Mask"]},{"damage_healed":0.0,"max_hp_gain":0.0,"max_hp_loss":0.0,"gold_gain":0.0,"event_name":"MindBloom","player_choice":"Fight","floor":47.0,"gold_loss":0.0,"damage_taken":0.0}],"is_beta":false,"boss_relics":[{"not_picked":["Ring of the Serpent","Snecko Eye"],"picked":"Black Star"},{"not_picked":["Empty Cage","Calling Bell"],"picked":"Eternal Feather"}],"items_purged_floors":[],"is_endless":false,"potions_floor_spawned":[5,6,14,18,31,44,47,48],"ascension_level":10}