{"gold_per_floor":[109,127,142,155,155,155,186,186,209,238,252,262,278,297,297,402,402,413,429,447,43,61,87,87,87,87,87,87],"floor_reached":28,"playtime":2486,"items_purged":["Strike_G"],"score":292,"play_id":"b1b96cb4-083d-45b5-87f8-efe445a2f17b","local_time":"20190310140906","is_ascension_mode":true,"campfire_choices":[{"data":"Burst","floor":6,"key":"SMITH"},{"data":"Dagger Spray","floor":8,"key":"SMITH"},{"data":"Blur","floor":15,"key":"SMITH"},{"data":"Adrenaline","floor":25,"key":"SMITH"},{"floor":27,"key":"REST"}],"neow_cost":"NONE","seed_source_timestamp":1898191237215289,"circlet_count":0,"master_deck":["Defend_G","Defend_G","Defend_G","Defend_G","Defend_G","Strike_G","Strike_G","Strike_G","Strike_G","Survivor","Neutralize+1","Dagger Spray+1","Quick Slash","Cloak And Dagger","Burst+1","Cloak And Dagger","Sucker Punch","Blur+1","Outmaneuver","Slice","Adrenaline+1","Heel Hook+1","Footwork+1","Well Laid Plans+1","Crippling Poison","Footwork+1"],"relics":["Ring of the Snake","Bag of Preparation","Orichalcum","Bronze Scales","Strawberry","Runic Dome","Bottled Lightning","Bottled Flame","Toxic Egg 2"],"potions_floor_usage":[16,20],"damage_taken":[{"damage":0,"enemies":"Small Slimes","floor":1,"turns":4},{"damage":0,"enemies":"Cultist","floor":2,"turns":4},{"damage":2,"enemies":"Jaw Worm","floor":3,"turns":4},{"damage":0,"enemies":"3 Louse","floor":4,"turns":2},{"damage":24,"enemies":"3 Sentries","floor":7,"turns":8},{"damage":20,"enemies":"Gremlin Nob","floor":10,"turns":5},{"damage":0,"enemies":"Looter","floor":11,"turns":3},{"damage":2,"enemies":"Red Slaver","floor":12,"turns":2},{"damage":0,"enemies":"Blue Slaver","floor":13,"turns":4},{"damage":0,"enemies":"Large Slime","floor":14,"turns":5},{"damage":15,"enemies":"Hexaghost","floor":16,"turns":11},{"damage":9,"enemies":"Spheric Guardian","floor":18,"turns":4},{"damage":0,"enemies":"2 Thieves","floor":19,"turns":4},{"damage":1,"enemies":"Centurion and Healer","floor":20,"turns":7},{"damage":14,"enemies":"Snake Plant","floor":22,"turns":5},{"damage":18,"enemies":"Slavers","floor":23,"turns":6},{"damage":72,"enemies":"Gremlin Leader","floor":28,"turns":12}],"seed_played":"-2634022746218640989","potions_obtained":[{"floor":3,"key":"EssenceOfSteel"},{"floor":4,"key":"Ancient Potion"},{"floor":10,"key":"Explosive Potion"},{"floor":12,"key":"Poison Potion"},{"floor":14,"key":"SmokeBomb"},{"floor":18,"key":"GamblersBrew"},{"floor":19,"key":"Weak Potion"}],"is_trial":false,"path_per_floor":["M","M","M","M","?","R","E","R","T","E","M","M","M","M","R","B",null,"M","M","M","$","M","E","?","R","T","R","E"],"character_chosen":"THE_SILENT","items_purchased":["Bottled Lightning","Crippling Poison"],"campfire_rested":1,"item_purchase_floors":[21,21],"current_hp_per_floor":[70,70,68,68,68,68,44,44,44,31,31,29,29,29,29,14,77,68,68,67,67,53,35,35,35,35,58,0],"gold":87,"neow_bonus":"UPGRADE_CARD","is_prod":false,"is_daily":false,"chose_seed":false,"campfire_upgraded":4,"win_rate":0,"timestamp":1552216146,"path_taken":["M","M","M","M","?","R","E","R","T","E","M","M","M","?","R","BOSS","M","M","M","$","?","E","?","R","T","R","E"],"build_version":"2019-01-23","purchased_purges":1,"victory":false,"max_hp_per_floor":[70,70,70,70,70,70,70,70,70,77,77,77,77,77,77,77,77,77,77,77,77,77,77,77,77,77,77,77],"card_choices":[{"not_picked":["Finisher","Masterful Stab"],"picked":"Dagger Spray","floor":1},{"not_picked":["Dagger Spray","Bane"],"picked":"Quick Slash","floor":2},{"not_picked":["Dagger Spray","Sucker Punch"],"picked":"Cloak And Dagger","floor":3},{"not_picked":["Backflip","Poisoned Stab"],"picked":"Burst","floor":4},{"not_picked":["Slice","Dodge and Roll"],"picked":"Cloak And Dagger","floor":7},{"not_picked":["Dagger Spray","Quick Slash"],"picked":"Sucker Punch","floor":10},{"not_picked":["Bane","Masterful Stab","Eviscerate"],"picked":"SKIP","floor":11},{"not_picked":["Deflect","Infinite Blades"],"picked":"Blur","floor":12},{"not_picked":["Cloak And Dagger","Reflex"],"picked":"Outmaneuver","floor":13},{"not_picked":["Tactician","Catalyst"],"picked":"Slice","floor":14},{"not_picked":["Tools of the Trade","Doppelganger"],"picked":"Adrenaline","floor":16},{"not_picked":["Cloak And Dagger","Calculated Gamble"],"picked":"Heel Hook+1","floor":18},{"not_picked":["Slice","Dagger Spray+1"],"picked":"Footwork+1","floor":19},{"not_picked":["Poisoned Stab","Quick Slash"],"picked":"Well Laid Plans+1","floor":20},{"not_picked":["Cloak And Dagger","Bane"],"picked":"Footwork+1","floor":22},{"not_picked":["Tools of the Trade","Distraction","All Out Attack"],"picked":"SKIP","floor":23}],"player_experience":284356,"relics_obtained":[{"floor":7,"key":"Orichalcum"},{"floor":9,"key":"Bronze Scales"},{"floor":10,"key":"Strawberry"},{"floor":23,"key":"Bottled Flame"},{"floor":26,"key":"Toxic Egg 2"}],"event_choices":[{"damage_healed":0,"gold_gain":0,"player_choice":"Gave Potion","damage_taken":0,"relics_obtained":["Bag of Preparation"],"max_hp_gain":0,"max_hp_loss":0,"event_name":"WeMeetAgain","floor":5,"gold_loss":0},{"damage_healed":0,"gold_gain":0,"player_choice":"Ignored","damage_taken":0,"max_hp_gain":0,"max_hp_loss":0,"event_name":"Vampires","floor":24,"gold_loss":0}],"is_beta":false,"boss_relics":[{"not_picked":["Ectoplasm","Ring of the Serpent"],"picked":"Runic Dome"}],"items_purged_floors":[21],"is_endless":false,"potions_floor_spawned":[3,4,10,12,14,18,19],"killed_by":"Gremlin Leader","ascension_level":3}