{"gold_per_floor":[117,117,217,233,233,259,259,294,341,361,379,379,379,448,448,548,548,566,30,80,96,246,246,271,271,345,364,395,405,435,447,447,550,550,569,619,680,694,48,74,74,107,184,211,69,79,109,159,159,159,159,159,14,44,44],"floor_reached":55,"playtime":11523,"items_purged":[],"score":1030,"play_id":"4f11bf92-4683-45a5-9b43-dfef7ed24038","local_time":"20181125214759","is_ascension_mode":true,"campfire_choices":[{"floor":7,"key":"REST"},{"floor":13,"key":"RECALL"},{"data":"Glacier","floor":15,"key":"SMITH"},{"data":"Apotheosis","floor":23,"key":"SMITH"},{"data":"Defragment","floor":25,"key":"SMITH"},{"data":"Fission","floor":32,"key":"SMITH"},{"data":"Fission","floor":41,"key":"SMITH"},{"data":"Buffer","floor":49,"key":"SMITH"},{"data":"Thunder Strike","floor":52,"key":"SMITH"}],"neow_cost":"TEN_PERCENT_HP_LOSS","seed_source_timestamp":848218713834497,"circlet_count":0,"master_deck":["Strike_B","Strike_B","Strike_B","Defend_B+1","Defend_B","Defend_B+1","Defend_B","Zap","Dualcast","Reinforced Body","Steam","Darkness","All For One","Conserve Battery","Storm","Glacier+1","Buffer+1","Apotheosis+1","Self Repair","Defragment+1","White Noise","Doom and Gloom","Fission+1","Self Repair+1","Fission+1","Fusion","Defragment+1","Thunder Strike+1","Leap","BootSequence","Doom and Gloom+1","Thunder Strike+1","BootSequence+1","Electrodynamics"],"relics":["Cracked Core","Dead Branch","Bag of Preparation","Mercury Hourglass","War Paint","SsserpentHead","Runic Pyramid","Ginger","MutagenicStrength","Gremlin Horn","Dodecahedron","Incense Burner","Mango","White Beast Statue","Ice Cream","HandDrill","Bottled Lightning","Vajra","Sundial","Gambling Chip","Orichalcum","Strawberry","Potion Belt"],"potions_floor_usage":[8,24,24,28,31,33,42,44,47,50,54,55],"damage_taken":[{"damage":1,"enemies":"Jaw Worm","floor":1,"turns":3},{"damage":0,"enemies":"Small Slimes","floor":4,"turns":3},{"damage":16,"enemies":"3 Sentries","floor":6,"turns":8},{"damage":8,"enemies":"Lagavulin","floor":8,"turns":6},{"damage":0,"enemies":"Cultist","floor":10,"turns":4},{"damage":0,"enemies":"Looter","floor":11,"turns":4},{"damage":0,"enemies":"3 Louse","floor":14,"turns":2},{"damage":13,"enemies":"The Guardian","floor":16,"turns":10},{"damage":1,"enemies":"Spheric Guardian","floor":18,"turns":5},{"damage":0,"enemies":"Shell Parasite","floor":21,"turns":7},{"damage":37,"enemies":"Slavers","floor":24,"turns":6},{"damage":7,"enemies":"Snake Plant","floor":27,"turns":4},{"damage":6,"enemies":"Gremlin Leader","floor":28,"turns":6},{"damage":12,"enemies":"Centurion and Healer","floor":29,"turns":5},{"damage":7,"enemies":"Slavers","floor":30,"turns":5},{"damage":1,"enemies":"Snecko","floor":31,"turns":4},{"damage":10,"enemies":"Collector","floor":33,"turns":9},{"damage":3,"enemies":"3 Shapes","floor":35,"turns":2},{"damage":15,"enemies":"3 Darklings","floor":37,"turns":5},{"damage":10,"enemies":"4 Shapes","floor":38,"turns":3},{"damage":12,"enemies":"Reptomancer","floor":40,"turns":4},{"damage":0,"enemies":"Giant Head","floor":42,"turns":8},{"damage":0,"enemies":"Reptomancer","floor":44,"turns":5},{"damage":0,"enemies":"Sphere and 2 Shapes","floor":46,"turns":4},{"damage":2,"enemies":"Nemesis","floor":47,"turns":5},{"damage":0,"enemies":"Time Eater","floor":50,"turns":7},{"damage":12,"enemies":"Shield and Spear","floor":54,"turns":7},{"damage":106,"enemies":"The Heart","floor":55,"turns":8}],"seed_played":"754242775334226295","potions_obtained":[{"floor":6,"key":"Regen Potion"},{"floor":8,"key":"Strength Potion"},{"floor":16,"key":"SpeedPotion"},{"floor":21,"key":"Regen Potion"},{"floor":27,"key":"Fruit Juice"},{"floor":28,"key":"Explosive Potion"},{"floor":29,"key":"AttackPotion"},{"floor":35,"key":"FairyPotion"},{"floor":37,"key":"SpeedPotion"},{"floor":42,"key":"Poison Potion"},{"floor":44,"key":"Block Potion"},{"floor":47,"key":"PowerPotion"},{"floor":54,"key":"SkillPotion"}],"is_trial":false,"path_per_floor":["M","?","?","M","?","E","R","E","T","M","M","?","R","M","R","B",null,"M","$","?","M","?","R","E","R","T","M","E","M","E","M","R","B",null,"M","?","M","M","$","E","R","E","T","E","$","M","E","?","R","B",null,"R","$","E","B"],"character_chosen":"DEFECT","items_purchased":["Apotheosis","Ginger","Self Repair","Ice Cream","HandDrill","Thunder Strike","Thunder Strike","Strawberry"],"campfire_rested":1,"item_purchase_floors":[19,19,19,39,39,39,45,53],"current_hp_per_floor":[67,60,60,60,53,37,57,63,63,63,63,63,63,63,63,50,68,67,67,67,68,68,68,55,55,55,48,57,55,72,81,81,71,87,87,87,87,77,77,85,85,87,87,87,87,87,87,87,87,87,87,87,94,94,0],"gold":44,"neow_bonus":"ONE_RARE_RELIC","is_prod":false,"is_daily":false,"chose_seed":false,"campfire_upgraded":7,"win_rate":0,"timestamp":1543200479,"path_taken":["M","?","?","?","?","E","R","E","T","M","M","?","R","?","R","BOSS","M","$","?","M","?","R","E","R","T","M","E","M","E","M","R","BOSS","M","?","?","M","$","E","R","E","T","E","$","M","E","?","R","BOSS","R","$","E","BOSS"],"build_version":"2018-11-15","purchased_purges":0,"victory":false,"max_hp_per_floor":[68,68,68,68,68,68,68,68,68,68,68,68,68,68,68,68,68,68,68,68,68,68,68,68,68,68,68,73,73,87,87,87,87,87,87,87,87,87,87,87,87,87,87,87,87,87,87,87,87,87,87,87,94,94,94],"card_choices":[{"not_picked":["Rebound","Gash"],"picked":"Reinforced Body","floor":1},{"not_picked":["Ball Lightning","Redo"],"picked":"Steam","floor":4},{"not_picked":["Recycle","Blizzard"],"picked":"Darkness","floor":6},{"not_picked":["Rip and Tear","Cold Snap"],"picked":"All For One","floor":8},{"not_picked":["Barrage","Steam Power"],"picked":"Conserve Battery","floor":10},{"not_picked":["Go for the Eyes","Turbo"],"picked":"Storm","floor":11},{"not_picked":["Coolheaded","Barrage"],"picked":"Glacier","floor":14},{"not_picked":["Multi-Cast","Meteor Strike"],"picked":"Buffer","floor":16},{"not_picked":["Sweeping Beam","Rip and Tear","Cold Snap+1"],"picked":"SKIP","floor":18},{"not_picked":["Rebound","Conserve Battery"],"picked":"Defragment","floor":21},{"not_picked":["Turbo","Blizzard","Compile Driver"],"picked":"SKIP","floor":24},{"not_picked":["Force Field","Redo","Hologram"],"picked":"SKIP","floor":27},{"not_picked":["Rebound","Cold Snap"],"picked":"White Noise","floor":28},{"not_picked":["Hologram","Go for the Eyes"],"picked":"Doom and Gloom","floor":29},{"not_picked":["Turbo+1","Melter"],"picked":"Fission","floor":30},{"not_picked":["Ball Lightning","Rebound"],"picked":"Self Repair+1","floor":31},{"not_picked":["Core Surge","Reboot"],"picked":"Fission","floor":33},{"not_picked":["Conserve Battery","Leap"],"picked":"Fusion","floor":35},{"not_picked":["Skim+1","Redo","Compile Driver"],"picked":"SKIP","floor":37},{"not_picked":["Fusion","Streamline+1","Meteor Strike"],"picked":"SKIP","floor":38},{"not_picked":["Stack","Barrage+1"],"picked":"Leap","floor":40},{"not_picked":["Go for the Eyes+1","Consume"],"picked":"BootSequence","floor":42},{"not_picked":["Redo","Gash"],"picked":"Doom and Gloom+1","floor":44},{"not_picked":["Sweeping Beam+1","Hologram","Redo"],"picked":"SKIP","floor":46},{"not_picked":["Steam+1","Undo"],"picked":"BootSequence+1","floor":47},{"not_picked":["Darkness","Auto Shields"],"picked":"Electrodynamics","floor":54}],"player_experience":340925,"relics_obtained":[{"floor":6,"key":"Mercury Hourglass"},{"floor":8,"key":"War Paint"},{"floor":24,"key":"Gremlin Horn"},{"floor":26,"key":"Dodecahedron"},{"floor":28,"key":"Incense Burner"},{"floor":30,"key":"Mango"},{"floor":40,"key":"Bottled Lightning"},{"floor":42,"key":"Vajra"},{"floor":43,"key":"Sundial"},{"floor":44,"key":"Gambling Chip"},{"floor":47,"key":"Orichalcum"},{"floor":54,"key":"Potion Belt"}],"event_choices":[{"cards_removed":["Strike_B"],"damage_healed":0,"gold_gain":0,"player_choice":"Card Removal","damage_taken":7,"max_hp_gain":0,"max_hp_loss":0,"event_name":"Golden Wing","floor":2,"gold_loss":0},{"damage_healed":0,"gold_gain":100,"player_choice":"Pray","damage_taken":0,"max_hp_gain":0,"max_hp_loss":0,"event_name":"Golden Shrine","floor":3,"gold_loss":0},{"damage_healed":0,"gold_gain":0,"player_choice":"Success","damage_taken":7,"relics_obtained":["Bag of Preparation"],"max_hp_gain":0,"max_hp_loss":0,"event_name":"Scrap Ooze","floor":5,"gold_loss":0},{"damage_healed":0,"gold_gain":0,"player_choice":"Trade","damage_taken":0,"relics_obtained":["SsserpentHead"],"max_hp_gain":0,"max_hp_loss":0,"event_name":"FaceTrader","floor":12,"gold_loss":0},{"damage_healed":0,"gold_gain":0,"player_choice":"Inject Mutagens","damage_taken":0,"relics_obtained":["MutagenicStrength"],"max_hp_gain":0,"max_hp_loss":0,"event_name":"Drug Dealer","floor":20,"gold_loss":0},{"damage_healed":0,"gold_gain":100,"player_choice":"Pray","damage_taken":0,"max_hp_gain":0,"max_hp_loss":0,"event_name":"Golden Shrine","floor":22,"gold_loss":0},{"damage_healed":0,"gold_gain":0,"player_choice":"Copied","damage_taken":0,"max_hp_gain":0,"max_hp_loss":0,"event_name":"Duplicator","floor":36,"gold_loss":0,"cards_obtained":["Defragment"]},{"damage_healed":0,"gold_gain":0,"player_choice":"Forge","damage_taken":0,"max_hp_gain":0,"max_hp_loss":0,"event_name":"Accursed Blacksmith","floor":48,"gold_loss":0,"cards_upgraded":["Thunder Strike"]}],"is_beta":false,"boss_relics":[{"not_picked":["Coffee Dripper","Astrolabe"],"picked":"Runic Pyramid"},{"not_picked":["Tiny House","Lizard Tail"],"picked":"White Beast Statue"}],"items_purged_floors":[],"is_endless":false,"potions_floor_spawned":[6,8,16,21,27,28,29,30,35,37,38,40,42,44,46,47,54],"killed_by":"The Heart","ascension_level":1}