{"gold_per_floor":[119,135,154,173,187,212,212,223,223,223,255,285,285],"floor_reached":13,"playtime":591,"items_purged":[],"score":146,"play_id":"06885a6b-7f62-40f6-919e-2148f4edf14a","local_time":"20190324202344","is_ascension_mode":true,"campfire_choices":[{"floor":7,"key":"REST"},{"data":"Leg Sweep","floor":10,"key":"SMITH"}],"neow_cost":"NONE","seed_source_timestamp":340796760505000,"circlet_count":0,"master_deck":["AscendersBane","Defend_G","Defend_G","Defend_G+1","Defend_G+1","Defend_G","Strike_G","Strike_G","Strike_G","Strike_G","Strike_G","Survivor","Neutralize","Poisoned Stab","Deadly Poison","Leg Sweep+1","Caltrops","Dagger Spray","Infinite Blades","Deadly Poison"],"relics":["Ring of the Snake","War Paint","Sundial","Strawberry","Art of War","Tiny Chest"],"potions_floor_usage":[4,6,11],"damage_taken":[{"damage":0,"enemies":"2 Louse","floor":1,"turns":4},{"damage":4,"enemies":"Small Slimes","floor":2,"turns":4},{"damage":1,"enemies":"Jaw Worm","floor":3,"turns":3},{"damage":15,"enemies":"Gremlin Gang","floor":4,"turns":7},{"damage":0,"enemies":"Large Slime","floor":5,"turns":7},{"damage":16,"enemies":"Lagavulin","floor":6,"turns":7},{"damage":4,"enemies":"Blue Slaver","floor":8,"turns":4},{"damage":16,"enemies":"Gremlin Nob","floor":11,"turns":4},{"damage":19,"enemies":"Exordium Thugs","floor":13,"turns":5}],"seed_played":"3522436496292384260","potions_obtained":[{"floor":2,"key":"PowerPotion"},{"floor":5,"key":"PowerPotion"},{"floor":6,"key":"PowerPotion"}],"is_trial":false,"path_per_floor":["M","M","M","M","M","E","R","M","T","R","E","?","M"],"character_chosen":"THE_SILENT","items_purchased":[],"campfire_rested":1,"item_purchase_floors":[],"current_hp_per_floor":[63,59,58,43,43,27,48,44,51,51,35,17,0],"gold":285,"neow_bonus":"RANDOM_COMMON_RELIC","is_prod":false,"is_daily":false,"chose_seed":false,"campfire_upgraded":1,"win_rate":0,"timestamp":1553473424,"path_taken":["M","M","M","M","M","E","R","M","T","R","E","?","M"],"build_version":"2019-01-23","purchased_purges":0,"victory":false,"max_hp_per_floor":[70,70,70,70,70,70,70,70,77,77,77,77,77],"card_choices":[{"not_picked":["Quick Slash","Reflex"],"picked":"Poisoned Stab","floor":1},{"not_picked":["Setup","Predator"],"picked":"Deadly Poison","floor":2},{"not_picked":["Cloak And Dagger","Flying Knee"],"picked":"Leg Sweep","floor":3},{"not_picked":["Bane","Accuracy"],"picked":"Caltrops","floor":4},{"not_picked":["Storm of Steel","Deadly Poison"],"picked":"Dagger Spray","floor":5},{"not_picked":["Acrobatics","Venomology"],"picked":"Infinite Blades","floor":6},{"not_picked":["Acrobatics","Accuracy"],"picked":"Deadly Poison","floor":8},{"not_picked":["Deflect","Cloak And Dagger","Prepared"],"picked":"SKIP","floor":11}],"player_experience":351261,"relics_obtained":[{"floor":6,"key":"Sundial"},{"floor":9,"key":"Strawberry"},{"floor":11,"key":"Art of War"}],"event_choices":[{"damage_healed":0,"gold_gain":0,"player_choice":"Success","damage_taken":18,"relics_obtained":["Tiny Chest"],"max_hp_gain":0,"max_hp_loss":0,"event_name":"Scrap Ooze","floor":12,"gold_loss":0}],"is_beta":false,"boss_relics":[],"items_purged_floors":[],"is_endless":false,"potions_floor_spawned":[2,5,6],"killed_by":"Exordium Thugs","ascension_level":10}