{"gold_per_floor":[111,129,139,64,139,139,167,167],"floor_reached":8,"playtime":246,"items_purged":["Strike_B"],"score":76,"play_id":"d3988025-315f-4f21-a93c-58b19ec94e18","local_time":"20190612171924","is_ascension_mode":true,"campfire_choices":[{"data":"Hologram","floor":6,"key":"SMITH"}],"neow_cost":"TEN_PERCENT_HP_LOSS","seed_source_timestamp":54785736909800,"circlet_count":0,"master_deck":["Strike_B","Strike_B","Strike_B","Defend_B","Defend_B","Defend_B","Defend_B","Zap","Dualcast","Hyperbeam","BootSequence","Hologram+1","Hologram+1"],"relics":["Cracked Core","Toxic Egg 2"],"potions_floor_usage":[],"damage_taken":[{"damage":7,"enemies":"Jaw Worm","floor":1,"turns":3},{"damage":0,"enemies":"2 Louse","floor":2,"turns":2},{"damage":0,"enemies":"Cultist","floor":3,"turns":2},{"damage":10,"enemies":"3 Sentries","floor":7,"turns":4},{"damage":58,"enemies":"Lagavulin Event","floor":8,"turns":6}],"seed_played":"6533452096027022230","potions_obtained":[{"floor":1,"key":"Dexterity Potion"}],"is_trial":false,"path_per_floor":["M","M","M","$","?","R","E","?"],"character_chosen":"DEFECT","items_purchased":[],"campfire_rested":0,"item_purchase_floors":[],"current_hp_per_floor":[61,61,61,61,50,50,40,0],"gold":167,"neow_bonus":"THREE_RARE_CARDS","is_prod":false,"is_daily":false,"chose_seed":false,"campfire_upgraded":1,"win_rate":0,"timestamp":1560385164,"path_taken":["M","M","M","$","?","R","E","?"],"build_version":"2019-01-23","purchased_purges":1,"victory":false,"max_hp_per_floor":[68,68,68,68,68,68,68,68],"card_choices":[{"not_picked":["All For One","Rainbow"],"picked":"Hyperbeam","floor":0},{"not_picked":["Aggregate","Sweeping Beam"],"picked":"BootSequence","floor":1},{"not_picked":["Go for the Eyes","Gash"],"picked":"Hologram","floor":2},{"not_picked":["Turbo","Ball Lightning","Compile Driver"],"picked":"SKIP","floor":3},{"not_picked":["Scrape","Beam Cell"],"picked":"Hologram","floor":7}],"player_experience":565029,"relics_obtained":[{"floor":7,"key":"Toxic Egg 2"}],"event_choices":[{"damage_healed":0,"gold_gain":75,"player_choice":"Gather Gold","damage_taken":11,"max_hp_gain":0,"max_hp_loss":0,"event_name":"World of Goop","floor":5,"gold_loss":0},{"damage_healed":0,"gold_gain":0,"player_choice":"Searched \u00272\u0027 times","damage_taken":0,"max_hp_gain":0,"max_hp_loss":0,"event_name":"Dead Adventurer","floor":8,"gold_loss":0}],"is_beta":false,"boss_relics":[],"items_purged_floors":[4],"is_endless":false,"potions_floor_spawned":[1],"killed_by":"Lagavulin Event","ascension_level":7}