{"gold_per_floor":[117,131,131,15,31,31,31,106,131,164,10,10,10,20,20,121,121,131,115,115,115,1,1,16,27,27,27],"floor_reached":27,"playtime":3113,"items_purged":["Strike_G"],"score":253,"play_id":"37dc374d-18ef-4cce-84e0-b4c0a74f5f52","local_time":"20190310233800","is_ascension_mode":true,"campfire_choices":[{"data":"Leg Sweep","floor":6,"key":"SMITH"},{"floor":13,"key":"DIG"},{"floor":15,"key":"REST"},{"floor":23,"key":"DIG"}],"neow_cost":"TEN_PERCENT_HP_LOSS","seed_source_timestamp":0,"circlet_count":0,"master_deck":["Defend_G","Defend_G","Defend_G","Defend_G","Defend_G","Strike_G","Strike_G","Strike_G","Strike_G","Survivor","Neutralize+1","Leg Sweep+1","Dagger Spray","Infinite Blades","Dagger Spray","Leg Sweep","Blade Dance","Dagger Spray","Footwork","Crippling Poison","Finisher"],"special_seed":0,"relics":["Ring of the Snake","Tough Bandages","Vajra","Shovel","Anchor","Centennial Puzzle","Art of War","Runic Pyramid","Ancient Tea Set","Snake Skull"],"potions_floor_usage":[10,16,19,19,21,25],"damage_taken":[{"damage":0.0,"enemies":"Small Slimes","floor":1.0,"turns":4.0},{"damage":3,"enemies":"Jaw Worm","floor":2,"turns":6},{"damage":0,"enemies":"2 Louse","floor":5,"turns":3},{"damage":10,"enemies":"3 Sentries","floor":10,"turns":4},{"damage":0,"enemies":"Large Slime","floor":14,"turns":4},{"damage":36,"enemies":"Slime Boss","floor":16,"turns":10},{"damage":15,"enemies":"Chosen","floor":18,"turns":7},{"damage":8,"enemies":"2 Thieves","floor":19,"turns":4},{"damage":3,"enemies":"Colosseum Slavers","floor":21,"turns":4},{"damage":13,"enemies":"Cultist and Chosen","floor":24,"turns":8},{"damage":11,"enemies":"3 Cultists","floor":25,"turns":5},{"damage":15,"enemies":"Snake Plant","floor":27,"turns":4}],"seed_played":"-1137577339593493376","potions_obtained":[{"floor":1,"key":"Swift Potion"},{"floor":5,"key":"Swift Potion"},{"floor":14,"key":"SteroidPotion"},{"floor":16,"key":"Weak Potion"},{"floor":18,"key":"Weak Potion"},{"floor":19,"key":"SkillPotion"},{"floor":24,"key":"Energy Potion"}],"is_trial":false,"path_per_floor":["M","M","?","$","M","R","$","?","T","E","$","?","R","M","R","B",null,"M","M","?","?","$","R","M","M","T","M"],"character_chosen":"THE_SILENT","items_purchased":["Infinite Blades","Anchor","Footwork","Crippling Poison"],"campfire_rested":1,"item_purchase_floors":[4,11,22,22],"current_hp_per_floor":[63,60,60,60,60,60,60,49,49,39,39,32,32,32,50,14,63,48,40,40,37,37,37,24,13,13,0],"gold":27,"neow_bonus":"ONE_RARE_RELIC","is_prod":false,"is_daily":false,"chose_seed":false,"campfire_upgraded":1,"win_rate":0,"timestamp":1552250280,"path_taken":["M","M","?","?","M","R","$","?","T","E","$","?","R","M","R","BOSS","M","M","?","?","?","R","M","M","T","?"],"build_version":"2019-01-23","purchased_purges":1,"victory":false,"max_hp_per_floor":[63,63,63,63,63,63,63,63,63,63,63,63,63,63,63,63,63,63,63,63,63,63,63,63,63,63,63],"card_choices":[{"not_picked":["Expertise","Slice"],"picked":"Leg Sweep","floor":1},{"not_picked":["Catalyst","Quick Slash"],"picked":"Dagger Spray","floor":2},{"not_picked":["Calculated Gamble","Setup"],"picked":"Dagger Spray","floor":5},{"not_picked":["Masterful Stab","Blade Dance"],"picked":"Leg Sweep","floor":10},{"not_picked":["Dagger Throw","All Out Attack"],"picked":"Blade Dance","floor":14},{"not_picked":["Underhanded Strike","Masterful Stab","Prepared"],"picked":"SKIP","floor":18},{"not_picked":["Distraction","Eviscerate"],"picked":"Dagger Spray","floor":19},{"not_picked":["Deadly Poison","Poisoned Stab"],"picked":"Finisher","floor":24},{"not_picked":["Backflip","Acrobatics","Reflex"],"picked":"SKIP","floor":25}],"player_experience":295644,"relics_obtained":[{"floor":9,"key":"Vajra"},{"floor":10,"key":"Shovel"},{"floor":13,"key":"Art of War"},{"floor":23,"key":"Ancient Tea Set"},{"floor":26,"key":"Snake Skull"}],"event_choices":[{"damage_healed":0,"gold_gain":0,"player_choice":"Grow","damage_taken":0,"max_hp_gain":0,"max_hp_loss":0,"event_name":"Living Wall","floor":3,"gold_loss":0,"cards_upgraded":["Neutralize"]},{"damage_healed":0,"gold_gain":75,"player_choice":"Gather Gold","damage_taken":11,"max_hp_gain":0,"max_hp_loss":0,"event_name":"World of Goop","floor":8,"gold_loss":0},{"damage_healed":0,"gold_gain":0,"player_choice":"Success","damage_taken":7,"relics_obtained":["Centennial Puzzle"],"max_hp_gain":0,"max_hp_loss":0,"event_name":"Scrap Ooze","floor":12,"gold_loss":0},{"damage_healed":0,"gold_gain":0,"player_choice":"Ignored","damage_taken":0,"max_hp_gain":0,"max_hp_loss":0,"event_name":"Vampires","floor":20,"gold_loss":0},{"damage_healed":0,"gold_gain":0,"player_choice":"Fight","damage_taken":0,"max_hp_gain":0,"max_hp_loss":0,"event_name":"Colosseum","floor":21,"gold_loss":0},{"damage_healed":0,"gold_gain":0,"player_choice":"Fled From Nobs","damage_taken":0,"max_hp_gain":0,"max_hp_loss":0,"event_name":"Colosseum","floor":21,"gold_loss":0}],"is_beta":false,"boss_relics":[{"not_picked":["Ectoplasm","Orrery"],"picked":"Runic Pyramid"}],"items_purged_floors":[4],"is_endless":false,"potions_floor_spawned":[1,5,14,16,18,19,24],"killed_by":"Snake Plant","ascension_level":4}