{"gold_per_floor":[111,131,8,8,26,26,26,44,123,123,135,135,135,4,4,106,106,119,134,134,134,134],"floor_reached":22,"playtime":1660,"items_purged":[],"score":176,"play_id":"7890f387-216d-46c1-9119-10426a33cd80","local_time":"20190607194325","is_ascension_mode":false,"campfire_choices":[{"floor":6,"key":"REST"},{"floor":10,"key":"REST"},{"data":"Cloak And Dagger","floor":12,"key":"SMITH"},{"data":"Neutralize","floor":15,"key":"SMITH"}],"neow_cost":"PERCENT_DAMAGE","seed_source_timestamp":1035991297999000,"circlet_count":0,"master_deck":["Defend_G","Defend_G","Defend_G","Defend_G","Strike_G","Strike_G","Strike_G","Strike_G","Strike_G","Survivor","Neutralize+1","Unload","Cloak And Dagger+1","Sucker Punch","Infinite Blades","Deadly Poison","Deflect","Cloak And Dagger","Concentrate","Infinite Blades","Backflip","Envenom","Quick Slash","Dagger Throw"],"relics":["Ring of the Snake","Paper Crane","Juzu Bracelet","Snecko Eye"],"potions_floor_usage":[19,21,22],"damage_taken":[{"damage":15,"enemies":"Small Slimes","floor":1,"turns":4},{"damage":6,"enemies":"Cultist","floor":2,"turns":4},{"damage":8,"enemies":"Jaw Worm","floor":5,"turns":3},{"damage":8,"enemies":"Blue Slaver","floor":8,"turns":4},{"damage":13,"enemies":"Lots of Slimes","floor":11,"turns":4},{"damage":24,"enemies":"Slime Boss","floor":16,"turns":14},{"damage":34,"enemies":"Spheric Guardian","floor":18,"turns":6},{"damage":0,"enemies":"3 Byrds","floor":19,"turns":3},{"damage":29,"enemies":"Colosseum Slavers","floor":20,"turns":5},{"damage":0,"enemies":"Cultist and Chosen","floor":21,"turns":1},{"damage":9,"enemies":"Snecko","floor":22,"turns":2}],"seed_played":"4435266171019445344","potions_obtained":[{"floor":2,"key":"SmokeBomb"},{"floor":5,"key":"Weak Potion"},{"floor":8,"key":"LiquidBronze"},{"floor":19,"key":"LiquidBronze"}],"is_trial":false,"path_per_floor":["M","M","$","?","M","R","$","M","T","R","M","R","T","$","R","B",null,"M","M","?","M","M"],"character_chosen":"THE_SILENT","items_purchased":["Infinite Blades","Deadly Poison","Infinite Blades","Backflip"],"campfire_rested":2,"item_purchase_floors":[3,3,14,14],"current_hp_per_floor":[34,28,28,28,20,41,41,33,33,54,41,41,41,41,41,17,70,36,36,7,7,0],"gold":134,"neow_bonus":"THREE_RARE_CARDS","is_prod":false,"is_daily":false,"chose_seed":false,"campfire_upgraded":2,"win_rate":0,"timestamp":1559961805,"path_taken":["M","M","$","?","M","R","?","M","T","R","M","R","?","$","R","BOSS","M","M","?","M","M"],"build_version":"2019-01-23","purchased_purges":0,"victory":false,"max_hp_per_floor":[70,70,70,70,70,70,70,70,70,70,70,70,70,70,70,70,70,70,70,70,70,70],"card_choices":[{"not_picked":["Doppelganger","Envenom"],"picked":"Unload","floor":0},{"not_picked":["PiercingWail","Poisoned Stab"],"picked":"Cloak And Dagger","floor":1},{"not_picked":["Backflip","Eviscerate"],"picked":"Sucker Punch","floor":2},{"not_picked":["Expertise","Deadly Poison"],"picked":"Deflect","floor":5},{"not_picked":["Setup","PiercingWail"],"picked":"Cloak And Dagger","floor":8},{"not_picked":["Deflect","Riddle With Holes"],"picked":"Concentrate","floor":11},{"not_picked":["Adrenaline","Unload"],"picked":"Envenom","floor":16},{"not_picked":["Slice+1","Infinite Blades"],"picked":"Quick Slash","floor":18},{"not_picked":["Expertise","Concentrate"],"picked":"Dagger Throw","floor":19}],"player_experience":531187,"relics_obtained":[{"floor":9,"key":"Paper Crane"},{"floor":13,"key":"Juzu Bracelet"}],"event_choices":[{"cards_removed":["Defend_G"],"damage_healed":0,"gold_gain":0,"player_choice":"Purged","damage_taken":0,"max_hp_gain":0,"max_hp_loss":0,"event_name":"Purifier","floor":4,"gold_loss":0},{"damage_healed":0,"gold_gain":0,"player_choice":"Fight","damage_taken":0,"max_hp_gain":0,"max_hp_loss":0,"event_name":"Colosseum","floor":20,"gold_loss":0},{"damage_healed":0,"gold_gain":0,"player_choice":"Fled From Nobs","damage_taken":0,"max_hp_gain":0,"max_hp_loss":0,"event_name":"Colosseum","floor":20,"gold_loss":0}],"is_beta":false,"boss_relics":[{"not_picked":["Black Star","Fusion Hammer"],"picked":"Snecko Eye"}],"items_purged_floors":[],"is_endless":false,"potions_floor_spawned":[2,5,8,19],"killed_by":"Snecko","ascension_level":0}