{"gold_per_floor":[113,113,128,53,128,158,158,173,173,173,173,207,207,227,227,227],"floor_reached":16,"playtime":322,"items_purged":[],"score":253,"play_id":"b469ee1b-8d6c-4008-9fa3-7169bf3c8d81","local_time":"20190526110938","is_ascension_mode":true,"campfire_choices":[{"floor":7,"key":"DIG"},{"floor":10,"key":"DIG"},{"data":"Dark Embrace","floor":13,"key":"SMITH"},{"floor":15,"key":"REST"}],"neow_cost":"NONE","seed_source_timestamp":489316629653200,"circlet_count":0,"master_deck":["AscendersBane","Strike_R","Strike_R","Strike_R","Strike_R","Defend_R","Defend_R","Defend_R+1","Defend_R","Bash","Headbutt","Spot Weakness","Disarm+1","Dark Embrace+1"],"relics":["Burning Blood","NeowsBlessing","Shovel","Blood Vial","Mummified Hand","Dead Branch","Gremlin Horn","Smiling Mask"],"potions_floor_usage":[12,16],"damage_taken":[{"damage":0,"enemies":"2 Louse","floor":1,"turns":1},{"damage":0,"enemies":"Small Slimes","floor":3,"turns":1},{"damage":0,"enemies":"Lagavulin","floor":6,"turns":1},{"damage":11,"enemies":"Jaw Worm","floor":8,"turns":4},{"damage":10,"enemies":"3 Sentries","floor":12,"turns":3},{"damage":36,"enemies":"Large Slime","floor":14,"turns":6},{"damage":35,"enemies":"Slime Boss","floor":16,"turns":3}],"seed_played":"-6261065462877425676","potions_obtained":[{"floor":6,"key":"Block Potion"},{"floor":12,"key":"LiquidBronze"}],"is_trial":false,"path_per_floor":["M","?","M","?","?","E","R","M","T","R","?","E","R","M","R","B"],"character_chosen":"IRONCLAD","items_purchased":[],"campfire_rested":1,"item_purchase_floors":[],"current_hp_per_floor":[74,63,69,69,58,64,64,61,61,61,38,36,36,8,30,0],"gold":227,"neow_bonus":"THREE_ENEMY_KILL","is_prod":false,"is_daily":false,"chose_seed":false,"campfire_upgraded":1,"win_rate":0,"timestamp":1558894178,"path_taken":["M","?","M","?","?","E","R","M","T","R","?","E","R","M","R","BOSS"],"build_version":"2019-01-23","purchased_purges":0,"victory":false,"max_hp_per_floor":[75,75,75,75,75,75,75,75,75,75,75,75,75,75,75,75],"card_choices":[{"not_picked":["Flex","Thunderclap"],"picked":"Headbutt","floor":1},{"not_picked":["Iron Wave","Hemokinesis"],"picked":"Spot Weakness","floor":3},{"not_picked":["Uppercut","Pommel Strike"],"picked":"Disarm","floor":6},{"not_picked":["Body Slam","Armaments","True Grit"],"picked":"SKIP","floor":8},{"not_picked":["Perfected Strike","Cleave"],"picked":"Dark Embrace","floor":12},{"not_picked":["Cleave","Entrench","Clothesline"],"picked":"SKIP","floor":14}],"player_experience":482807,"relics_obtained":[{"floor":6,"key":"Blood Vial"},{"floor":7,"key":"Mummified Hand"},{"floor":9,"key":"Dead Branch"},{"floor":10,"key":"Gremlin Horn"},{"floor":12,"key":"Smiling Mask"}],"event_choices":[{"damage_healed":0,"gold_gain":0,"player_choice":"Success","damage_taken":11,"relics_obtained":["Shovel"],"max_hp_gain":0,"max_hp_loss":0,"event_name":"Scrap Ooze","floor":2,"gold_loss":0},{"cards_removed":["Strike_R"],"damage_healed":0,"gold_gain":0,"player_choice":"Card Removal","damage_taken":0,"max_hp_gain":0,"max_hp_loss":0,"event_name":"The Cleric","floor":4,"gold_loss":75},{"damage_healed":0,"gold_gain":75,"player_choice":"Gather Gold","damage_taken":11,"max_hp_gain":0,"max_hp_loss":0,"event_name":"World of Goop","floor":5,"gold_loss":0},{"damage_healed":0,"gold_gain":0,"player_choice":"Entered Light","damage_taken":23,"max_hp_gain":0,"max_hp_loss":0,"event_name":"Shining Light","floor":11,"gold_loss":0,"cards_upgraded":["Disarm","Defend_R"]}],"is_beta":false,"boss_relics":[],"items_purged_floors":[],"is_endless":false,"potions_floor_spawned":[6,12],"killed_by":"Slime Boss","ascension_level":18}