{"gold_per_floor":[20,20,32,63,75,87,134,146,182,211,237,94,105,125,125,224,224,240,83,94,94,107,107,137,137,137,23,23,36,56,56],"floor_reached":31,"playtime":2440,"items_purged":["Regret"],"score":360,"play_id":"9f149b21-b39f-49db-8547-83c8dcf78ade","local_time":"20180913215035","is_ascension_mode":true,"campfire_choices":[{"data":"Malaise","floor":6,"key":"SMITH"},{"floor":8,"key":"REST"},{"floor":15,"key":"REST"},{"floor":23,"key":"REST"},{"floor":25,"key":"REST"},{"floor":28,"key":"REST"}],"neow_cost":"NO_GOLD","seed_source_timestamp":93844636624224,"circlet_count":0,"master_deck":["Defend_G","Defend_G","Defend_G","Defend_G","Defend_G","Strike_G","Strike_G","Strike_G","Strike_G","Strike_G","Survivor","Neutralize","Malaise+1","Poisoned Stab","PiercingWail","Leg Sweep","Catalyst","Dash","Crippling Poison","Prepared","After Image","Malaise","Bane+1","Burst","Slice+1","Backflip+1","Leg Sweep","Noxious Fumes","Dash+1","Concentrate","Bane+1"],"relics":["Ring of the Snake","MawBank","Pocketwatch","Nunchaku","Art of War","Black Star","Bottled Lightning","Molten Egg 2","Girya"],"potions_floor_usage":[7,16,24,24,29,30],"damage_taken":[{"damage":0,"enemies":"Small Slimes","floor":1,"turns":4},{"damage":10,"enemies":"Cultist","floor":4,"turns":4},{"damage":48,"enemies":"3 Sentries","floor":7,"turns":12},{"damage":13,"enemies":"Jaw Worm","floor":10,"turns":6},{"damage":5,"enemies":"2 Fungi Beasts","floor":11,"turns":4},{"damage":1,"enemies":"Gremlin Gang","floor":13,"turns":5},{"damage":1,"enemies":"Exordium Wildlife","floor":14,"turns":7},{"damage":19,"enemies":"The Guardian","floor":16,"turns":13},{"damage":0,"enemies":"Chosen","floor":18,"turns":9},{"damage":3,"enemies":"3 Byrds","floor":20,"turns":7},{"damage":12,"enemies":"Sentry and Sphere","floor":22,"turns":8},{"damage":44,"enemies":"Slavers","floor":24,"turns":9},{"damage":53,"enemies":"3 Cultists","floor":29,"turns":9},{"damage":3,"enemies":"Snake Plant","floor":30,"turns":6},{"damage":9,"enemies":"Cultist and Chosen","floor":31,"turns":4}],"seed_played":"-1525731559332801391","potions_obtained":[{"floor":4,"key":"EssenceOfSteel"},{"floor":7,"key":"PowerPotion"},{"floor":16,"key":"SpeedPotion"},{"floor":20,"key":"Block Potion"},{"floor":22,"key":"Strength Potion"},{"floor":29,"key":"Dexterity Potion"}],"is_trial":false,"path_per_floor":["M","?","?","M","?","R","E","R","T","M","M","$","M","M","R","B",null,"M","$","M","?","M","R","E","R","T","$","R","M","M"],"character_chosen":"THE_SILENT","items_purchased":["Crippling Poison","Burst","Noxious Fumes","Dash+1"],"campfire_rested":5,"item_purchase_floors":[12,19,27,27],"current_hp_per_floor":[63,56,56,46,70,70,22,43,43,30,25,25,24,23,44,25,59,59,59,56,56,44,65,21,42,42,42,63,10,7,0],"gold":56,"neow_bonus":"THREE_RARE_CARDS","is_prod":false,"is_daily":false,"chose_seed":false,"campfire_upgraded":1,"win_rate":0,"timestamp":1536889835,"path_taken":["M","?","?","M","?","R","E","R","T","?","?","?","M","M","R","BOSS","M","$","M","?","M","R","E","R","T","$","R","M","M","M"],"build_version":"2018-09-06","purchased_purges":1,"victory":false,"max_hp_per_floor":[70,70,70,70,70,70,70,70,70,70,70,70,70,70,70,70,70,70,70,70,70,70,70,70,70,70,70,70,70,70,70],"card_choices":[{"not_picked":["Doppelganger","Phantasmal Killer"],"picked":"Malaise","floor":0},{"not_picked":["Slice","Tactician"],"picked":"Poisoned Stab","floor":1},{"not_picked":["Concentrate","Acrobatics"],"picked":"PiercingWail","floor":4},{"not_picked":["Slice","Poisoned Stab"],"picked":"Leg Sweep","floor":7},{"not_picked":["Finisher","Bane"],"picked":"Catalyst","floor":10},{"not_picked":["Outmaneuver","Skewer"],"picked":"Dash","floor":11},{"not_picked":["Flying Knee","Underhanded Strike"],"picked":"Prepared","floor":13},{"not_picked":["Infinite Blades","Outmaneuver"],"picked":"After Image","floor":14},{"not_picked":["Unload","Bullet Time"],"picked":"Malaise","floor":16},{"not_picked":["Outmaneuver","Poisoned Stab"],"picked":"Bane+1","floor":18},{"not_picked":["Poisoned Stab","Expertise"],"picked":"Slice+1","floor":20},{"not_picked":["Deflect","Poisoned Stab"],"picked":"Backflip+1","floor":22},{"not_picked":["Prepared","Quick Slash"],"picked":"Leg Sweep","floor":24},{"not_picked":["Wraith Form v2","Outmaneuver+1"],"picked":"Concentrate","floor":29},{"not_picked":["Finisher+1","Outmaneuver+1"],"picked":"Bane+1","floor":30}],"player_experience":180541,"relics_obtained":[{"floor":7,"key":"Nunchaku"},{"floor":9,"key":"Art of War"},{"floor":24,"key":"Bottled Lightning"},{"floor":24,"key":"Molten Egg 2"},{"floor":26,"key":"Girya"}],"event_choices":[{"event_name":"Scrap Ooze","player_choice":"success","floor":2,"damage_taken":7},{"event_name":"Big Fish","player_choice":"Box","floor":3,"damage_taken":0},{"event_name":"Wheel of Change","player_choice":"Full Heal","floor":5,"damage_taken":0},{"event_name":"Beggar","player_choice":"Ignored","floor":21,"damage_taken":0}],"is_beta":false,"boss_relics":[{"not_picked":["Calling Bell","Snecko Eye"],"picked":"Black Star"}],"items_purged_floors":[12],"is_endless":false,"potions_floor_spawned":[4,7,16,20,22,29],"killed_by":"Cultist and Chosen","ascension_level":8}