{"gold_per_floor":[12,24,24,34,47,47,76,76,76,101,118,134,159,159,159,261,261,251,263,263,0,12,40,40,66,66,13,31,55,55,74,74,174,174,192,139,139,158,7,7,38,38,62,91,103,103,103,133,133,133,133,133,38,72,72],"floor_reached":55,"playtime":3619,"items_purged":["Strike_B"],"score":1132,"play_id":"26a595c7-9d3d-4eca-a6ae-47068e9be659","local_time":"20190610180135","is_ascension_mode":true,"campfire_choices":[{"data":"Glacier","floor":6.0,"key":"SMITH"},{"floor":15.0,"key":"REST"},{"data":"Zap","floor":24,"key":"SMITH"},{"data":"White Noise","floor":30,"key":"SMITH"},{"data":"Coolheaded","floor":32,"key":"SMITH"},{"floor":40,"key":"RECALL"},{"floor":42,"key":"REST"},{"floor":46,"key":"REST"},{"floor":49,"key":"REST"},{"floor":52,"key":"REST"}],"neow_cost":"NO_GOLD","seed_source_timestamp":0,"circlet_count":0,"master_deck":["Strike_B+1","Strike_B+1","Defend_B+1","Defend_B+1","Defend_B+1","Defend_B+1","Zap+1","Dualcast+1","Glacier+1","Beam Cell+1","Conserve Battery+1","White Noise+1","Beam Cell+1","All For One+1","Steam+1","Beam Cell+1","BootSequence+1","Steam+1","Ball Lightning+1","Beam Cell+1","Hologram+1","Seek+1","Echo Form+1","Scrape+1","Secret Weapon+1","Skim+1","Hologram+1","Defragment+1","Coolheaded+1","Chill+1","Turbo+1","Self Repair+1","White Noise+1","Hologram+1","Creative AI+1","Tempest+1","Coolheaded+1","Static Discharge+1","Storm+1","BootSequence+1","Stack+1","Stack+1","Reinforced Body+1","Forethought+1","Hologram+1"],"special_seed":0,"relics":["Cracked Core","Prayer Wheel","Gremlin Horn","Cables","Omamori","Kunai","Sozu","Mummified Hand","Toxic Egg 2","PreservedInsect","Regal Pillow","Fusion Hammer","Sundial","Pen Nib","Mark of the Bloom","DataDisk","Bag of Marbles"],"potions_floor_usage":[25,25,25],"damage_taken":[{"damage":4.0,"enemies":"Small Slimes","floor":1.0,"turns":3.0},{"damage":0.0,"enemies":"2 Louse","floor":2.0,"turns":3.0},{"damage":0.0,"enemies":"Cultist","floor":4.0,"turns":5.0},{"damage":22.0,"enemies":"Exordium Thugs","floor":5.0,"turns":7.0},{"damage":12.0,"enemies":"Gremlin Nob","floor":7.0,"turns":4.0},{"damage":12.0,"enemies":"Lagavulin","floor":10.0,"turns":4.0},{"damage":0.0,"enemies":"Red Slaver","floor":11.0,"turns":3.0},{"damage":4.0,"enemies":"3 Louse","floor":12.0,"turns":2.0},{"damage":15.0,"enemies":"Gremlin Nob","floor":13.0,"turns":4.0},{"damage":12.0,"enemies":"Hexaghost","floor":16.0,"turns":10.0},{"damage":6,"enemies":"2 Thieves","floor":18,"turns":4},{"damage":0,"enemies":"Chosen","floor":19,"turns":3},{"damage":19,"enemies":"Snake Plant","floor":22,"turns":5},{"damage":4,"enemies":"Book of Stabbing","floor":23,"turns":5},{"damage":16,"enemies":"Slavers","floor":25,"turns":4},{"damage":0,"enemies":"Centurion and Healer","floor":28,"turns":5},{"damage":1,"enemies":"Snecko","floor":31,"turns":6},{"damage":3,"enemies":"Automaton","floor":33,"turns":11},{"damage":0,"enemies":"Orb Walker","floor":35,"turns":3},{"damage":0,"enemies":"3 Shapes","floor":38,"turns":5},{"damage":0,"enemies":"Giant Head","floor":41,"turns":6},{"damage":34,"enemies":"Nemesis","floor":44,"turns":7},{"damage":0,"enemies":"Writhing Mass","floor":45,"turns":8},{"damage":1,"enemies":"Giant Head","floor":48,"turns":5},{"damage":26,"enemies":"Time Eater","floor":50,"turns":10},{"damage":52,"enemies":"Shield and Spear","floor":54,"turns":5},{"damage":49,"enemies":"The Heart","floor":55,"turns":3}],"seed_played":"5637012084428660144","potions_obtained":[{"floor":5.0,"key":"Block Potion"},{"floor":7.0,"key":"FocusPotion"},{"floor":10.0,"key":"SpeedPotion"},{"floor":12.0,"key":"Strength Potion"},{"floor":13.0,"key":"Dexterity Potion"},{"floor":16.0,"key":"FearPotion"}],"is_trial":false,"path_per_floor":["M","M","$","M","M","R","E","?","T","E","M","M","E","?","R","B",null,"M","M","?","$","M","E","R","E","T","$","M","T","R","M","R","B",null,"M","$","?","M","$","R","E","R","T","E","M","R","?","E","R","B",null,"R","$","E","B"],"character_chosen":"DEFECT","items_purchased":["Secret Weapon","Skim","Turbo+1","Coolheaded+1","Storm","Forethought+1"],"campfire_rested":5,"item_purchase_floors":[21,21,27,36,39,53],"current_hp_per_floor":[64,64,64,64,42,42,30,35,35,23,23,19,4,4,28,16,64,58,58,58,58,39,35,35,19,19,19,19,19,19,32,32,43,71,71,71,71,78,78,78,80,80,80,53,60,80,80,79,79,53,53,53,53,1,0],"gold":72,"neow_bonus":"ONE_RARE_RELIC","is_prod":false,"is_daily":false,"chose_seed":false,"campfire_upgraded":4,"win_rate":0,"timestamp":1560214895,"path_taken":["M","M","$","M","M","R","E","?","T","E","M","M","E","?","R","BOSS","M","M","?","$","M","E","R","E","T","$","?","?","R","M","R","BOSS","M","$","?","M","$","R","E","R","T","E","M","R","?","E","R","BOSS","R","$","E","BOSS"],"build_version":"2019-01-23","purchased_purges":1,"victory":false,"max_hp_per_floor":[75,75,75,75,75,75,75,80,80,80,80,80,80,80,80,80,80,80,80,80,80,80,80,80,80,80,80,80,80,80,80,80,80,80,80,80,80,80,80,80,80,80,80,80,80,80,80,80,80,80,80,80,80,80,80],"card_choices":[{"not_picked":["Coolheaded","Defragment"],"picked":"Glacier","floor":1.0},{"not_picked":["Undo","Turbo"],"picked":"Beam Cell","floor":1.0},{"not_picked":["FTL","Force Field"],"picked":"Conserve Battery","floor":2.0},{"not_picked":["Leap","Steam Power"],"picked":"White Noise","floor":2.0},{"not_picked":["Turbo","Cold Snap"],"picked":"Beam Cell","floor":4.0},{"not_picked":["Reinforced Body","Coolheaded"],"picked":"All For One","floor":4.0},{"not_picked":["Recycle","Beam Cell"],"picked":"Steam","floor":5.0},{"not_picked":["Conserve Battery","White Noise"],"picked":"Beam Cell","floor":5.0},{"not_picked":["Barrage","Steam"],"picked":"BootSequence","floor":7.0},{"not_picked":["Storm","Redo","Barrage"],"picked":"SKIP","floor":10.0},{"not_picked":["Recycle","Barrage"],"picked":"Steam","floor":11.0},{"not_picked":["Barrage","Heatsinks"],"picked":"Ball Lightning","floor":11.0},{"not_picked":["Cold Snap","Barrage"],"picked":"Beam Cell","floor":12.0},{"not_picked":["Gash","Streamline"],"picked":"Hologram","floor":12.0},{"not_picked":["Leap","Chaos"],"picked":"Seek","floor":13.0},{"not_picked":["Hyperbeam","Amplify"],"picked":"Echo Form","floor":16.0},{"not_picked":["Go for the Eyes","Glacier+1"],"picked":"Scrape","floor":18},{"not_picked":["Double Energy","Cold Snap","Streamline+1"],"picked":"SKIP","floor":18},{"not_picked":["Redo","Undo+1","Sweeping Beam+1"],"picked":"SKIP","floor":19},{"not_picked":["Force Field","Leap","Electrodynamics"],"picked":"SKIP","floor":19},{"not_picked":["Cold Snap","Aggregate"],"picked":"Hologram","floor":22},{"not_picked":["Leap","Double Energy"],"picked":"Defragment","floor":22},{"not_picked":["Undo","Double Energy+1"],"picked":"Coolheaded","floor":23},{"not_picked":["Leap+1","Sunder+1"],"picked":"Chill+1","floor":25},{"not_picked":["Heatsinks+1","Cold Snap"],"picked":"Self Repair","floor":28},{"not_picked":["Steam+1","Gash"],"picked":"White Noise+1","floor":28},{"not_picked":["Leap+1","Rebound"],"picked":"Hologram+1","floor":31},{"not_picked":["BootSequence+1","Amplify+1","Conserve Battery+1"],"picked":"SKIP","floor":31},{"not_picked":["Echo Form","Fission+1"],"picked":"Creative AI","floor":33},{"not_picked":["Self Repair","Steam+1"],"picked":"Tempest+1","floor":35},{"not_picked":["Hologram+1","Ball Lightning+1","Go for the Eyes"],"picked":"SKIP","floor":35},{"not_picked":["Storm","Doom and Gloom"],"picked":"Static Discharge+1","floor":38},{"not_picked":["Undo+1","Blizzard","Conserve Battery+1"],"picked":"SKIP","floor":38},{"not_picked":["Steam+1","Electrodynamics"],"picked":"BootSequence+1","floor":41},{"not_picked":["Streamline+1","Conserve Battery+1","Scrape"],"picked":"SKIP","floor":44},{"not_picked":["Recycle+1","Hologram+1"],"picked":"Stack+1","floor":45},{"not_picked":["Redo+1","Coolheaded+1"],"picked":"Stack+1","floor":45},{"not_picked":["Hologram+1","Sweeping Beam"],"picked":"Reinforced Body+1","floor":48},{"not_picked":["Static Discharge","Coolheaded+1"],"picked":"Hologram+1","floor":54}],"player_experience":551925,"relics_obtained":[{"floor":7.0,"key":"Gremlin Horn"},{"floor":9.0,"key":"Cables"},{"floor":10.0,"key":"Omamori"},{"floor":13.0,"key":"Kunai"},{"floor":23,"key":"Mummified Hand"},{"floor":25,"key":"Toxic Egg 2"},{"floor":26,"key":"PreservedInsect"},{"floor":29,"key":"Regal Pillow"},{"floor":41,"key":"Sundial"},{"floor":44,"key":"Pen Nib"},{"floor":48,"key":"DataDisk"},{"floor":54,"key":"Bag of Marbles"}],"event_choices":[{"damage_healed":0.0,"max_hp_gain":5.0,"max_hp_loss":0.0,"gold_gain":0.0,"event_name":"Big Fish","player_choice":"Donut","floor":8.0,"gold_loss":0.0,"damage_taken":0.0},{"damage_healed":0.0,"max_hp_gain":0.0,"max_hp_loss":0.0,"gold_gain":0.0,"event_name":"Dead Adventurer","player_choice":"Searched \u00270\u0027 times","floor":14.0,"gold_loss":0.0,"damage_taken":0.0},{"cards_removed":["Strike_B"],"damage_healed":0,"gold_gain":0,"player_choice":"Purged","damage_taken":0,"max_hp_gain":0,"max_hp_loss":0,"event_name":"Purifier","floor":20,"gold_loss":0},{"damage_healed":0,"gold_gain":0,"player_choice":"Ignored","damage_taken":0,"max_hp_gain":0,"max_hp_loss":0,"event_name":"Tomb of Lord Red Mask","floor":37,"gold_loss":0},{"damage_healed":0,"gold_gain":0,"player_choice":"Upgrade","damage_taken":0,"relics_obtained":["Mark of the Bloom"],"max_hp_gain":0,"max_hp_loss":0,"event_name":"MindBloom","floor":47,"gold_loss":0,"cards_upgraded":["Strike_B","Strike_B","Defend_B","Defend_B","Defend_B","Defend_B","Dualcast","Beam Cell","Conserve Battery","Beam Cell","All For One","Steam","Beam Cell","BootSequence","Steam","Ball Lightning","Beam Cell","Hologram","Seek","Echo Form","Scrape","Secret Weapon","Skim","Hologram","Defragment","Self Repair","Creative AI","Storm"]}],"is_beta":false,"boss_relics":[{"not_picked":["Pandora\u0027s Box","Calling Bell"],"picked":"Sozu"},{"not_picked":["Busted Crown","Lizard Tail"],"picked":"Fusion Hammer"}],"items_purged_floors":[39],"is_endless":false,"potions_floor_spawned":[5,7,10,12,13,16,18,23,25,31,41,45,48,54],"killed_by":"The Heart","ascension_level":6}