{"gold_per_floor":[110,128,139,158,176,176,204,221,221,237,237,237,263,263,263,338,338,357,357,370,387,387,387,226,226,306,306],"floor_reached":27,"playtime":1056,"items_purged":["Strike_B"],"score":450,"play_id":"58878cf1-a0d1-4f1d-ad08-11ddd0e6b4b2","local_time":"20181013092126","is_ascension_mode":true,"campfire_choices":[{"data":"Sunder","floor":6.0,"key":"SMITH"},{"data":"Dualcast","floor":11.0,"key":"SMITH"},{"data":"Loop","floor":15.0,"key":"SMITH"},{"data":"Storm","floor":23,"key":"SMITH"},{"data":"Loop","floor":25,"key":"SMITH"}],"neow_cost":"NONE","seed_source_timestamp":0,"circlet_count":0,"master_deck":["Strike_B","Strike_B","Strike_B","Defend_B","Defend_B","Defend_B","Defend_B","Zap+1","Dualcast+1","AscendersBane","Ball Lightning","Conserve Battery","Sunder+1","Cold Snap","Cold Snap","BootSequence","Loop+1","Creative AI","Storm+1","Loop+1"],"special_seed":0,"relics":["Cracked Core","Bird Faced Urn","Mummified Hand","Sundial","Omamori","Runic Dome","Meat on the Bone","Molten Egg 2"],"potions_floor_usage":[19],"damage_taken":[{"damage":1.0,"enemies":"Cultist","floor":1.0,"turns":3.0},{"damage":0.0,"enemies":"Small Slimes","floor":2.0,"turns":3.0},{"damage":5.0,"enemies":"2 Louse","floor":3.0,"turns":2.0},{"damage":6.0,"enemies":"Looter","floor":4.0,"turns":2.0},{"damage":1.0,"enemies":"2 Fungi Beasts","floor":5.0,"turns":3.0},{"damage":3.0,"enemies":"3 Sentries","floor":7.0,"turns":5.0},{"damage":5.0,"enemies":"Large Slime","floor":8.0,"turns":4.0},{"damage":15.0,"enemies":"Exordium Thugs","floor":10.0,"turns":4.0},{"damage":11.0,"enemies":"Lagavulin","floor":13.0,"turns":8.0},{"damage":4.0,"enemies":"Hexaghost","floor":16.0,"turns":8.0},{"damage":16.0,"enemies":"Chosen","floor":18.0,"turns":4.0},{"damage":18,"enemies":"Colosseum Slavers","floor":19,"turns":4},{"damage":4,"enemies":"Spheric Guardian","floor":20,"turns":3},{"damage":24,"enemies":"Cultist and Chosen","floor":21,"turns":6},{"damage":46,"enemies":"Gremlin Leader","floor":27,"turns":4}],"seed_played":"-3957812159610377323","potions_obtained":[{"floor":2.0,"key":"Energy Potion"},{"floor":8.0,"key":"LiquidBronze"},{"floor":16.0,"key":"EssenceOfSteel"}],"is_trial":false,"path_per_floor":["M","M","M","M","M","R","E","M","T","M","R","?","E","?","R","B",null,"M","?","M","M","T","R","$","R","T"],"character_chosen":"DEFECT","items_purchased":["Loop"],"campfire_rested":0,"item_purchase_floors":[24],"current_hp_per_floor":[63,63,58,52,51,51,48,43,43,28,28,17,6,11,11,9,59,49,39,39,29,29,29,29,29,29,0],"gold":306,"neow_bonus":"UPGRADE_CARD","is_prod":false,"is_daily":false,"chose_seed":false,"campfire_upgraded":5,"win_rate":0,"timestamp":1539415286,"path_taken":["M","M","?","M","M","R","E","M","T","M","R","?","E","?","R","BOSS","M","?","M","?","?","R","$","R","T","E"],"build_version":"2018-10-11","purchased_purges":1,"victory":false,"max_hp_per_floor":[71,71,71,71,71,71,71,71,71,71,71,71,71,76,76,76,76,76,76,76,76,76,76,76,76,76,76],"card_choices":[{"not_picked":["Barrage","Stack"],"picked":"Ball Lightning","floor":1.0},{"not_picked":["Cold Snap","Coolheaded"],"picked":"Conserve Battery","floor":2.0},{"not_picked":["Recycle","Heatsinks","Compile Driver"],"picked":"SKIP","floor":3.0},{"not_picked":["Compile Driver","Chill"],"picked":"Sunder","floor":4.0},{"not_picked":["Chill","Stack"],"picked":"Cold Snap","floor":5.0},{"not_picked":["Barrage","Rebound"],"picked":"Cold Snap","floor":7.0},{"not_picked":["Amplify","Barrage","Turbo"],"picked":"SKIP","floor":8.0},{"not_picked":["Beam Cell","Steam"],"picked":"BootSequence","floor":10.0},{"not_picked":["Consume","Conserve Battery"],"picked":"Loop","floor":13.0},{"not_picked":["Hyperbeam","Multi-Cast"],"picked":"Creative AI","floor":16.0},{"not_picked":["Gash","Leap"],"picked":"Storm","floor":18.0},{"not_picked":["Beam Cell","Conserve Battery","Gash+1"],"picked":"SKIP","floor":20},{"not_picked":["Fusion","Stack","Chaos"],"picked":"SKIP","floor":21}],"player_experience":1018957,"relics_obtained":[{"floor":7.0,"key":"Bird Faced Urn"},{"floor":9.0,"key":"Mummified Hand"},{"floor":13.0,"key":"Omamori"},{"floor":22,"key":"Meat on the Bone"},{"floor":26,"key":"Molten Egg 2"}],"event_choices":[{"event_name":"Scrap Ooze","player_choice":"success","floor":12.0,"damage_taken":11.0},{"event_name":"Big Fish","player_choice":"Donut","floor":14.0,"damage_taken":0.0},{"event_name":"Colosseum","player_choice":"Fight","floor":19,"damage_taken":0},{"event_name":"Colosseum","player_choice":"Fled From Nobs","floor":19,"damage_taken":0}],"is_beta":true,"boss_relics":[{"not_picked":["Fusion Hammer","Snecko Eye"],"picked":"Runic Dome"}],"items_purged_floors":[24],"is_endless":false,"potions_floor_spawned":[2,8,16],"killed_by":"Gremlin Leader","ascension_level":20}