{"gold_per_floor":[110,35,35,35,54,81,81,81,81,81,109,109,109,123,123,221,221,201,201,220,220,232,292,292,320,320,320,338,363,380,393,393,489,489,507,507,523,539,286,316,335,335,335,351,262,276,286,313,313,313],"floor_reached":51,"playtime":3072,"items_purged":["Defend_R","Bash"],"score":902,"play_id":"c5dc97b5-acbd-4163-9114-9a5f0d27aea9","local_time":"20181231004433","is_ascension_mode":false,"campfire_choices":[{"data":"Sentinel","floor":7,"key":"SMITH"},{"data":"Uppercut","floor":10,"key":"SMITH"},{"data":"Feed","floor":15,"key":"SMITH"},{"data":"Limit Break","floor":24,"key":"SMITH"},{"data":"Flex","floor":32,"key":"SMITH"},{"data":"Battle Trance","floor":42,"key":"SMITH"},{"data":"Enlightenment","floor":49,"key":"SMITH"}],"neow_cost":"NONE","seed_source_timestamp":41407220284758,"circlet_count":0,"master_deck":["Strike_R","Strike_R+1","Defend_R+1","Defend_R+1","True Grit+1","Sentinel+1","Uppercut+1","Feed+1","Limit Break+1","Battle Trance+1","Flex+1","Disarm+1","Dropkick+1","Heavy Blade+1","Reaper+1","Brutality","Enlightenment+1","Sentinel+1"],"relics":["Burning Blood","NeowsBlessing","Lantern","Omamori","Bronze Scales","Runic Pyramid","Tiny Chest","Bottled Lightning","Blue Candle","Enchiridion","Bottled Flame","Empty Cage","Bag of Preparation","FossilizedHelix","Happy Flower","Whetstone"],"potions_floor_usage":[18,31,33,50],"damage_taken":[{"damage":0,"enemies":"Jaw Worm","floor":1,"turns":1},{"damage":0,"enemies":"Small Slimes","floor":5,"turns":1},{"damage":0,"enemies":"Lagavulin","floor":6,"turns":1},{"damage":9,"enemies":"3 Sentries","floor":11,"turns":13},{"damage":0,"enemies":"Cultist","floor":14,"turns":3},{"damage":12,"enemies":"The Guardian","floor":16,"turns":16},{"damage":20,"enemies":"2 Thieves","floor":18,"turns":4},{"damage":0,"enemies":"3 Byrds","floor":20,"turns":4},{"damage":8,"enemies":"Snake Plant","floor":22,"turns":4},{"damage":19,"enemies":"Slavers","floor":23,"turns":10},{"damage":9,"enemies":"Gremlin Leader","floor":25,"turns":8},{"damage":12,"enemies":"Shelled Parasite and Fungi","floor":28,"turns":5},{"damage":1,"enemies":"Book of Stabbing","floor":29,"turns":5},{"damage":3,"enemies":"Centurion and Healer","floor":30,"turns":4},{"damage":9,"enemies":"3 Cultists","floor":31,"turns":6},{"damage":0,"enemies":"Champ","floor":33,"turns":6},{"damage":1,"enemies":"3 Shapes","floor":35,"turns":8},{"damage":7,"enemies":"Orb Walker","floor":37,"turns":2},{"damage":25,"enemies":"Jaw Worm Horde","floor":38,"turns":6},{"damage":69,"enemies":"Nemesis","floor":40,"turns":11},{"damage":3,"enemies":"Transient","floor":41,"turns":5},{"damage":10,"enemies":"Sphere and 2 Shapes","floor":44,"turns":4},{"damage":12,"enemies":"Jaw Worm Horde","floor":46,"turns":3},{"damage":8,"enemies":"4 Shapes","floor":47,"turns":5},{"damage":9,"enemies":"Giant Head","floor":48,"turns":5},{"damage":81,"enemies":"Time Eater","floor":50,"turns":10}],"seed_played":"-2610918012713887996","potions_obtained":[{"floor":5,"key":"Poison Potion"},{"floor":11,"key":"FairyPotion"},{"floor":16,"key":"Regen Potion"},{"floor":18,"key":"GamblersBrew"},{"floor":31,"key":"Strength Potion"},{"floor":33,"key":"Poison Potion"},{"floor":35,"key":"Fire Potion"},{"floor":48,"key":"Strength Potion"}],"is_trial":false,"path_per_floor":["M","$","?","?","M","E","R","?","T","R","E","$","?","M","R","B",null,"M","$","M","?","M","E","R","E","T","?","M","E","M","M","R","B",null,"M","?","M","M","$","E","M","R","T","M","$","M","M","E","R","B",null],"character_chosen":"IRONCLAD","items_purchased":["Bag of Preparation","Enlightenment"],"campfire_rested":0,"item_purchase_floors":[39,45],"current_hp_per_floor":[80,80,64,64,70,76,76,69,69,69,66,66,66,72,72,70,84,83,83,92,92,90,81,81,82,82,66,64,73,80,81,81,87,116,120,120,123,108,108,52,128,128,128,132,132,130,140,144,144,69],"gold":313,"neow_bonus":"THREE_ENEMY_KILL","is_prod":false,"is_daily":false,"chose_seed":false,"campfire_upgraded":7,"win_rate":0,"timestamp":1546245873,"path_taken":["M","$","?","?","M","E","R","?","T","R","E","$","?","M","R","BOSS","M","$","?","?","M","E","R","E","T","?","M","E","M","M","R","BOSS","M","?","M","M","$","E","M","R","T","M","$","?","M","E","R","BOSS"],"build_version":"2018-12-20","purchased_purges":2,"victory":true,"max_hp_per_floor":[80,80,80,80,80,80,80,80,80,80,80,80,80,80,80,84,84,88,88,92,92,92,96,96,100,100,100,104,108,112,116,116,116,116,120,120,124,128,128,128,128,128,128,132,132,136,140,144,144,144],"card_choices":[{"not_picked":["Anger","Power Through"],"picked":"True Grit","floor":1},{"not_picked":["Shockwave","Flame Barrier"],"picked":"Sentinel","floor":5},{"not_picked":["Ghostly Armor","Searing Blow"],"picked":"Uppercut","floor":6},{"not_picked":["Havoc","Blood for Blood","Armaments"],"picked":"SKIP","floor":11},{"not_picked":["Clothesline","Power Through"],"picked":"Feed","floor":14},{"not_picked":["Dark Embrace","Reaper"],"picked":"Limit Break","floor":16},{"not_picked":["Body Slam","Anger","Clash"],"picked":"SKIP","floor":18},{"not_picked":["True Grit+1","Blood for Blood"],"picked":"Battle Trance","floor":20},{"not_picked":["Fire Breathing","Twin Strike","Intimidate"],"picked":"SKIP","floor":22},{"not_picked":["Uppercut","Heavy Blade"],"picked":"Disarm+1","floor":23},{"not_picked":["Warcry","Dual Wield","Infernal Blade"],"picked":"SKIP","floor":25},{"not_picked":["Pommel Strike","Clothesline","Fiend Fire"],"picked":"SKIP","floor":28},{"not_picked":["Impervious","Barricade"],"picked":"Dropkick+1","floor":29},{"not_picked":["Headbutt","Metallicize"],"picked":"Heavy Blade","floor":30},{"not_picked":["Pommel Strike","Havoc","Clash"],"picked":"SKIP","floor":31},{"not_picked":["Feed","Dark Embrace"],"picked":"Reaper","floor":33},{"not_picked":["Headbutt","Wild Strike","Armaments+1"],"picked":"SKIP","floor":35},{"not_picked":["Anger+1","Thunderclap","Headbutt"],"picked":"SKIP","floor":37},{"not_picked":["Warcry","Headbutt+1","Anger"],"picked":"SKIP","floor":38},{"not_picked":["Corruption+1","Entrench","Bloodletting"],"picked":"SKIP","floor":40},{"not_picked":["Seeing Red","Twin Strike+1","Flex"],"picked":"SKIP","floor":41},{"not_picked":["Anger+1","Shrug It Off"],"picked":"Brutality","floor":44},{"not_picked":["Inflame+1","Clothesline","Wild Strike"],"picked":"SKIP","floor":46},{"not_picked":["Armaments","Cleave+1","Pommel Strike"],"picked":"SKIP","floor":47},{"not_picked":["Wild Strike","Blood for Blood+1"],"picked":"Sentinel+1","floor":48}],"player_experience":300183,"relics_obtained":[{"floor":6,"key":"Lantern"},{"floor":9,"key":"Omamori"},{"floor":11,"key":"Bronze Scales"},{"floor":23,"key":"Tiny Chest"},{"floor":25,"key":"Bottled Lightning"},{"floor":26,"key":"Blue Candle"},{"floor":27,"key":"Enchiridion"},{"floor":29,"key":"Bottled Flame"},{"floor":40,"key":"FossilizedHelix"},{"floor":43,"key":"Happy Flower"},{"floor":48,"key":"Whetstone"}],"event_choices":[{"damage_healed":0,"gold_gain":0,"player_choice":"Entered Light","damage_taken":16,"max_hp_gain":0,"max_hp_loss":0,"event_name":"Shining Light","floor":3,"gold_loss":0,"cards_upgraded":["Defend_R","Defend_R"]},{"damage_healed":0,"gold_gain":0,"player_choice":"Grow","damage_taken":0,"max_hp_gain":0,"max_hp_loss":0,"event_name":"Living Wall","floor":4,"gold_loss":0,"cards_upgraded":["True Grit"]},{"cards_removed":["Strike_R"],"damage_healed":0,"gold_gain":0,"player_choice":"Card Removal","damage_taken":7,"max_hp_gain":0,"max_hp_loss":0,"event_name":"Golden Wing","floor":8,"gold_loss":0},{"cards_removed":["Strike_R"],"damage_healed":0,"gold_gain":0,"player_choice":"Offered Basic","damage_taken":0,"max_hp_gain":0,"max_hp_loss":0,"event_name":"Bonfire Elementals","floor":13,"gold_loss":0},{"damage_healed":0,"gold_gain":0,"player_choice":"Read","damage_taken":0,"max_hp_gain":0,"max_hp_loss":0,"event_name":"The Library","floor":21,"gold_loss":0,"cards_obtained":["Flex"]},{"damage_healed":0,"gold_gain":0,"player_choice":"Obtained Book","damage_taken":16,"max_hp_gain":0,"max_hp_loss":0,"event_name":"Cursed Tome","floor":27,"gold_loss":0},{"damage_healed":0,"gold_gain":0,"player_choice":"Upgraded","damage_taken":0,"max_hp_gain":0,"max_hp_loss":0,"event_name":"Upgrade Shrine","floor":36,"gold_loss":0,"cards_upgraded":["Heavy Blade"]}],"is_beta":false,"boss_relics":[{"not_picked":["Black Star","Astrolabe"],"picked":"Runic Pyramid"},{"not_picked":["Coffee Dripper","Philosopher\u0027s Stone"],"picked":"Empty Cage"}],"items_purged_floors":[2,39],"is_endless":false,"potions_floor_spawned":[5,11,16,18,22,28,31,33,35,41,46,48],"ascension_level":0}