{"gold_per_floor":[119,119,119,119,119,119,138,138,138,20,33,97,121,147,147,277,277,277,277,277,277,277,277,277,277,277,277,277,26,26,26,26,26,26,26,26,26,26,0,0,0,0,0,0,0,0,0,0,0,0],"floor_reached":51,"playtime":4824,"items_purged":["Shame"],"score":722,"play_id":"15692e6f-6f77-4a67-88a9-b6a13391fc61","local_time":"20180829200546","is_ascension_mode":false,"campfire_choices":[{"floor":6,"key":"REST"},{"data":"Barricade","floor":15,"key":"SMITH"},{"floor":28,"key":"REST"},{"floor":30,"key":"REST"},{"floor":32,"key":"REST"},{"data":"Demon Form","floor":42,"key":"SMITH"},{"data":"Whirlwind","floor":47,"key":"SMITH"},{"floor":49,"key":"REST"}],"neow_cost":"CURSE","seed_source_timestamp":1258350048999741,"circlet_count":0,"master_deck":["Strike_R","Strike_R","Strike_R","Strike_R","Defend_R","Defend_R","Defend_R","Defend_R","Bash","Double Tap","Whirlwind+1","Impervious","Body Slam","Inflame","Flex+1","Armaments+1","Barricade+1","Body Slam","Demon Form+1","Entrench+1","Whirlwind+1","Power Through+1","Ghostly Armor+1","Body Slam","Burning Pact+1","Perfected Strike+1","Spot Weakness+1","Bandage Up+1","Inflame+1","Second Wind+1","Clothesline+1","Intimidate+1","Dark Embrace+1","Cleave+1","Armaments+1","Anger+1","Shrug It Off+1","Intimidate+1","Anger+1","Seeing Red+1","Shrug It Off+1"],"relics":["Burning Blood","Nunchaku","Toxic Egg 2","Tiny Chest","Dream Catcher","Ectoplasm","Thread and Needle","Frozen Egg 2","Anchor","MawBank","The Courier","Centennial Puzzle","Black Star","Calipers","Red Mask","Gambling Chip","Du-Vu Doll","Ornamental Fan"],"potions_floor_usage":[20,21,33,40,44,46,50],"damage_taken":[{"damage":7,"enemies":"Small Slimes","floor":1,"turns":4},{"damage":0,"enemies":"2 Louse","floor":7,"turns":1},{"damage":6,"enemies":"Cultist","floor":11,"turns":3},{"damage":23,"enemies":"Lagavulin","floor":12,"turns":7},{"damage":4,"enemies":"Exordium Wildlife","floor":13,"turns":3},{"damage":28,"enemies":"Hexaghost","floor":16,"turns":10},{"damage":20,"enemies":"3 Byrds","floor":18,"turns":6},{"damage":15,"enemies":"Spheric Guardian","floor":19,"turns":6},{"damage":2,"enemies":"Colosseum Slavers","floor":20,"turns":4},{"damage":28,"enemies":"Colosseum Nobs","floor":20,"turns":5},{"damage":4,"enemies":"Snecko","floor":21,"turns":5},{"damage":31,"enemies":"Slavers","floor":23,"turns":7},{"damage":17,"enemies":"Shelled Parasite and Fungi","floor":25,"turns":5},{"damage":0,"enemies":"Cultist and Chosen","floor":27,"turns":3},{"damage":14,"enemies":"Centurion and Healer","floor":31,"turns":5},{"damage":73,"enemies":"Automaton","floor":33,"turns":10},{"damage":0,"enemies":"3 Shapes","floor":35,"turns":4},{"damage":23,"enemies":"Orb Walker","floor":36,"turns":4},{"damage":0,"enemies":"Mind Bloom Boss Battle","floor":38,"turns":7},{"damage":7,"enemies":"2 Orb Walkers","floor":40,"turns":5},{"damage":2,"enemies":"Transient","floor":44,"turns":5},{"damage":8,"enemies":"3 Darklings","floor":45,"turns":5},{"damage":22,"enemies":"Flame Bruiser 2 Orb","floor":46,"turns":8},{"damage":12,"enemies":"4 Shapes","floor":48,"turns":5},{"damage":42,"enemies":"Awakened One","floor":50,"turns":9}],"seed_played":"-771860963696814892","potions_obtained":[{"floor":1,"key":"AttackPotion"},{"floor":18,"key":"Energy Potion"},{"floor":20,"key":"Regen Potion"},{"floor":27,"key":"Explosive Potion"},{"floor":36,"key":"FearPotion"},{"floor":38,"key":"Poison Potion"},{"floor":45,"key":"SkillPotion"},{"floor":48,"key":"Energy Potion"}],"is_trial":false,"path_per_floor":["M","?","?","?","?","R","M","?","T","$","M","E","M","T","R","B",null,"M","M","?","M","?","E","T","M","T","M","R","$","R","M","R","B",null,"M","M","?","?","?","E","?","R","T","M","M","M","R","M","R","B"],"character_chosen":"IRONCLAD","items_purchased":["Inflame","Flex+1","Spot Weakness+1","Bandage Up+1","Inflame+1"],"campfire_rested":5,"item_purchase_floors":[10,10,29,29,29],"current_hp_per_floor":[79,59,59,59,52,75,77,77,77,77,77,60,62,62,62,40,77,63,54,36,50,50,25,25,14,14,20,43,43,66,64,77,16,77,77,60,60,72,72,77,77,77,77,77,75,65,65,59,77,47],"gold":0,"neow_bonus":"THREE_RARE_CARDS","is_prod":false,"is_daily":false,"chose_seed":false,"campfire_upgraded":3,"win_rate":0.0,"timestamp":1535587546,"path_taken":["M","?","?","?","?","R","M","?","T","?","M","E","M","?","R","BOSS","M","M","?","M","?","E","?","M","T","M","R","$","R","M","R","BOSS","M","M","?","?","?","E","?","R","T","M","M","M","R","?","R","BOSS"],"build_version":"2018-08-23v2","purchased_purges":1,"victory":true,"max_hp_per_floor":[80,80,80,80,77,77,77,77,77,77,77,77,77,77,77,77,77,77,77,77,77,77,77,77,77,77,77,77,77,77,77,77,77,77,77,77,77,77,77,77,77,77,77,77,77,77,77,77,77,77],"card_choices":[{"not_picked":["Impervious","Juggernaut"],"picked":"Double Tap","floor":0},{"not_picked":["Armaments","Flex"],"picked":"Whirlwind","floor":1},{"not_picked":["Armaments","Clothesline"],"picked":"Body Slam","floor":7},{"not_picked":["Spot Weakness+1","Brutality"],"picked":"Armaments+1","floor":11},{"not_picked":["Twin Strike","Second Wind+1"],"picked":"Barricade","floor":12},{"not_picked":["Pommel Strike","Reckless Charge"],"picked":"Body Slam","floor":13},{"not_picked":["Berserk","Brutality"],"picked":"Demon Form","floor":16},{"not_picked":["Combust","Anger"],"picked":"Entrench+1","floor":18},{"not_picked":["Anger","Clothesline+1"],"picked":"Whirlwind","floor":19},{"not_picked":["Clash","Uppercut"],"picked":"Power Through+1","floor":20},{"not_picked":["Hemokinesis","Twin Strike"],"picked":"Ghostly Armor+1","floor":21},{"not_picked":["Barricade+1","Fire Breathing+1"],"picked":"Body Slam","floor":23},{"not_picked":["Pommel Strike","Headbutt","Armaments+1"],"picked":"SKIP","floor":25},{"not_picked":["Perfected Strike","Rampage"],"picked":"Burning Pact+1","floor":27},{"not_picked":["Clash","Corruption+1"],"picked":"Perfected Strike+1","floor":28},{"not_picked":["Clothesline+1","Iron Wave"],"picked":"Second Wind+1","floor":30},{"not_picked":["Sever Soul","Reckless Charge"],"picked":"Clothesline+1","floor":31},{"not_picked":["Spot Weakness+1","Flame Barrier+1"],"picked":"Intimidate+1","floor":32},{"not_picked":["Bludgeon","Fiend Fire"],"picked":"Dark Embrace+1","floor":33},{"not_picked":["Anger+1","Inflame+1"],"picked":"Cleave+1","floor":35},{"not_picked":["Perfected Strike","Cleave+1"],"picked":"Heavy Blade","floor":36},{"not_picked":["Headbutt+1","Clothesline+1"],"picked":"Armaments+1","floor":38},{"not_picked":["Burning Pact+1","Sever Soul"],"picked":"Anger+1","floor":40},{"not_picked":["Armaments+1","Thunderclap+1"],"picked":"Shrug It Off+1","floor":44},{"not_picked":["Pommel Strike","Body Slam"],"picked":"Intimidate+1","floor":45},{"not_picked":["Shrug It Off+1","Iron Wave"],"picked":"Anger+1","floor":46},{"not_picked":["Dropkick+1","Body Slam"],"picked":"Seeing Red+1","floor":48},{"not_picked":["Second Wind+1","Body Slam"],"picked":"Shrug It Off+1","floor":49}],"player_experience":104859,"relics_obtained":[{"floor":9,"key":"Toxic Egg 2"},{"floor":12,"key":"Tiny Chest"},{"floor":14,"key":"Dream Catcher"},{"floor":20,"key":"Thread and Needle"},{"floor":20,"key":"Frozen Egg 2"},{"floor":23,"key":"MawBank"},{"floor":24,"key":"The Courier"},{"floor":26,"key":"Centennial Puzzle"},{"floor":38,"key":"Calipers"},{"floor":40,"key":"Gambling Chip"},{"floor":40,"key":"Du-Vu Doll"},{"floor":43,"key":"Ornamental Fan"}],"event_choices":[{"event_name":"Golden Idol","player_choice":"Take Damage","floor":2,"damage_taken":0},{"event_name":"WeMeetAgain","player_choice":"Potion","floor":3,"damage_taken":0},{"event_name":"Transmorgrifier","player_choice":"Transform","floor":4,"damage_taken":0},{"event_name":"Golden Wing","player_choice":"Card Removal","floor":5,"damage_taken":0},{"event_name":"Living Wall","player_choice":"Grow","floor":8,"damage_taken":0},{"event_name":"Colosseum","player_choice":"Fight","floor":20,"damage_taken":0},{"event_name":"Colosseum","player_choice":"Fought Nobs","floor":20,"damage_taken":0},{"event_name":"Addict","player_choice":"Stole Relic","floor":22,"damage_taken":0},{"event_name":"The Moai Head","player_choice":"Gave Idol","floor":37,"damage_taken":0},{"event_name":"MindBloom","player_choice":"Fight","floor":38,"damage_taken":0},{"event_name":"Tomb of Lord Red Mask","player_choice":"Paid","floor":39,"damage_taken":0},{"event_name":"Falling","player_choice":"Removed Attack","floor":41,"damage_taken":0}],"is_beta":false,"boss_relics":[{"not_picked":["Calling Bell","Fusion Hammer"],"picked":"Ectoplasm"},{"not_picked":["Runic Cube","Snecko Eye"],"picked":"Black Star"}],"items_purged_floors":[29],"is_endless":false,"potions_floor_spawned":[1,18,20,20,27,36,38,45,48],"ascension_level":0}