{"gold_per_floor":[119,119,129,147,159,159,186,186,254,281,281,291,291,318,318,395,395,405,422,434,102,121,121,136,147,173,235,66,101,101,115,115,188,188,203,257,104,104,122,148,164,174,174,192,192,212,225,100,100,100,100],"floor_reached":52,"playtime":2705,"items_purged":["Pain","Writhe","Injury"],"score":2106,"play_id":"a352b33b-99ad-4131-ab18-0d2d04225f94","local_time":"20180830140513","is_ascension_mode":true,"campfire_choices":[{"data":"Hyperbeam","floor":6.0,"key":"SMITH"},{"data":"Skim","floor":8.0,"key":"SMITH"},{"data":"Go for the Eyes","floor":13.0,"key":"SMITH"},{"data":"Buffer","floor":15.0,"key":"SMITH"},{"data":"Hello World","floor":23.0,"key":"SMITH"},{"data":"Hologram","floor":30.0,"key":"SMITH"},{"data":"Turbo","floor":32.0,"key":"SMITH"},{"data":"Beam Cell","floor":45.0,"key":"SMITH"},{"data":"Hyperbeam","floor":49.0,"key":"SMITH"}],"neow_cost":"TEN_PERCENT_HP_LOSS","seed_source_timestamp":0,"circlet_count":0,"master_deck":["Strike_B","Strike_B","Strike_B","Defend_B+1","Defend_B","Defend_B+1","Defend_B","Zap","Dualcast","AscendersBane","Hyperbeam+1","Skim+1","FTL","Gash","Go for the Eyes+1","Go for the Eyes","Buffer+1","All For One","Gash","Gash","Turbo+1","Turbo","Hello World+1","Hologram+1","Echo Form","Hyperbeam+1","Gash+1","Beam Cell+1","Finesse","Gash"],"special_seed":0,"relics":["Cracked Core","Thread and Needle","Bottled Lightning","Blood Vial","Lantern","Darkstone Periapt","Calling Bell","War Paint","Mercury Hourglass","Bird Faced Urn","Toolbox","MawBank","Vajra","Bag of Marbles","Cursed Key","Calipers","Emotion Chip"],"potions_floor_usage":[],"damage_taken":[{"damage":0.0,"enemies":"2 Louse","floor":1.0,"turns":1.0},{"damage":0.0,"enemies":"Cultist","floor":3.0,"turns":3.0},{"damage":0.0,"enemies":"Small Slimes","floor":4.0,"turns":1.0},{"damage":7.0,"enemies":"Looter","floor":5.0,"turns":3.0},{"damage":0.0,"enemies":"3 Sentries","floor":7.0,"turns":2.0},{"damage":2.0,"enemies":"Gremlin Nob","floor":10.0,"turns":3.0},{"damage":0.0,"enemies":"Exordium Wildlife","floor":12.0,"turns":2.0},{"damage":0.0,"enemies":"Lagavulin","floor":14.0,"turns":3.0},{"damage":24.0,"enemies":"Slime Boss","floor":16.0,"turns":7.0},{"damage":3.0,"enemies":"Chosen","floor":18.0,"turns":5.0},{"damage":14.0,"enemies":"Shell Parasite","floor":19.0,"turns":3.0},{"damage":8.0,"enemies":"Sentry and Sphere","floor":20.0,"turns":3.0},{"damage":0.0,"enemies":"3 Cultists","floor":22.0,"turns":3.0},{"damage":3.0,"enemies":"Snecko","floor":24.0,"turns":4.0},{"damage":14.0,"enemies":"Centurion and Healer","floor":25.0,"turns":4.0},{"damage":0.0,"enemies":"Book of Stabbing","floor":29.0,"turns":4.0},{"damage":0.0,"enemies":"Snake Plant","floor":31.0,"turns":3.0},{"damage":14.0,"enemies":"Champ","floor":33.0,"turns":7.0},{"damage":0.0,"enemies":"Flame Bruiser 1 Orb","floor":35.0,"turns":1.0},{"damage":13.0,"enemies":"Mysterious Sphere","floor":36.0,"turns":2.0},{"damage":0.0,"enemies":"Orb Walker","floor":39.0,"turns":1.0},{"damage":0.0,"enemies":"Giant Head","floor":40.0,"turns":4.0},{"damage":5.0,"enemies":"Transient","floor":41.0,"turns":6.0},{"damage":0.0,"enemies":"Sphere and 2 Shapes","floor":42.0,"turns":3.0},{"damage":0.0,"enemies":"Jaw Worm Horde","floor":44.0,"turns":4.0},{"damage":0.0,"enemies":"Flame Bruiser 2 Orb","floor":46.0,"turns":2.0},{"damage":5.0,"enemies":"3 Darklings","floor":47.0,"turns":4.0},{"damage":25.0,"enemies":"Awakened One","floor":50.0,"turns":6.0},{"damage":58,"enemies":"Time Eater","floor":51,"turns":10}],"seed_played":"-1070684992056064979","potions_obtained":[{"floor":3.0,"key":"AttackPotion"},{"floor":5.0,"key":"PowerPotion"},{"floor":20.0,"key":"Poison Potion"},{"floor":24.0,"key":"Dexterity Potion"},{"floor":29.0,"key":"SteroidPotion"}],"is_trial":false,"path_per_floor":["M","?","M","M","M","R","E","R","T","E","?","M","R","E","R","B",null,"M","M","M","$","M","R","M","M","T","?","$","E","R","M","R","B",null,"M","?","$","?","M","E","M","M","T","M","R","M","M","$","R","B","B"],"character_chosen":"DEFECT","items_purchased":["Toolbox","Turbo","Vajra","Beam Cell"],"campfire_rested":0,"item_purchase_floors":[21,21,28,37],"current_hp_per_floor":[64,57,57,57,50,50,50,50,50,48,22,24,24,26,26,4,67,68,56,50,50,54,54,61,53,53,53,53,59,59,65,65,61,77,79,70,70,65,67,75,80,82,82,82,82,82,79,79,79,63,15],"gold":100,"neow_bonus":"THREE_RARE_CARDS","is_prod":false,"is_daily":false,"chose_seed":false,"campfire_upgraded":9,"win_rate":0,"timestamp":1535630713,"path_taken":["M","?","M","M","M","R","E","R","T","E","?","M","R","E","R","BOSS","M","?","M","$","M","R","M","M","T","?","$","E","R","M","R","BOSS","M","?","$","?","?","E","M","?","T","M","R","M","M","$","R","BOSS","BOSS"],"build_version":"2018-08-29","purchased_purges":3,"victory":true,"max_hp_per_floor":[64,64,64,64,64,64,64,64,64,64,64,64,64,64,64,64,82,82,82,82,82,82,82,82,82,82,82,82,82,82,82,82,82,82,82,82,82,82,82,82,82,82,82,82,82,82,82,82,82,82,82],"card_choices":[{"not_picked":["Multi-Cast","Thunder Strike"],"picked":"Hyperbeam","floor":0.0},{"not_picked":["Turbo","Cold Snap"],"picked":"Skim","floor":1.0},{"not_picked":["Doom and Gloom","Sweeping Beam","Rebound"],"picked":"SKIP","floor":3.0},{"not_picked":["Force Field","Sweeping Beam"],"picked":"FTL","floor":4.0},{"not_picked":["Go for the Eyes","Coolheaded"],"picked":"Gash","floor":5.0},{"not_picked":["Darkness","Amplify","Barrage"],"picked":"SKIP","floor":7.0},{"not_picked":["Ball Lightning","Steam"],"picked":"Go for the Eyes","floor":10.0},{"not_picked":["Streamline","Sweeping Beam"],"picked":"Go for the Eyes","floor":12.0},{"not_picked":["Turbo","Defragment"],"picked":"Buffer","floor":14.0},{"not_picked":["Buffer","Reboot"],"picked":"All For One","floor":16.0},{"not_picked":["Leap","Steam"],"picked":"Gash","floor":18.0},{"not_picked":["Blizzard","Stack"],"picked":"Gash","floor":19.0},{"not_picked":["Streamline","Barrage+1"],"picked":"Turbo","floor":20.0},{"not_picked":["Amplify","Go for the Eyes"],"picked":"Hello World","floor":22.0},{"not_picked":["Conserve Battery","Rebound"],"picked":"Hologram","floor":24.0},{"not_picked":["Chaos","Hello World","Stack"],"picked":"SKIP","floor":25.0},{"not_picked":["Sweeping Beam+1","Hologram"],"picked":"Echo Form","floor":29.0},{"not_picked":["Coolheaded","Aggregate","Steam+1"],"picked":"SKIP","floor":31.0},{"not_picked":["Rainbow","Thunder Strike"],"picked":"Hyperbeam","floor":33.0},{"not_picked":["Ball Lightning","Streamline"],"picked":"Gash+1","floor":35.0},{"not_picked":["Mind Blast","Mayhem"],"picked":"Finesse","floor":38.0},{"not_picked":["Turbo","Barrage"],"picked":"Gash","floor":39.0},{"not_picked":["Ball Lightning","Doom and Gloom","Multi-Cast"],"picked":"SKIP","floor":40.0},{"not_picked":["Stack","Genetic Algorithm","Turbo"],"picked":"SKIP","floor":41.0},{"not_picked":["Sweeping Beam+1","Self Repair","Recycle+1"],"picked":"SKIP","floor":42.0},{"not_picked":["Glacier","Stack+1","Coolheaded"],"picked":"SKIP","floor":44.0},{"not_picked":["Recycle","Sweeping Beam","Turbo"],"picked":"SKIP","floor":46.0},{"not_picked":["Blizzard+1","Sweeping Beam","Double Energy"],"picked":"SKIP","floor":47.0}],"player_experience":942324,"relics_obtained":[{"floor":7.0,"key":"Thread and Needle"},{"floor":9.0,"key":"Bottled Lightning"},{"floor":10.0,"key":"Blood Vial"},{"floor":14.0,"key":"Darkstone Periapt"},{"floor":17.0,"key":"War Paint"},{"floor":17.0,"key":"Mercury Hourglass"},{"floor":17.0,"key":"Bird Faced Urn"},{"floor":26.0,"key":"MawBank"},{"floor":29.0,"key":"Bag of Marbles"},{"floor":36.0,"key":"Calipers"},{"floor":40.0,"key":"Emotion Chip"}],"event_choices":[{"event_name":"Golden Wing","player_choice":"Card Removal","floor":2.0,"damage_taken":0.0},{"event_name":"Scrap Ooze","player_choice":"success","floor":11.0,"damage_taken":26.0},{"event_name":"Nest","player_choice":"Stole From Cult","floor":27.0,"damage_taken":0.0},{"event_name":"Mysterious Sphere","player_choice":"Fight","floor":36.0,"damage_taken":0.0},{"event_name":"SensoryStone","player_choice":"Memory 2","floor":38.0,"damage_taken":0.0}],"is_beta":true,"boss_relics":[{"not_picked":["Inserter","Velvet Choker"],"picked":"Calling Bell"},{"not_picked":["Black Star","Nuclear Battery"],"picked":"Cursed Key"}],"items_purged_floors":[21,37,48],"is_endless":false,"potions_floor_spawned":[3,5,7,12,20,24,29,31,39,41,44,46],"ascension_level":20}