{"gold_per_floor":[111,129,129,143,163,163,189,189,189,189,218,218,218],"floor_reached":13,"playtime":456,"items_purged":[],"score":172,"play_id":"ef4126f7-e6f2-4caf-ad67-19c501df2976","local_time":"20190508030141","is_ascension_mode":true,"campfire_choices":[{"data":"Armaments","floor":6,"key":"SMITH"},{"data":"Perfected Strike","floor":10,"key":"SMITH"},{"data":"Bash","floor":12,"key":"SMITH"}],"neow_cost":"NONE","seed_source_timestamp":337420510168600,"circlet_count":0,"master_deck":["AscendersBane","Strike_R","Strike_R","Strike_R","Strike_R","Strike_R","Defend_R","Defend_R","Defend_R","Defend_R","Bash+1","Cleave","Perfected Strike+1","Armaments+1","Feel No Pain","Flame Barrier+1"],"relics":["Burning Blood","Blood Vial","Bird Faced Urn","Shuriken","Kunai"],"potions_floor_usage":[7,11],"damage_taken":[{"damage":9,"enemies":"Jaw Worm","floor":1,"turns":4},{"damage":5,"enemies":"2 Louse","floor":2,"turns":2},{"damage":0,"enemies":"Cultist","floor":4,"turns":2},{"damage":23,"enemies":"Lots of Slimes","floor":5,"turns":4},{"damage":40,"enemies":"Lagavulin","floor":7,"turns":6},{"damage":17,"enemies":"3 Sentries","floor":11,"turns":8},{"damage":50,"enemies":"Lagavulin","floor":13,"turns":7}],"seed_played":"7641063113607919041","potions_obtained":[{"floor":5,"key":"AttackPotion"},{"floor":7,"key":"Regen Potion"}],"is_trial":false,"path_per_floor":["M","M","?","M","M","R","E","?","T","R","E","R","E"],"character_chosen":"IRONCLAD","items_purchased":[],"campfire_rested":0,"item_purchase_floors":[],"current_hp_per_floor":[67,70,70,75,58,58,26,26,26,26,34,34,0],"gold":218,"neow_bonus":"RANDOM_COMMON_RELIC","is_prod":false,"is_daily":false,"chose_seed":false,"campfire_upgraded":3,"win_rate":0,"timestamp":1557298901,"path_taken":["M","M","?","M","M","R","E","?","T","R","E","R","E"],"build_version":"2019-01-23","purchased_purges":0,"victory":false,"max_hp_per_floor":[75,75,75,75,75,75,75,75,75,75,75,75,75],"card_choices":[{"not_picked":["Clash","Sentinel"],"picked":"Cleave","floor":1},{"not_picked":["Sentinel","True Grit"],"picked":"Perfected Strike","floor":2},{"not_picked":["Sword Boomerang","Burning Pact"],"picked":"Armaments","floor":4},{"not_picked":["Sword Boomerang","Warcry"],"picked":"Feel No Pain","floor":5},{"not_picked":["Flex","Dropkick"],"picked":"Flame Barrier","floor":7},{"not_picked":["Headbutt","Whirlwind","Carnage"],"picked":"SKIP","floor":11}],"player_experience":430180,"relics_obtained":[{"floor":7,"key":"Bird Faced Urn"},{"floor":9,"key":"Shuriken"},{"floor":11,"key":"Kunai"}],"event_choices":[{"damage_healed":0,"gold_gain":0,"player_choice":"Ignored","damage_taken":0,"max_hp_gain":0,"max_hp_loss":0,"event_name":"Liars Game","floor":3,"gold_loss":0},{"damage_healed":0,"gold_gain":0,"player_choice":"Upgraded","damage_taken":0,"max_hp_gain":0,"max_hp_loss":0,"event_name":"Upgrade Shrine","floor":8,"gold_loss":0,"cards_upgraded":["Flame Barrier"]}],"is_beta":false,"boss_relics":[],"items_purged_floors":[],"is_endless":false,"potions_floor_spawned":[5,7],"killed_by":"Lagavulin","ascension_level":17}