{"gold_per_floor":[109,124,124,144,159,159,194,194,221,277,288,288,6,31,31,102,102,116,146,146,163,263,263,263,289,336,336,336,251,264,291,291,370,370,384,401,401,401,401,401,429,446,446,465,465,477,348,377,377,377,377,377,377,27,58,58],"floor_reached":57,"playtime":4992,"items_purged":["Sweeping Beam+1"],"score":2887,"play_id":"bea7d8bd-98cf-4780-b622-43aee46c76fa","local_time":"20190305154011","is_ascension_mode":true,"campfire_choices":[{"data":"Zap","floor":6.0,"key":"SMITH"},{"floor":8.0,"key":"REST"},{"data":"Go for the Eyes","floor":12.0,"key":"SMITH"},{"floor":15.0,"key":"REST"},{"data":"Fission","floor":23.0,"key":"SMITH"},{"data":"Conserve Battery","floor":27.0,"key":"SMITH"},{"floor":32.0,"key":"RECALL"},{"data":"Fission","floor":45.0,"key":"SMITH"},{"data":"Madness","floor":49.0,"key":"SMITH"},{"data":"Hyperbeam+1","floor":53.0,"key":"PURGE"}],"neow_cost":"NONE","seed_source_timestamp":0,"circlet_count":0,"master_deck":["AscendersBane","Defend_B+1","Defend_B","Zap+1","All For One","Conserve Battery","Conserve Battery+1","Cold Snap","Compile Driver","Turbo+1","Go for the Eyes+1","Go for the Eyes+1","Fission+1","Capacitor+1","Defragment+1","Conserve Battery","Beam Cell+1","Sunder+1","Gash+1","Tempest","Glacier","BootSequence","Fission+1","Hologram+1","Compile Driver+1","Good Instincts","Madness","Bandage Up","Madness","Madness+1","Coolheaded+1","Glacier"],"special_seed":0,"relics":["Cracked Core","War Paint","Bag of Preparation","Pen Nib","Molten Egg 2","Lantern","Astrolabe","Red Mask","Mango","The Courier","DataDisk","Question Card","Ancient Tea Set","Coffee Dripper","Torii","Bottled Flame","Peace Pipe","Pantograph","Ornamental Fan","Bronze Scales","Oddly Smooth Stone"],"potions_floor_usage":[56],"damage_taken":[{"damage":11.0,"enemies":"Small Slimes","floor":1.0,"turns":3.0},{"damage":8.0,"enemies":"2 Louse","floor":2.0,"turns":3.0},{"damage":0.0,"enemies":"Jaw Worm","floor":4.0,"turns":3.0},{"damage":17.0,"enemies":"3 Louse","floor":5.0,"turns":3.0},{"damage":17.0,"enemies":"Gremlin Nob","floor":7.0,"turns":4.0},{"damage":8.0,"enemies":"Gremlin Nob","floor":10.0,"turns":3.0},{"damage":0.0,"enemies":"Large Slime","floor":11.0,"turns":6.0},{"damage":14.0,"enemies":"3 Sentries","floor":14.0,"turns":7.0},{"damage":14.0,"enemies":"Hexaghost","floor":16.0,"turns":9.0},{"damage":4.0,"enemies":"Shell Parasite","floor":18.0,"turns":10.0},{"damage":0.0,"enemies":"Masked Bandits","floor":19.0,"turns":1.0},{"damage":0.0,"enemies":"3 Byrds","floor":21.0,"turns":1.0},{"damage":5.0,"enemies":"Colosseum Slavers","floor":22.0,"turns":4.0},{"damage":0.0,"enemies":"Colosseum Nobs","floor":22.0,"turns":2.0},{"damage":0.0,"enemies":"Book of Stabbing","floor":25.0,"turns":2.0},{"damage":0.0,"enemies":"Snake Plant","floor":30.0,"turns":2.0},{"damage":0.0,"enemies":"Slavers","floor":31.0,"turns":1.0},{"damage":29.0,"enemies":"Collector","floor":33.0,"turns":4.0},{"damage":5.0,"enemies":"3 Shapes","floor":35.0,"turns":3.0},{"damage":0.0,"enemies":"Orb Walker","floor":36.0,"turns":4.0},{"damage":0.0,"enemies":"Giant Head","floor":41.0,"turns":5.0},{"damage":7.0,"enemies":"Writhing Mass","floor":42.0,"turns":3.0},{"damage":0.0,"enemies":"3 Darklings","floor":44.0,"turns":2.0},{"damage":1.0,"enemies":"Sphere and 2 Shapes","floor":46.0,"turns":5.0},{"damage":14.0,"enemies":"Nemesis","floor":48.0,"turns":9.0},{"damage":12.0,"enemies":"Time Eater","floor":50.0,"turns":16.0},{"damage":3.0,"enemies":"Awakened One","floor":51.0,"turns":12.0},{"damage":1.0,"enemies":"Shield and Spear","floor":55.0,"turns":2.0},{"damage":53,"enemies":"The Heart","floor":56,"turns":9}],"seed_played":"8065061981505401407","potions_obtained":[{"floor":4.0,"key":"FocusPotion"},{"floor":5.0,"key":"Dexterity Potion"},{"floor":7.0,"key":"FocusPotion"},{"floor":21.0,"key":"AttackPotion"},{"floor":22.0,"key":"Fire Potion"},{"floor":25.0,"key":"FearPotion"},{"floor":33.0,"key":"Dexterity Potion"},{"floor":35.0,"key":"Fruit Juice"},{"floor":41.0,"key":"Swift Potion"},{"floor":44.0,"key":"Explosive Potion"}],"is_trial":false,"path_per_floor":["M","M","?","M","M","R","E","R","T","?","M","R","$","E","R","B",null,"M","?","$","M","?","R","?","E","T","R","?","?","M","E","R","B",null,"M","M","?","?","?","?","E","M","T","M","R","M","$","E","R","B","B",null,"R","$","E","B",null],"character_chosen":"DEFECT","items_purchased":["Molten Egg 2","Glacier","Ornamental Fan","Bronze Scales"],"campfire_rested":2,"item_purchase_floors":[13,47,54,54],"current_hp_per_floor":[53,45,38,38,21,21,4,25,25,17,17,17,17,3,24,10,56,52,52,52,52,61,61,61,61,61,61,61,61,61,61,61,32,72,72,72,72,62,46,46,50,47,47,51,51,54,54,44,44,61,87,89,89,89,88,37],"gold":58,"neow_bonus":"ONE_RANDOM_RARE_CARD","is_prod":false,"is_daily":false,"chose_seed":false,"campfire_upgraded":6,"win_rate":0,"timestamp":1551796811,"path_taken":["M","M","?","M","M","R","E","R","T","?","M","R","?","E","R","BOSS","M","?","$","M","?","R","?","E","T","R","?","?","M","E","R","BOSS","M","M","?","?","?","?","E","M","T","?","R","M","$","E","R","BOSS","BOSS","R","$","E","BOSS"],"build_version":"2019-02-06","purchased_purges":1,"victory":true,"max_hp_per_floor":[71,71,71,71,71,71,71,71,71,71,71,71,71,71,71,71,71,71,71,71,71,85,85,85,85,85,85,85,85,85,85,85,85,85,90,90,90,90,90,90,90,90,90,90,90,90,90,90,90,90,90,90,90,90,90,90],"card_choices":[{"not_picked":["Compile Driver","Stack"],"picked":"Conserve Battery","floor":1.0},{"not_picked":["Rebound","Streamline"],"picked":"Conserve Battery","floor":2.0},{"not_picked":["Storm","Stack"],"picked":"Cold Snap","floor":4.0},{"not_picked":["Reprogram","Sweeping Beam"],"picked":"Compile Driver","floor":5.0},{"not_picked":["White Noise","Blizzard"],"picked":"Turbo","floor":7.0},{"not_picked":["Steam","Compile Driver"],"picked":"Go for the Eyes","floor":10.0},{"not_picked":["Stack","Rebound","Scrape"],"picked":"SKIP","floor":11.0},{"not_picked":["Genetic Algorithm","Reprogram"],"picked":"Go for the Eyes+1","floor":14.0},{"not_picked":["Thunder Strike+1","Creative AI"],"picked":"Fission","floor":16.0},{"not_picked":["Leap","Genetic Algorithm"],"picked":"Conserve Battery","floor":18.0},{"not_picked":["Streamline+1","Conserve Battery"],"picked":"Beam Cell+1","floor":19.0},{"not_picked":["Conserve Battery","FTL+1"],"picked":"Sunder+1","floor":21.0},{"not_picked":["Hyperbeam+1","Consume","Genetic Algorithm"],"picked":"SKIP","floor":25.0},{"not_picked":["Ball Lightning+1","Darkness","Barrage+1"],"picked":"Glacier","floor":30.0},{"not_picked":["Steam","Heatsinks","Loop"],"picked":"BootSequence","floor":31.0},{"not_picked":["Rainbow","Biased Cognition","Amplify"],"picked":"Fission","floor":33.0},{"not_picked":["Streamline+1","Hello World","Skim+1"],"picked":"Hologram+1","floor":35.0},{"not_picked":["Go for the Eyes+1","Cold Snap+1","White Noise+1"],"picked":"Compile Driver+1","floor":36.0},{"not_picked":["Mind Blast+1","Dramatic Entrance+1","PanicButton"],"picked":"Good Instincts","floor":38.0},{"not_picked":["Sadistic Nature","Trip","Good Instincts"],"picked":"Madness","floor":38.0},{"not_picked":["Impatience","Panache","Enlightenment"],"picked":"Bandage Up","floor":38.0},{"not_picked":["Rip and Tear+1","Compile Driver+1","Leap"],"picked":"Coolheaded+1","floor":41.0},{"not_picked":["Leap","Beam Cell+1","Rebound+1","Streamline+1"],"picked":"SKIP","floor":42.0},{"not_picked":["Leap+1","Aggregate","Beam Cell+1","Redo"],"picked":"SKIP","floor":44.0},{"not_picked":["Beam Cell+1","Sunder+1","Conserve Battery","Undo"],"picked":"SKIP","floor":46.0},{"not_picked":["Melter+1","Turbo","Tempest+1","Ball Lightning+1"],"picked":"SKIP","floor":48.0},{"not_picked":["Creative AI","Turbo","Steam Power+1","Barrage+1"],"picked":"SKIP","floor":55.0}],"player_experience":1250031,"relics_obtained":[{"floor":7.0,"key":"War Paint"},{"floor":9.0,"key":"Bag of Preparation"},{"floor":10.0,"key":"Pen Nib"},{"floor":14.0,"key":"Lantern"},{"floor":19.0,"key":"Red Mask"},{"floor":22.0,"key":"Mango"},{"floor":22.0,"key":"The Courier"},{"floor":25.0,"key":"DataDisk"},{"floor":31.0,"key":"Ancient Tea Set"},{"floor":41.0,"key":"Bottled Flame"},{"floor":43.0,"key":"Peace Pipe"},{"floor":48.0,"key":"Pantograph"},{"floor":55.0,"key":"Oddly Smooth Stone"}],"event_choices":[{"cards_removed":["Strike_B"],"damage_healed":0.0,"max_hp_gain":0.0,"max_hp_loss":0.0,"gold_gain":0.0,"event_name":"Golden Wing","player_choice":"Card Removal","floor":3.0,"gold_loss":0.0,"damage_taken":7.0},{"damage_healed":0.0,"max_hp_gain":0.0,"max_hp_loss":0.0,"gold_gain":0.0,"event_name":"Dead Adventurer","player_choice":"Searched \u00272\u0027 times","floor":10.0,"gold_loss":0.0,"damage_taken":0.0},{"damage_healed":0.0,"max_hp_gain":0.0,"max_hp_loss":0.0,"gold_gain":0.0,"event_name":"Masked Bandits","player_choice":"Fought Bandits","floor":19.0,"gold_loss":0.0,"damage_taken":0.0},{"damage_healed":0.0,"max_hp_gain":0.0,"max_hp_loss":0.0,"gold_gain":0.0,"event_name":"Colosseum","player_choice":"Fight","floor":22.0,"gold_loss":0.0,"damage_taken":0.0},{"damage_healed":0.0,"max_hp_gain":0.0,"max_hp_loss":0.0,"gold_gain":0.0,"event_name":"Colosseum","player_choice":"Fought Nobs","floor":22.0,"gold_loss":0.0,"damage_taken":0.0},{"damage_healed":0.0,"max_hp_gain":0.0,"max_hp_loss":0.0,"gold_gain":0.0,"event_name":"The Library","player_choice":"Read","floor":24.0,"gold_loss":0.0,"damage_taken":0.0,"cards_obtained":["Gash"]},{"damage_healed":0.0,"max_hp_gain":0.0,"max_hp_loss":0.0,"gold_gain":0.0,"cards_transformed":["Defend_B","Defend_B"],"event_name":"Drug Dealer","player_choice":"Became Test Subject","floor":28.0,"gold_loss":0.0,"damage_taken":0.0,"cards_obtained":["Sweeping Beam","Tempest"]},{"damage_healed":0.0,"max_hp_gain":0.0,"max_hp_loss":0.0,"gold_gain":0.0,"event_name":"Addict","player_choice":"Obtained Relic","floor":29.0,"gold_loss":85.0,"damage_taken":0.0,"relics_obtained":["Question Card"]},{"cards_removed":["Dualcast"],"damage_healed":0.0,"max_hp_gain":0.0,"max_hp_loss":0.0,"gold_gain":0.0,"event_name":"Falling","player_choice":"Removed Skill","floor":37.0,"gold_loss":0.0,"damage_taken":0.0},{"damage_healed":0.0,"max_hp_gain":0.0,"max_hp_loss":0.0,"gold_gain":0.0,"event_name":"SensoryStone","player_choice":"Memory 3","floor":38.0,"gold_loss":0.0,"damage_taken":10.0},{"damage_healed":0.0,"max_hp_gain":0.0,"max_hp_loss":0.0,"gold_gain":0.0,"event_name":"Winding Halls","player_choice":"Embrace Madness","floor":39.0,"gold_loss":0.0,"damage_taken":16.0,"cards_obtained":["Madness","Madness"]},{"damage_healed":0.0,"max_hp_gain":0.0,"max_hp_loss":0.0,"gold_gain":0.0,"event_name":"WeMeetAgain","player_choice":"Gave Potion","floor":40.0,"gold_loss":0.0,"damage_taken":0.0,"relics_obtained":["Torii"]}],"is_beta":true,"boss_relics":[{"not_picked":["Snecko Eye","FrozenCore"],"picked":"Astrolabe"},{"not_picked":["Tiny House","White Beast Statue"],"picked":"Coffee Dripper"}],"items_purged_floors":[47],"is_endless":false,"potions_floor_spawned":[4,5,7,21,22,25,33,35,41,44],"ascension_level":20}