{"gold_per_floor":[110,110,123,123,123,159,175,175,175,191,222,93,137,156,156,279,279,294,309,224,323,343,387,387],"floor_reached":24,"playtime":988,"items_purged":["Strike_B"],"score":274,"play_id":"2dfea05e-63ca-43c1-a1cf-f4fc067a52b7","local_time":"20190204171217","is_ascension_mode":true,"campfire_choices":[{"data":"Sunder","floor":8,"key":"SMITH"},{"data":"Beam Cell","floor":15,"key":"SMITH"}],"neow_cost":"NONE","seed_source_timestamp":668986821617862,"circlet_count":0,"master_deck":["Strike_B","Defend_B","Defend_B","Defend_B","Defend_B","Zap","Dualcast","Beam Cell","Go for the Eyes","Sunder+1","Beam Cell+1","Streamline","Conserve Battery","Gash","Static Discharge","Reboot","Turbo+1","Capacitor","Consume"],"relics":["Cracked Core","NeowsBlessing","Golden Idol","Mercury Hourglass","Bottled Lightning","Centennial Puzzle","Juzu Bracelet","Empty Cage","Mango","Lantern"],"potions_floor_usage":[24,24],"damage_taken":[{"damage":0,"enemies":"Small Slimes","floor":1,"turns":1},{"damage":0,"enemies":"2 Louse","floor":3,"turns":1},{"damage":0,"enemies":"3 Sentries","floor":6,"turns":1},{"damage":0,"enemies":"Cultist","floor":7,"turns":2},{"damage":4,"enemies":"Exordium Wildlife","floor":10,"turns":2},{"damage":11,"enemies":"Lagavulin","floor":11,"turns":6},{"damage":8,"enemies":"3 Sentries","floor":13,"turns":5},{"damage":5,"enemies":"Lots of Slimes","floor":14,"turns":2},{"damage":24,"enemies":"The Guardian","floor":16,"turns":9},{"damage":12,"enemies":"Spheric Guardian","floor":18,"turns":4},{"damage":13,"enemies":"2 Thieves","floor":19,"turns":3},{"damage":15,"enemies":"3 Cultists","floor":22,"turns":5},{"damage":34,"enemies":"Slavers","floor":23,"turns":5},{"damage":19,"enemies":"Snake Plant","floor":24,"turns":4}],"seed_played":"6522939183922351344","potions_obtained":[{"floor":1,"key":"Poison Potion"},{"floor":6,"key":"PowerPotion"},{"floor":10,"key":"Ancient Potion"},{"floor":14,"key":"FearPotion"},{"floor":16,"key":"Swift Potion"}],"is_trial":false,"path_per_floor":["M","$","M","?","?","E","M","R","T","M","E","$","E","M","R","B",null,"M","M","?","?","M","E","M"],"character_chosen":"DEFECT","items_purchased":["Conserve Battery"],"campfire_rested":0,"item_purchase_floors":[12],"current_hp_per_floor":[75,75,75,75,75,75,75,75,75,71,60,60,52,47,47,23,75,63,50,64,64,49,15,0],"gold":387,"neow_bonus":"THREE_ENEMY_KILL","is_prod":false,"is_daily":false,"chose_seed":false,"campfire_upgraded":2,"win_rate":0,"timestamp":1549318337,"path_taken":["M","$","M","?","?","E","M","R","T","M","E","$","E","M","R","BOSS","M","M","?","?","M","E","M"],"build_version":"2018-12-20","purchased_purges":1,"victory":false,"max_hp_per_floor":[75,75,75,75,75,75,75,75,75,75,75,75,75,75,75,75,75,75,75,89,89,89,89,89],"card_choices":[{"not_picked":["Lockon","Turbo"],"picked":"Beam Cell","floor":1},{"not_picked":["Rebound","Ball Lightning"],"picked":"Go for the Eyes","floor":3},{"not_picked":["BootSequence","Chill"],"picked":"Sunder","floor":6},{"not_picked":["Genetic Algorithm","Undo"],"picked":"Beam Cell","floor":7},{"not_picked":["Steam","Cold Snap"],"picked":"Streamline","floor":10},{"not_picked":["Redo","Rebound","Darkness"],"picked":"SKIP","floor":11},{"not_picked":["Sunder","Scrape"],"picked":"Gash","floor":13},{"not_picked":["Self Repair","Coolheaded"],"picked":"Static Discharge","floor":14},{"not_picked":["Amplify","Creative AI"],"picked":"Reboot","floor":16},{"not_picked":["Steam","Blizzard","Compile Driver+1"],"picked":"SKIP","floor":18},{"not_picked":["Streamline","Cold Snap"],"picked":"Turbo+1","floor":19},{"not_picked":["Heatsinks","Doom and Gloom"],"picked":"Capacitor","floor":22},{"not_picked":["Doom and Gloom","Streamline+1"],"picked":"Consume","floor":23}],"player_experience":303678,"relics_obtained":[{"floor":6,"key":"Mercury Hourglass"},{"floor":9,"key":"Bottled Lightning"},{"floor":11,"key":"Centennial Puzzle"},{"floor":13,"key":"Juzu Bracelet"},{"floor":23,"key":"Lantern"}],"event_choices":[{"damage_healed":0,"gold_gain":0,"player_choice":"Take Wound","damage_taken":0,"relics_obtained":["Golden Idol"],"max_hp_gain":0,"max_hp_loss":0,"event_name":"Golden Idol","floor":4,"gold_loss":0,"cards_obtained":["Injury"]},{"cards_removed":["Injury"],"damage_healed":0,"gold_gain":0,"player_choice":"Removed Curses","damage_taken":0,"max_hp_gain":0,"max_hp_loss":0,"event_name":"Fountain of Cleansing","floor":5,"gold_loss":0},{"damage_healed":0,"gold_gain":0,"player_choice":"Obtained Relic","damage_taken":0,"relics_obtained":["Mango"],"max_hp_gain":0,"max_hp_loss":0,"event_name":"Addict","floor":20,"gold_loss":85},{"damage_healed":0,"gold_gain":99,"player_choice":"Stole From Cult","damage_taken":0,"max_hp_gain":0,"max_hp_loss":0,"event_name":"Nest","floor":21,"gold_loss":0}],"is_beta":false,"boss_relics":[{"not_picked":["Pandora\u0027s Box","Coffee Dripper"],"picked":"Empty Cage"}],"items_purged_floors":[12],"is_endless":false,"potions_floor_spawned":[1,6,10,14,16,22],"killed_by":"Snake Plant","ascension_level":1}