{"gold_per_floor":[109,120,17,37,49,76,76,106,106,125,125,141,157,184,184,259,259,274,76,76,0,18,18,18],"floor_reached":24,"playtime":1085,"items_purged":["Defend_R"],"score":425,"play_id":"77907c79-a171-4181-9d56-5df5e0a11ed7","local_time":"20190530185711","is_ascension_mode":true,"campfire_choices":[{"data":"Bash","floor":7.0,"key":"SMITH"},{"data":"Feel No Pain","floor":11.0,"key":"SMITH"},{"floor":15,"key":"REST"},{"data":"Whirlwind","floor":23,"key":"SMITH"}],"neow_cost":"NONE","seed_source_timestamp":342580784965500,"circlet_count":0,"master_deck":["AscendersBane","Strike_R","Strike_R","Strike_R","Strike_R","Strike_R","Defend_R","Defend_R+1","Defend_R","Bash+1","Rampage","Cleave","Shrug It Off+1","Combust","Feel No Pain+1","Clothesline","Rupture","Whirlwind+1","Offering","Pummel","Rupture"],"special_seed":0,"relics":["Burning Blood","Dream Catcher","War Paint","Nunchaku","Ice Cream","Prayer Wheel","Sozu","Vajra"],"potions_floor_usage":[14,16],"damage_taken":[{"damage":2.0,"enemies":"Cultist","floor":1.0,"turns":4.0},{"damage":4.0,"enemies":"Small Slimes","floor":2.0,"turns":3.0},{"damage":5.0,"enemies":"2 Louse","floor":4.0,"turns":2.0},{"damage":11.0,"enemies":"Blue Slaver","floor":5.0,"turns":4.0},{"damage":25.0,"enemies":"Gremlin Nob","floor":6.0,"turns":4.0},{"damage":25.0,"enemies":"Lagavulin","floor":8.0,"turns":7.0},{"damage":1.0,"enemies":"2 Fungi Beasts","floor":10.0,"turns":3.0},{"damage":11.0,"enemies":"Large Slime","floor":12.0,"turns":5.0},{"damage":17.0,"enemies":"Blue Slaver","floor":13.0,"turns":4.0},{"damage":17,"enemies":"3 Sentries","floor":14,"turns":7},{"damage":38,"enemies":"The Guardian","floor":16,"turns":11},{"damage":33,"enemies":"Spheric Guardian","floor":18,"turns":5},{"damage":12,"enemies":"3 Byrds","floor":22,"turns":3},{"damage":47,"enemies":"Shelled Parasite and Fungi","floor":24,"turns":3}],"seed_played":"-6067654296058246772","potions_obtained":[{"floor":1.0,"key":"Weak Potion"},{"floor":4.0,"key":"Regen Potion"},{"floor":8.0,"key":"SkillPotion"},{"floor":13,"key":"FairyPotion"},{"floor":14,"key":"SkillPotion"}],"is_trial":false,"path_per_floor":["M","M","$","M","M","E","R","E","T","M","R","M","M","E","R","B",null,"M","$","?","?","M","R","M"],"character_chosen":"IRONCLAD","items_purchased":["Shrug It Off","Rupture","Vajra"],"campfire_rested":1,"item_purchase_floors":[3,19,19],"current_hp_per_floor":[72,74,74,75,70,60,60,41,41,46,46,41,30,19,41,9,59,32,32,32,32,26,26,0],"gold":18,"neow_bonus":"RANDOM_COMMON_RELIC","is_prod":false,"is_daily":false,"chose_seed":false,"campfire_upgraded":3,"win_rate":0,"timestamp":1559267831,"path_taken":["M","M","$","M","M","E","R","E","T","M","R","M","?","E","R","BOSS","M","$","?","?","M","R","M"],"build_version":"2019-01-23","purchased_purges":1,"victory":false,"max_hp_per_floor":[75,75,75,75,75,75,75,75,75,75,75,75,75,75,75,75,75,75,75,75,75,75,75,75],"card_choices":[{"not_picked":["Armaments","Flex"],"picked":"Rampage","floor":1.0},{"not_picked":["Iron Wave","Sword Boomerang"],"picked":"Cleave","floor":2.0},{"not_picked":["Fiend Fire","Heavy Blade","Reckless Charge"],"picked":"SKIP","floor":4.0},{"not_picked":["Ghostly Armor","Wild Strike"],"picked":"Combust","floor":5.0},{"not_picked":["Fire Breathing","Intimidate"],"picked":"Feel No Pain","floor":6.0},{"not_picked":["Warcry","True Grit","Bloodletting"],"picked":"SKIP","floor":8.0},{"not_picked":["Reckless Charge","Barricade","Wild Strike"],"picked":"SKIP","floor":10.0},{"not_picked":["Heavy Blade","Iron Wave"],"picked":"Clothesline","floor":12.0},{"not_picked":["Pommel Strike","Feel No Pain"],"picked":"Rupture","floor":13},{"not_picked":["Headbutt","Sever Soul"],"picked":"Whirlwind","floor":14},{"not_picked":["Fiend Fire","Demon Form"],"picked":"Offering","floor":16},{"not_picked":["Sentinel","Iron Wave"],"picked":"Pummel","floor":18},{"not_picked":["Corruption","Sword Boomerang","Perfected Strike"],"picked":"SKIP","floor":18},{"not_picked":["Warcry","Pummel","Metallicize"],"picked":"SKIP","floor":22},{"not_picked":["Flex","Body Slam","Infernal Blade"],"picked":"SKIP","floor":22}],"player_experience":498725,"relics_obtained":[{"floor":6.0,"key":"War Paint"},{"floor":8.0,"key":"Nunchaku"},{"floor":9.0,"key":"Ice Cream"},{"floor":14,"key":"Prayer Wheel"}],"event_choices":[{"damage_healed":0,"gold_gain":0,"player_choice":"Ignored","damage_taken":0,"max_hp_gain":0,"max_hp_loss":0,"event_name":"The Mausoleum","floor":20,"gold_loss":0},{"damage_healed":0,"gold_gain":0,"player_choice":"Paid Fearfully","damage_taken":0,"max_hp_gain":0,"max_hp_loss":0,"event_name":"Masked Bandits","floor":21,"gold_loss":76}],"is_beta":false,"boss_relics":[{"not_picked":["Coffee Dripper","Astrolabe"],"picked":"Sozu"}],"items_purged_floors":[3],"is_endless":false,"potions_floor_spawned":[1,4,5,8,13,14,18],"killed_by":"Shelled Parasite and Fungi","ascension_level":19}