{"gold_per_floor":[113,113,160,29,44,75,75,106,106,106,23,36,36,54,54,128,178,148,148,148,159,169,169,189,189,189,189,208,208,133,147,147,225,225,242,242,242,32,43,43,43,43,43,43,43,55,90,102,102,102],"floor_reached":50,"playtime":1557,"items_purged":[],"score":1028,"play_id":"ec2da804-f4ae-448a-9b7b-3764256d2e7a","local_time":"20190514011309","is_ascension_mode":true,"campfire_choices":[{"data":"Heavy Blade","floor":15,"key":"SMITH"},{"data":"Carnage","floor":23,"key":"SMITH"},{"data":"Brutality","floor":25,"key":"SMITH"},{"data":"Shrug It Off","floor":29,"key":"SMITH"},{"data":"Shrug It Off","floor":32,"key":"SMITH"},{"data":"Immolate","floor":40,"key":"SMITH"},{"floor":42,"key":"RECALL"},{"data":"Bash","floor":44,"key":"SMITH"},{"data":"Clothesline","floor":49,"key":"SMITH"}],"neow_cost":"NONE","seed_source_timestamp":339877553588200,"circlet_count":0,"master_deck":["AscendersBane","Strike_R","Strike_R","Strike_R","Defend_R","Defend_R","Defend_R","Bash+1","Inflame+1","Carnage+1","Shrug It Off+1","Shrug It Off+1","Demon Form+1","Intimidate+1","Ghostly Armor+1","Clothesline+1","Heavy Blade+1","Brutality+1","Shockwave+1","Armaments+1","Necronomicurse","Ghostly+1","Ghostly+1","Ghostly+1","Shrug It Off+1","Headbutt","Flame Barrier+1","Seeing Red+1","Immolate+1","Headbutt","Secret Weapon+1","Pummel","Seeing Red+1"],"relics":["Burning Blood","NeowsBlessing","Bronze Scales","Boot","Toxic Egg 2","Art of War","FaceOfCleric","Tiny House","Necronomicon","Red Skull","Eternal Feather","Dodecahedron","Bag of Preparation"],"potions_floor_usage":[8,8,33,35,50],"damage_taken":[{"damage":0,"enemies":"Jaw Worm","floor":1,"turns":1},{"damage":0,"enemies":"Cultist","floor":5,"turns":1},{"damage":0,"enemies":"Lagavulin","floor":6,"turns":1},{"damage":42,"enemies":"3 Sentries","floor":8,"turns":7},{"damage":1,"enemies":"2 Louse","floor":12,"turns":3},{"damage":5,"enemies":"Red Slaver","floor":14,"turns":4},{"damage":18,"enemies":"The Guardian","floor":16,"turns":8},{"damage":31,"enemies":"2 Thieves","floor":18,"turns":4},{"damage":14,"enemies":"Shell Parasite","floor":21,"turns":3},{"damage":4,"enemies":"Snake Plant","floor":22,"turns":3},{"damage":9,"enemies":"Centurion and Healer","floor":24,"turns":4},{"damage":4,"enemies":"Snecko","floor":28,"turns":3},{"damage":5,"enemies":"3 Cultists","floor":31,"turns":5},{"damage":22,"enemies":"Champ","floor":33,"turns":8},{"damage":4,"enemies":"Orb Walker","floor":35,"turns":4},{"damage":15,"enemies":"3 Darklings","floor":39,"turns":5},{"damage":5,"enemies":"Transient","floor":46,"turns":6},{"damage":7,"enemies":"Reptomancer","floor":47,"turns":5},{"damage":5,"enemies":"Spire Growth","floor":48,"turns":4},{"damage":55,"enemies":"Time Eater","floor":50,"turns":5}],"seed_played":"-4639959356534962675","potions_obtained":[{"floor":5,"key":"Explosive Potion"},{"floor":6,"key":"Swift Potion"},{"floor":12,"key":"GamblersBrew"},{"floor":16,"key":"SneckoOil"},{"floor":17,"key":"Dexterity Potion"},{"floor":35,"key":"Fruit Juice"},{"floor":46,"key":"Poison Potion"},{"floor":47,"key":"Strength Potion"}],"is_trial":false,"path_per_floor":["M","?","T","$","M","E","?","E","T","?","$","M","?","M","R","B",null,"M","?","?","M","M","R","M","R","T","?","M","R","?","M","R","B",null,"M","?","?","$","M","R","T","R","T","R","$","M","E","M","R","B"],"character_chosen":"IRONCLAD","items_purchased":["Carnage","Shrug It Off","Ghostly Armor+1","Secret Weapon+1"],"campfire_rested":0,"item_purchase_floors":[4,4,11,38],"current_hp_per_floor":[74,67,67,67,73,75,75,39,39,39,39,45,45,47,47,36,73,49,28,28,21,24,24,22,22,22,22,25,25,25,27,27,12,39,47,47,47,47,39,52,52,52,52,52,52,53,53,55,55,0],"gold":102,"neow_bonus":"THREE_ENEMY_KILL","is_prod":false,"is_daily":false,"chose_seed":false,"campfire_upgraded":8,"win_rate":0,"timestamp":1557810789,"path_taken":["M","?","?","?","?","E","?","E","T","?","$","?","?","M","R","BOSS","M","?","?","M","?","R","?","R","T","?","M","R","?","M","R","BOSS","M","?","?","$","M","R","?","R","T","R","?","M","E","?","R","BOSS"],"build_version":"2019-01-23","purchased_purges":0,"victory":false,"max_hp_per_floor":[75,75,75,75,75,75,75,75,75,75,75,76,76,77,77,78,83,84,84,42,43,44,44,45,45,45,45,46,46,46,47,47,48,48,54,54,51,51,52,52,52,52,52,52,52,53,54,55,55,55],"card_choices":[{"not_picked":["Pommel Strike","Rupture"],"picked":"Inflame","floor":1},{"not_picked":["Headbutt","Thunderclap"],"picked":"Shrug It Off","floor":5},{"not_picked":["Twin Strike","Intimidate"],"picked":"Demon Form","floor":6},{"not_picked":["Flex","Sentinel"],"picked":"Intimidate","floor":8},{"not_picked":["Iron Wave","Clash"],"picked":"Clothesline","floor":12},{"not_picked":["Clash","Power Through+1"],"picked":"Heavy Blade","floor":14},{"not_picked":["Berserk","Exhume+1"],"picked":"Brutality","floor":16},{"not_picked":["Thunderclap","Combust"],"picked":"Shockwave+1","floor":17},{"not_picked":["Twin Strike","Carnage"],"picked":"Armaments+1","floor":18},{"not_picked":["Pommel Strike+1","Warcry+1"],"picked":"Shrug It Off+1","floor":21},{"not_picked":["Clothesline","Reckless Charge","Flex+1"],"picked":"SKIP","floor":22},{"not_picked":["Shrug It Off+1","Clash"],"picked":"Headbutt","floor":24},{"not_picked":["Double Tap+1","Flex+1"],"picked":"Flame Barrier+1","floor":28},{"not_picked":["Clothesline","Flex+1"],"picked":"Seeing Red+1","floor":31},{"not_picked":["Berserk","Exhume+1"],"picked":"Immolate","floor":33},{"not_picked":["Armaments+1","Body Slam"],"picked":"Headbutt","floor":35},{"not_picked":["Flex+1","Twin Strike"],"picked":"Pummel","floor":39},{"not_picked":["Whirlwind+1","Dark Embrace","True Grit+1"],"picked":"SKIP","floor":46},{"not_picked":["Ghostly Armor+1","Anger+1","Dropkick"],"picked":"SKIP","floor":47},{"not_picked":["Wild Strike","Anger+1"],"picked":"Seeing Red+1","floor":48}],"player_experience":455638,"relics_obtained":[{"floor":3,"key":"Bronze Scales"},{"floor":6,"key":"Boot"},{"floor":8,"key":"Toxic Egg 2"},{"floor":9,"key":"Art of War"},{"floor":19,"key":"Necronomicon"},{"floor":26,"key":"Red Skull"},{"floor":43,"key":"Dodecahedron"},{"floor":47,"key":"Bag of Preparation"}],"event_choices":[{"cards_removed":["Defend_R"],"damage_healed":0,"gold_gain":0,"player_choice":"Card Removal","damage_taken":7,"max_hp_gain":0,"max_hp_loss":0,"event_name":"Golden Wing","floor":2,"gold_loss":0},{"damage_healed":0,"gold_gain":0,"player_choice":"Ignored","damage_taken":0,"max_hp_gain":0,"max_hp_loss":0,"event_name":"Liars Game","floor":7,"gold_loss":0},{"damage_healed":0,"gold_gain":0,"player_choice":"Trade","damage_taken":0,"relics_obtained":["FaceOfCleric"],"max_hp_gain":0,"max_hp_loss":0,"event_name":"FaceTrader","floor":10,"gold_loss":0},{"damage_healed":0,"gold_gain":0,"player_choice":"Grow","damage_taken":0,"max_hp_gain":0,"max_hp_loss":0,"event_name":"Living Wall","floor":13,"gold_loss":0,"cards_upgraded":["Demon Form"]},{"damage_healed":0,"gold_gain":0,"player_choice":"Obtained Book","damage_taken":21,"max_hp_gain":0,"max_hp_loss":0,"event_name":"Cursed Tome","floor":19,"gold_loss":0},{"damage_healed":0,"gold_gain":0,"player_choice":"Became a Ghost","damage_taken":0,"max_hp_gain":0,"max_hp_loss":42,"event_name":"Ghosts","floor":20,"gold_loss":0,"cards_obtained":["Ghostly","Ghostly","Ghostly"]},{"damage_healed":0,"gold_gain":0,"player_choice":"Ignored","damage_taken":0,"max_hp_gain":0,"max_hp_loss":0,"event_name":"Vampires","floor":27,"gold_loss":0},{"cards_removed":["Strike_R"],"damage_healed":0,"gold_gain":0,"player_choice":"Gave Gold","damage_taken":0,"max_hp_gain":0,"max_hp_loss":0,"event_name":"Beggar","floor":30,"gold_loss":75},{"cards_removed":["Strike_R"],"damage_healed":0,"gold_gain":0,"player_choice":"Removed Attack","damage_taken":0,"max_hp_gain":0,"max_hp_loss":0,"event_name":"Falling","floor":36,"gold_loss":0},{"damage_healed":0,"gold_gain":0,"player_choice":"Max HP","damage_taken":0,"max_hp_gain":0,"max_hp_loss":3,"event_name":"Winding Halls","floor":37,"gold_loss":0}],"is_beta":false,"boss_relics":[{"not_picked":["Mark of Pain","Fusion Hammer"],"picked":"Tiny House"},{"not_picked":["Black Star","Astrolabe"],"picked":"Eternal Feather"}],"items_purged_floors":[],"is_endless":false,"potions_floor_spawned":[5,6,12,16,18,24,28,31,35,46,47,48],"killed_by":"Time Eater","ascension_level":18}