{"gold_per_floor":[17,28,28,203,203,203,78,78,124,147,160,203,203,243,243,372,372,396,396],"floor_reached":19,"playtime":1443,"items_purged":["Injury"],"score":201,"play_id":"286f482c-80ae-46c8-a67a-6f0436a4bb84","local_time":"20181227171028","is_ascension_mode":true,"campfire_choices":[{"data":"Offering","floor":6,"key":"SMITH"},{"data":"Battle Trance","floor":8,"key":"SMITH"},{"floor":13,"key":"REST"},{"floor":15,"key":"REST"}],"neow_cost":"NO_GOLD","seed_source_timestamp":1283758224343002,"circlet_count":0,"master_deck":["Strike_R","Strike_R","Strike_R","Strike_R","Strike_R","Defend_R","Defend_R","Defend_R","Defend_R","Bash","Offering+1","Battle Trance+1","Shrug It Off","Shrug It Off","Uppercut","Uppercut","Feed","Decay","Doubt","Decay"],"relics":["Burning Blood","Golden Idol","Lantern","Bottled Flame","Centennial Puzzle","Calling Bell","Regal Pillow","Question Card","Incense Burner"],"potions_floor_usage":[16,18],"damage_taken":[{"damage":13,"enemies":"Small Slimes","floor":1,"turns":2},{"damage":6,"enemies":"2 Louse","floor":2,"turns":2},{"damage":3,"enemies":"Jaw Worm","floor":10,"turns":5},{"damage":11,"enemies":"Lots of Slimes","floor":11,"turns":8},{"damage":44,"enemies":"Gremlin Nob","floor":12,"turns":5},{"damage":42,"enemies":"Lagavulin","floor":14,"turns":7},{"damage":22,"enemies":"Hexaghost","floor":16,"turns":7},{"damage":72,"enemies":"Spheric Guardian","floor":18,"turns":9},{"damage":17,"enemies":"3 Byrds","floor":19,"turns":3}],"seed_played":"-2576281194233164451","potions_obtained":[{"floor":1,"key":"PowerPotion"},{"floor":12,"key":"Ancient Potion"},{"floor":16,"key":"FearPotion"},{"floor":18,"key":"GamblersBrew"}],"is_trial":false,"path_per_floor":["M","M","?","?","?","R","$","R","T","M","M","E","R","E","R","B",null,"M","M"],"character_chosen":"IRONCLAD","items_purchased":["Shrug It Off"],"campfire_rested":2,"item_purchase_floors":[7],"current_hp_per_floor":[73,73,73,73,73,73,73,73,73,76,71,33,57,21,45,29,80,14,0],"gold":396,"neow_bonus":"THREE_RARE_CARDS","is_prod":false,"is_daily":false,"chose_seed":false,"campfire_upgraded":2,"win_rate":0,"timestamp":1545948628,"path_taken":["M","M","?","?","?","R","?","R","T","?","M","E","R","E","R","BOSS","M","M"],"build_version":"2018-12-20","purchased_purges":1,"victory":false,"max_hp_per_floor":[80,80,80,80,80,80,80,80,80,80,80,80,80,80,80,80,80,80,83],"card_choices":[{"not_picked":["Berserk","Barricade"],"picked":"Offering","floor":0},{"not_picked":["Clothesline","Sever Soul"],"picked":"Battle Trance","floor":1},{"not_picked":["Rampage","Wild Strike"],"picked":"Shrug It Off","floor":2},{"not_picked":["Entrench","Anger","Perfected Strike"],"picked":"SKIP","floor":10},{"not_picked":["Iron Wave","Anger","Rampage"],"picked":"SKIP","floor":11},{"not_picked":["Rampage","Fire Breathing"],"picked":"Uppercut","floor":12},{"not_picked":["Seeing Red","Iron Wave"],"picked":"Uppercut","floor":14},{"not_picked":["Bludgeon","Immolate"],"picked":"Feed","floor":16},{"not_picked":["Armaments","Warcry","Dual Wield","Perfected Strike"],"picked":"SKIP","floor":18}],"player_experience":489812,"relics_obtained":[{"floor":9,"key":"Lantern"},{"floor":12,"key":"Bottled Flame"},{"floor":14,"key":"Centennial Puzzle"},{"floor":17,"key":"Regal Pillow"},{"floor":17,"key":"Question Card"},{"floor":17,"key":"Incense Burner"}],"event_choices":[{"damage_healed":0,"gold_gain":0,"player_choice":"Take Wound","damage_taken":0,"relics_obtained":["Golden Idol"],"max_hp_gain":0,"max_hp_loss":0,"event_name":"Golden Idol","floor":3,"gold_loss":0,"cards_obtained":["Injury"]},{"damage_healed":0,"gold_gain":175,"player_choice":"AGREE","damage_taken":0,"max_hp_gain":0,"max_hp_loss":0,"event_name":"Liars Game","floor":4,"gold_loss":0,"cards_obtained":["Doubt"]},{"cards_removed":["Doubt"],"damage_healed":0,"gold_gain":0,"player_choice":"Forget","damage_taken":0,"max_hp_gain":0,"max_hp_loss":0,"event_name":"Living Wall","floor":5,"gold_loss":0}],"is_beta":false,"boss_relics":[{"not_picked":["Empty Cage","Orrery"],"picked":"Calling Bell"}],"items_purged_floors":[7],"is_endless":false,"potions_floor_spawned":[1,12,16,18],"killed_by":"3 Byrds","ascension_level":3}