{"gold_per_floor":[115,44,54,54,73,104,61,61,110,110,110,110,138,60,60,157,157,176,176,176,190,13,13,40,40,40,65,76,94,13,13,13,118,118,134,134,94,109,29,63,63,63,63,93,19,19,29,29,29,29,29,29,29,29],"floor_reached":54,"playtime":7030,"items_purged":[],"score":1203,"play_id":"3b4b7a17-fc19-47ee-bcec-02db65c12de5","local_time":"20190120184703","is_ascension_mode":true,"campfire_choices":[{"floor":8.0,"key":"REST"},{"data":"Malaise","floor":10.0,"key":"SMITH"},{"floor":12.0,"key":"REST"},{"floor":15.0,"key":"REST"},{"data":"After Image","floor":23.0,"key":"SMITH"},{"data":"Noxious Fumes","floor":25.0,"key":"SMITH"},{"data":"Footwork","floor":32.0,"key":"SMITH"},{"floor":42.0,"key":"RECALL"},{"data":"Footwork","floor":49.0,"key":"SMITH"},{"data":"Noxious Fumes","floor":52.0,"key":"SMITH"}],"neow_cost":"NONE","seed_source_timestamp":3357793711677911,"circlet_count":0,"master_deck":["AscendersBane","Defend_G+1","Defend_G+1","Defend_G+1","Defend_G+1","Defend_G+1","Strike_G+1","Strike_G+1","Strike_G+1","Strike_G+1","Survivor+1","Neutralize+1","Dagger Spray+1","Noxious Fumes+1","Acrobatics+1","Noxious Fumes+1","Malaise+1","Well Laid Plans+1","After Image+1","Caltrops+1","Skewer+1","PiercingWail+1","Dash+1","PiercingWail+1","Infinite Blades+1","Footwork+1","Footwork+1","Tools of the Trade+1","Dodge and Roll+1","Escape Plan+1","Footwork+1","Noxious Fumes+1","Footwork+1"],"special_seed":0,"relics":["Ring of the Serpent","Anchor","Juzu Bracelet","Bag of Preparation","Whetstone","Coffee Dripper","Strawberry","Bronze Scales","Sundial","Bottled Flame","Dream Catcher","Mark of the Bloom","Letter Opener"],"potions_floor_usage":[],"damage_taken":[{"damage":1.0,"enemies":"Cultist","floor":1.0,"turns":5.0},{"damage":0.0,"enemies":"Small Slimes","floor":3.0,"turns":3.0},{"damage":6.0,"enemies":"Jaw Worm","floor":5.0,"turns":4.0},{"damage":26.0,"enemies":"Gremlin Nob","floor":6.0,"turns":4.0},{"damage":21.0,"enemies":"Lagavulin","floor":13.0,"turns":8.0},{"damage":44.0,"enemies":"Slime Boss","floor":16.0,"turns":11.0},{"damage":11.0,"enemies":"Spheric Guardian","floor":18.0,"turns":6.0},{"damage":1.0,"enemies":"Colosseum Slavers","floor":19.0,"turns":7.0},{"damage":0.0,"enemies":"Chosen","floor":21.0,"turns":6.0},{"damage":5.0,"enemies":"Slavers","floor":24.0,"turns":7.0},{"damage":14.0,"enemies":"Gremlin Leader","floor":27.0,"turns":10.0},{"damage":12.0,"enemies":"Sentry and Sphere","floor":28.0,"turns":6.0},{"damage":0.0,"enemies":"Centurion and Healer","floor":29.0,"turns":7.0},{"damage":16.0,"enemies":"Champ","floor":33.0,"turns":14.0},{"damage":0.0,"enemies":"3 Shapes","floor":35.0,"turns":5.0},{"damage":0.0,"enemies":"Orb Walker","floor":38.0,"turns":4.0},{"damage":0.0,"enemies":"Nemesis","floor":40.0,"turns":11.0},{"damage":0.0,"enemies":"Giant Head","floor":44.0,"turns":11.0},{"damage":13.0,"enemies":"4 Shapes","floor":47.0,"turns":7.0},{"damage":10.0,"enemies":"Time Eater","floor":50.0,"turns":15.0},{"damage":39,"enemies":"Shield and Spear","floor":54,"turns":2}],"seed_played":"3972288626542269899","potions_obtained":[{"floor":3.0,"key":"Energy Potion"},{"floor":5.0,"key":"PowerPotion"},{"floor":13.0,"key":"Dexterity Potion"},{"floor":21.0,"key":"AttackPotion"},{"floor":24.0,"key":"AttackPotion"},{"floor":28.0,"key":"GhostInAJar"},{"floor":44.0,"key":"Energy Potion"}],"is_trial":false,"path_per_floor":["M","$","M","?","M","E","?","R","T","R","?","R","E","$","R","B",null,"M","?","?","M","$","R","E","R","T","E","M","M","$","?","R","B",null,"M","?","?","M","$","E","?","R","T","E","$","?","M","?","R","B",null,"R","$","E"],"character_chosen":"THE_SILENT","items_purchased":["Noxious Fumes","Well Laid Plans","Strawberry","PiercingWail","Footwork","Footwork","Footwork"],"campfire_rested":3,"item_purchase_floors":[2,14,22,22,30,39,45],"current_hp_per_floor":[62,62,62,62,56,30,30,51,51,51,37,58,37,37,58,14,56,45,44,44,44,51,51,46,46,46,32,20,20,20,20,20,4,59,59,59,59,59,59,59,59,59,59,59,59,59,46,46,46,36,36,36,36,0],"gold":29,"neow_bonus":"RANDOM_COMMON_RELIC","is_prod":false,"is_daily":false,"chose_seed":false,"campfire_upgraded":6,"win_rate":0,"timestamp":1548028023,"path_taken":["M","$","M","?","M","E","?","R","T","R","?","R","E","?","R","BOSS","M","?","?","M","$","R","E","R","T","E","M","M","?","?","R","BOSS","M","?","?","M","$","E","?","R","T","E","$","?","M","?","R","BOSS","R","$","E"],"build_version":"2019-01-17v2","purchased_purges":0,"victory":false,"max_hp_per_floor":[70,70,70,70,70,70,70,70,70,70,70,70,70,70,70,70,70,70,70,70,70,77,77,77,77,77,77,77,77,77,77,77,77,77,77,77,77,77,77,77,77,77,77,77,77,77,77,77,77,77,77,77,77,77],"card_choices":[{"not_picked":["Slice","Sucker Punch"],"picked":"Dagger Spray","floor":1.0},{"not_picked":["Blade Dance","All Out Attack"],"picked":"Acrobatics","floor":3.0},{"not_picked":["Acrobatics","Quick Slash"],"picked":"Noxious Fumes","floor":5.0},{"not_picked":["Underhanded Strike","Dagger Throw"],"picked":"Malaise","floor":6.0},{"not_picked":["Slice","Reflex","Outmaneuver"],"picked":"SKIP","floor":13.0},{"not_picked":["Tools of the Trade","Storm of Steel"],"picked":"After Image","floor":16.0},{"not_picked":["Flying Knee+1","Sucker Punch+1"],"picked":"Caltrops","floor":18.0},{"not_picked":["Dagger Spray","Setup+1"],"picked":"Skewer+1","floor":21.0},{"not_picked":["Sucker Punch","Grand Finale"],"picked":"Dash+1","floor":24.0},{"not_picked":["Deflect","Flying Knee+1"],"picked":"PiercingWail","floor":27.0},{"not_picked":["Underhanded Strike","Deflect"],"picked":"Infinite Blades","floor":28.0},{"not_picked":["PiercingWail","Sucker Punch"],"picked":"Footwork+1","floor":29.0},{"not_picked":["Grand Finale","Phantasmal Killer"],"picked":"Tools of the Trade","floor":33.0},{"not_picked":["Slice+1","Underhanded Strike"],"picked":"Dodge and Roll","floor":35.0},{"not_picked":["Quick Slash+1","Deflect"],"picked":"Escape Plan","floor":38.0},{"not_picked":["Predator+1","Sucker Punch","Venomology"],"picked":"SKIP","floor":40.0},{"not_picked":["Setup","Cloak And Dagger"],"picked":"Noxious Fumes","floor":44.0},{"not_picked":["Acrobatics","Skewer+1","Dagger Spray+1"],"picked":"SKIP","floor":47.0}],"player_experience":763377,"relics_obtained":[{"floor":6.0,"key":"Juzu Bracelet"},{"floor":9.0,"key":"Bag of Preparation"},{"floor":13.0,"key":"Whetstone"},{"floor":24.0,"key":"Bronze Scales"},{"floor":26.0,"key":"Sundial"},{"floor":27.0,"key":"Bottled Flame"},{"floor":40.0,"key":"Dream Catcher"},{"floor":44.0,"key":"Letter Opener"}],"event_choices":[{"damage_healed":0.0,"max_hp_gain":0.0,"max_hp_loss":0.0,"gold_gain":0.0,"event_name":"Liars Game","player_choice":"Ignored","floor":4.0,"gold_loss":0.0,"damage_taken":0.0},{"damage_healed":0.0,"max_hp_gain":0.0,"max_hp_loss":0.0,"gold_gain":0.0,"event_name":"World of Goop","player_choice":"Left Gold","floor":7.0,"gold_loss":43.0,"damage_taken":0.0},{"damage_healed":0.0,"max_hp_gain":0.0,"max_hp_loss":0.0,"gold_gain":0.0,"event_name":"Shining Light","player_choice":"Entered Light","floor":11.0,"gold_loss":0.0,"damage_taken":14.0,"cards_upgraded":["Strike_G","Defend_G"]},{"damage_healed":0.0,"max_hp_gain":0.0,"max_hp_loss":0.0,"gold_gain":0.0,"event_name":"Colosseum","player_choice":"Fight","floor":19.0,"gold_loss":0.0,"damage_taken":0.0},{"damage_healed":0.0,"max_hp_gain":0.0,"max_hp_loss":0.0,"gold_gain":0.0,"event_name":"Colosseum","player_choice":"Fled From Nobs","floor":19.0,"gold_loss":0.0,"damage_taken":0.0},{"damage_healed":0.0,"max_hp_gain":0.0,"max_hp_loss":0.0,"gold_gain":0.0,"event_name":"Back to Basics","player_choice":"Simplicity","floor":20.0,"gold_loss":0.0,"damage_taken":0.0,"cards_upgraded":["Defend_G","Defend_G","Defend_G","Defend_G","Strike_G","Strike_G","Strike_G"]},{"damage_healed":0.0,"max_hp_gain":0.0,"max_hp_loss":0.0,"gold_gain":0.0,"event_name":"Forgotten Altar","player_choice":"Smashed Altar","floor":31.0,"gold_loss":0.0,"damage_taken":0.0,"cards_obtained":["Decay"]},{"damage_healed":0.0,"max_hp_gain":0.0,"max_hp_loss":0.0,"gold_gain":0.0,"event_name":"Tomb of Lord Red Mask","player_choice":"Ignored","floor":36.0,"gold_loss":0.0,"damage_taken":0.0},{"damage_healed":0.0,"max_hp_gain":0.0,"max_hp_loss":0.0,"gold_gain":0.0,"event_name":"Designer","player_choice":"Upgrade","floor":37.0,"gold_loss":40.0,"damage_taken":0.0,"cards_upgraded":["Noxious Fumes"]},{"damage_healed":0.0,"max_hp_gain":0.0,"max_hp_loss":0.0,"gold_gain":0.0,"event_name":"MindBloom","player_choice":"Upgrade","floor":41.0,"gold_loss":0.0,"damage_taken":0.0,"cards_upgraded":["Survivor","Dagger Spray","Acrobatics","Well Laid Plans","Caltrops","PiercingWail","PiercingWail","Infinite Blades","Tools of the Trade","Dodge and Roll","Escape Plan","Footwork"],"relics_obtained":["Mark of the Bloom"]},{"cards_removed":["Strike_G"],"damage_healed":0.0,"max_hp_gain":0.0,"max_hp_loss":0.0,"gold_gain":0.0,"event_name":"Falling","player_choice":"Removed Attack","floor":46.0,"gold_loss":0.0,"damage_taken":0.0},{"cards_removed":["Decay"],"damage_healed":0.0,"max_hp_gain":0.0,"max_hp_loss":0.0,"gold_gain":0.0,"event_name":"Fountain of Cleansing","player_choice":"Removed Curses","floor":48.0,"gold_loss":0.0,"damage_taken":0.0}],"is_beta":false,"boss_relics":[{"not_picked":["White Beast Statue","HoveringKite"],"picked":"Coffee Dripper"},{"not_picked":["Calling Bell","Fusion Hammer"],"picked":"Ring of the Serpent"}],"items_purged_floors":[],"is_endless":false,"potions_floor_spawned":[3,5,13,19,21,24,28,38,44],"killed_by":"Shield and Spear","ascension_level":11}