{"gold_per_floor":[114,129,144,159,174,204,219,219,219,234,249,249,264,279,279,391,403,430,427,0,15,15,15,30,30,55,55,55,70,85,100,100,200,200,215,26,41,56,71,71,86,86,86,101,116,131,131,146,146,146],"floor_reached":51,"playtime":3452,"items_purged":["Strike_G","Strike_G"],"score":717,"play_id":"a968f75d-ea11-43b6-a29b-e36e4ab988b3","local_time":"20190211131502","daily_mods":["Specialized","Vintage","Terminal"],"is_ascension_mode":false,"campfire_choices":[{"floor":8,"key":"DIG"},{"floor":12,"key":"DIG"},{"floor":15,"key":"DIG"},{"floor":23,"key":"DIG"},{"floor":25,"key":"DIG"},{"floor":28,"key":"DIG"},{"floor":32,"key":"DIG"},{"floor":40,"key":"DIG"},{"floor":42,"key":"DIG"},{"floor":49,"key":"DIG"}],"neow_cost":"","seed_source_timestamp":0,"circlet_count":0,"master_deck":["Defend_G","Defend_G","Defend_G","Defend_G","Defend_G","Strike_G","Strike_G+1","Survivor","Neutralize","Crippling Poison","Crippling Poison","Crippling Poison","Crippling Poison","Crippling Poison","Poisoned Stab","Noxious Fumes","Envenom","Well Laid Plans","Backflip"],"special_seed":17938,"relics":["Ring of the Snake","Tingsha","Mummified Hand","Shuriken","Torii","WingedGreaves","Shovel","Snake Skull","Meat on the Bone","Question Card","Letter Opener","Smiling Mask","Juzu Bracelet","Bag of Preparation","Sundial","MawBank","Runic Dome","Orichalcum","Potion Belt","Membership Card","Ice Cream","Matryoshka","Blue Candle","The Courier","Molten Egg 2","Happy Flower","Omamori","Pen Nib","Oddly Smooth Stone","Mercury Hourglass","Regal Pillow","Dream Catcher","Lizard Tail","Bag of Marbles","Toxic Egg 2","Frozen Egg 2","Dodecahedron","Singing Bowl","Bronze Scales","Gremlin Horn","Ginger","Ninja Scroll","Incense Burner","Whetstone","Anchor","Darkstone Periapt","Bottled Lightning","Dead Branch"],"potions_floor_usage":[4,34,41,45,50,50,50,50],"damage_taken":[{"damage":1,"enemies":"Cultist","floor":1,"turns":4},{"damage":0,"enemies":"Jaw Worm","floor":2,"turns":4},{"damage":0,"enemies":"2 Louse","floor":3,"turns":2},{"damage":3,"enemies":"Large Slime","floor":4,"turns":9},{"damage":8,"enemies":"Gremlin Gang","floor":5,"turns":4},{"damage":8,"enemies":"Lagavulin","floor":6,"turns":7},{"damage":0,"enemies":"2 Fungi Beasts","floor":7,"turns":3},{"damage":0,"enemies":"Blue Slaver","floor":10,"turns":4},{"damage":0,"enemies":"Looter","floor":11,"turns":4},{"damage":1,"enemies":"2 Fungi Beasts","floor":13,"turns":3},{"damage":2,"enemies":"Exordium Wildlife","floor":14,"turns":5},{"damage":2,"enemies":"The Guardian","floor":16,"turns":9},{"damage":0,"enemies":"3 Byrds","floor":18,"turns":3},{"damage":1,"enemies":"2 Thieves","floor":19,"turns":4},{"damage":0,"enemies":"Centurion and Healer","floor":21,"turns":6},{"damage":0,"enemies":"3 Cultists","floor":24,"turns":4},{"damage":0,"enemies":"Chosen and Byrds","floor":29,"turns":5},{"damage":1,"enemies":"Sentry and Sphere","floor":30,"turns":3},{"damage":2,"enemies":"Snake Plant","floor":31,"turns":4},{"damage":12,"enemies":"Collector","floor":33,"turns":7},{"damage":2,"enemies":"3 Darklings","floor":35,"turns":3},{"damage":0,"enemies":"Orb Walker","floor":37,"turns":3},{"damage":0,"enemies":"Sphere and 2 Shapes","floor":38,"turns":3},{"damage":13,"enemies":"Maw","floor":39,"turns":6},{"damage":0,"enemies":"4 Shapes","floor":41,"turns":3},{"damage":6,"enemies":"Jaw Worm Horde","floor":44,"turns":3},{"damage":0,"enemies":"Transient","floor":45,"turns":5},{"damage":0,"enemies":"Spire Growth","floor":46,"turns":3},{"damage":1,"enemies":"Jaw Worm Horde","floor":48,"turns":3},{"damage":15,"enemies":"Donu and Deca","floor":50,"turns":5}],"seed_played":"6339212738474030288","potions_obtained":[{"floor":3,"key":"Fire Potion"},{"floor":10,"key":"SpeedPotion"},{"floor":11,"key":"PowerPotion"},{"floor":13,"key":"Regen Potion"},{"floor":16,"key":"SkillPotion"},{"floor":24,"key":"SneckoOil"},{"floor":29,"key":"FearPotion"},{"floor":33,"key":"Fruit Juice"},{"floor":35,"key":"SpeedPotion"},{"floor":37,"key":"Swift Potion"},{"floor":45,"key":"Fruit Juice"},{"floor":46,"key":"SkillPotion"}],"is_trial":false,"path_per_floor":["M","M","M","M","M","E","M","R","T","M","M","R","M","M","R","B",null,"M","M","$","M","$","R","M","R","T","?","R","M","M","M","R","B",null,"M","$","M","M","M","R","M","R","T","M","M","M","?","M","R","B",null],"character_chosen":"THE_SILENT","items_purchased":["Membership Card","Ice Cream","Noxious Fumes","Well Laid Plans","Backflip","Toxic Egg 2"],"campfire_rested":0,"item_purchase_floors":[20,20,20,36,36,36],"current_hp_per_floor":[68,67,66,63,55,47,47,47,47,47,47,47,46,44,44,42,52,51,50,49,48,47,46,45,44,43,42,41,40,39,37,37,25,40,38,38,37,36,23,23,32,32,31,25,30,30,30,29,29,26],"gold":146,"neow_bonus":"","is_prod":false,"is_daily":true,"chose_seed":false,"campfire_upgraded":0,"win_rate":0,"timestamp":1549887302,"path_taken":["M","M","M","M","M","E","M","R","T","M","M","R","M","M","R","BOSS","M","M","?","M","$","R","M","R","T","?","R","M","M","M","R","BOSS","M","$","M","M","M","R","M","R","T","M","M","M","?","M","R","BOSS"],"build_version":"2019-01-23","purchased_purges":2,"victory":true,"max_hp_per_floor":[68,67,66,65,64,63,62,61,60,59,58,57,56,55,54,53,52,51,50,49,48,47,46,45,44,43,42,41,40,39,38,37,36,40,39,38,37,36,35,34,33,32,31,30,34,33,32,31,30,29],"card_choices":[{"not_picked":["Backflip","Reflex"],"picked":"Poisoned Stab","floor":6},{"not_picked":["Venomology","After Image","Doppelganger"],"picked":"Envenom","floor":33}],"player_experience":212587,"relics_obtained":[{"floor":1,"key":"Tingsha"},{"floor":2,"key":"Mummified Hand"},{"floor":3,"key":"Shuriken"},{"floor":4,"key":"Torii"},{"floor":5,"key":"WingedGreaves"},{"floor":6,"key":"Shovel"},{"floor":7,"key":"Snake Skull"},{"floor":8,"key":"Meat on the Bone"},{"floor":9,"key":"Question Card"},{"floor":10,"key":"Letter Opener"},{"floor":11,"key":"Smiling Mask"},{"floor":12,"key":"Juzu Bracelet"},{"floor":13,"key":"Bag of Preparation"},{"floor":14,"key":"Sundial"},{"floor":15,"key":"MawBank"},{"floor":18,"key":"Orichalcum"},{"floor":19,"key":"Potion Belt"},{"floor":21,"key":"Matryoshka"},{"floor":23,"key":"Blue Candle"},{"floor":24,"key":"The Courier"},{"floor":25,"key":"Molten Egg 2"},{"floor":26,"key":"Happy Flower"},{"floor":26,"key":"Omamori"},{"floor":28,"key":"Pen Nib"},{"floor":29,"key":"Oddly Smooth Stone"},{"floor":30,"key":"Mercury Hourglass"},{"floor":31,"key":"Regal Pillow"},{"floor":32,"key":"Dream Catcher"},{"floor":35,"key":"Bag of Marbles"},{"floor":37,"key":"Frozen Egg 2"},{"floor":38,"key":"Dodecahedron"},{"floor":39,"key":"Singing Bowl"},{"floor":40,"key":"Bronze Scales"},{"floor":41,"key":"Gremlin Horn"},{"floor":42,"key":"Ginger"},{"floor":43,"key":"Ninja Scroll"},{"floor":43,"key":"Incense Burner"},{"floor":44,"key":"Whetstone"},{"floor":45,"key":"Anchor"},{"floor":46,"key":"Darkstone Periapt"},{"floor":48,"key":"Bottled Lightning"},{"floor":49,"key":"Dead Branch"}],"event_choices":[{"damage_healed":0,"gold_gain":0,"player_choice":"Ignored","damage_taken":0,"max_hp_gain":0,"max_hp_loss":0,"event_name":"Transmorgrifier","floor":27,"gold_loss":0},{"cards_removed":["Strike_G"],"damage_healed":0,"gold_gain":0,"player_choice":"Removed Attack","damage_taken":0,"max_hp_gain":0,"max_hp_loss":0,"event_name":"Falling","floor":47,"gold_loss":0}],"is_beta":false,"boss_relics":[{"not_picked":["Runic Pyramid","White Beast Statue"],"picked":"Runic Dome"},{"not_picked":["Black Star","Snecko Eye"],"picked":"Lizard Tail"}],"items_purged_floors":[20,36],"is_endless":false,"potions_floor_spawned":[3,10,11,13,16,24,29,33,35,37,45,46],"ascension_level":0}