{"gold_per_floor":[115,127,10,26,26,60,60,94,162,172,172,172,172,22,22,22],"floor_reached":16,"playtime":639,"items_purged":["Strike_R"],"score":200,"play_id":"e0761008-04b1-47ab-a0e3-ee2f52660fdd","local_time":"20190508023508","is_ascension_mode":true,"campfire_choices":[{"floor":7,"key":"DIG"},{"floor":13,"key":"DIG"},{"floor":15,"key":"REST"}],"neow_cost":"NONE","seed_source_timestamp":335643742477300,"circlet_count":0,"master_deck":["AscendersBane","Strike_R","Strike_R+1","Strike_R","Strike_R+1","Defend_R","Defend_R","Defend_R","Defend_R","Bash","Feel No Pain","Combust","Flame Barrier","Uppercut","Clothesline","Evolve","Pommel Strike","Metallicize","Shrug It Off"],"relics":["Burning Blood","Dream Catcher","Shovel","Potion Belt","Whetstone","Mummified Hand","Golden Idol","Matryoshka"],"potions_floor_usage":[6,8,8,16],"damage_taken":[{"damage":2,"enemies":"Cultist","floor":1,"turns":4},{"damage":16,"enemies":"Jaw Worm","floor":2,"turns":5},{"damage":17,"enemies":"Small Slimes","floor":4,"turns":5},{"damage":20,"enemies":"3 Sentries","floor":6,"turns":7},{"damage":17,"enemies":"Gremlin Nob","floor":8,"turns":5},{"damage":3,"enemies":"Looter","floor":10,"turns":4},{"damage":50,"enemies":"Slime Boss","floor":16,"turns":12}],"seed_played":"-8155443752782955891","potions_obtained":[{"floor":2,"key":"SteroidPotion"},{"floor":5,"key":"Dexterity Potion"},{"floor":6,"key":"PowerPotion"},{"floor":10,"key":"EssenceOfSteel"}],"is_trial":false,"path_per_floor":["M","M","$","M","?","E","R","E","T","M","?","?","R","$","R","B"],"character_chosen":"IRONCLAD","items_purchased":["Flame Barrier","Uppercut","Metallicize"],"campfire_rested":1,"item_purchase_floors":[3,3,14],"current_hp_per_floor":[72,62,62,51,51,37,37,26,26,29,29,29,29,29,49,0],"gold":22,"neow_bonus":"RANDOM_COMMON_RELIC","is_prod":false,"is_daily":false,"chose_seed":false,"campfire_upgraded":0,"win_rate":0,"timestamp":1557297308,"path_taken":["M","M","$","?","?","E","R","E","T","?","?","?","R","$","R","BOSS"],"build_version":"2019-01-23","purchased_purges":1,"victory":false,"max_hp_per_floor":[75,75,75,75,75,75,75,75,75,75,68,68,68,68,68,68],"card_choices":[{"not_picked":["Wild Strike","True Grit"],"picked":"Feel No Pain","floor":1},{"not_picked":["Corruption","Bloodletting"],"picked":"Combust","floor":2},{"not_picked":["Reckless Charge","True Grit","Wild Strike"],"picked":"SKIP","floor":4},{"not_picked":["Perfected Strike","Flex"],"picked":"Clothesline","floor":6},{"not_picked":["True Grit","Entrench"],"picked":"Evolve","floor":8},{"not_picked":["True Grit","Berserk"],"picked":"Pommel Strike","floor":10},{"not_picked":["Entrench","Uppercut"],"picked":"Shrug It Off","floor":15}],"player_experience":428437,"relics_obtained":[{"floor":6,"key":"Shovel"},{"floor":7,"key":"Potion Belt"},{"floor":8,"key":"Whetstone"},{"floor":9,"key":"Mummified Hand"},{"floor":13,"key":"Matryoshka"}],"event_choices":[{"damage_healed":0,"gold_gain":0,"player_choice":"Got Potions","damage_taken":0,"max_hp_gain":0,"max_hp_loss":0,"event_name":"Lab","floor":5,"gold_loss":0},{"damage_healed":0,"gold_gain":0,"player_choice":"Lose Max HP","damage_taken":0,"relics_obtained":["Golden Idol"],"max_hp_gain":0,"max_hp_loss":7,"event_name":"Golden Idol","floor":11,"gold_loss":0},{"damage_healed":0,"gold_gain":0,"player_choice":"Searched \u00270\u0027 times","damage_taken":0,"max_hp_gain":0,"max_hp_loss":0,"event_name":"Dead Adventurer","floor":12,"gold_loss":0}],"is_beta":false,"boss_relics":[],"items_purged_floors":[14],"is_endless":false,"potions_floor_spawned":[2,6,10],"killed_by":"Slime Boss","ascension_level":17}