{"gold_per_floor":[110,62,80,93,93,93,121,121,172,206,206,206,219,232,232,334,334,348,548,565,52,72,101,101,115,115,131,22,49,49,79,79,184,184,200,216,230,244,257,257,276,276,299,310,64,64,78,105,105,105],"floor_reached":50,"playtime":13122,"items_purged":["Strike_B","Strike_B"],"score":869,"play_id":"55ffb9a0-08d3-41a9-9b71-c64868b5967d","local_time":"20190119190446","is_ascension_mode":true,"campfire_choices":[{"data":"Zap","floor":6.0,"key":"SMITH"},{"floor":8.0,"key":"REST"},{"data":"White Noise","floor":15.0,"key":"SMITH"},{"floor":24.0,"key":"REST"},{"floor":30.0,"key":"REST"},{"floor":32.0,"key":"REST"},{"floor":40.0,"key":"REST"},{"floor":42.0,"key":"REST"},{"floor":49.0,"key":"RECALL"}],"neow_cost":"NONE","seed_source_timestamp":3257120731261523,"circlet_count":0,"master_deck":["AscendersBane","Strike_B+1","Strike_B+1","Defend_B","Defend_B","Defend_B","Defend_B","Zap+1","Dualcast","Conserve Battery","Coolheaded","Rebound","Steam Power","Go for the Eyes","FTL","Coolheaded","White Noise+1","Core Surge","Defragment+1","Defragment","Defragment","Loop","FTL","Ball Lightning","Seek","Electrodynamics","Self Repair+1","Steam+1","Skim+1"],"special_seed":0,"relics":["Cracked Core","Whetstone","Art of War","Bag of Preparation","Pen Nib","Boot","Ornamental Fan","Fusion Hammer","Dodecahedron","Lee\u0027s Waffle","Bottled Flame","Anchor","PreservedInsect","Pear","Busted Crown","Orichalcum","Darkstone Periapt"],"potions_floor_usage":[50],"damage_taken":[{"damage":1.0,"enemies":"2 Louse","floor":1.0,"turns":2.0},{"damage":5.0,"enemies":"Jaw Worm","floor":3.0,"turns":3.0},{"damage":1.0,"enemies":"Cultist","floor":4.0,"turns":3.0},{"damage":38.0,"enemies":"Lagavulin","floor":7.0,"turns":6.0},{"damage":29.0,"enemies":"Gremlin Nob","floor":10.0,"turns":4.0},{"damage":3.0,"enemies":"Gremlin Gang","floor":13.0,"turns":4.0},{"damage":0.0,"enemies":"Looter","floor":14.0,"turns":2.0},{"damage":10.0,"enemies":"The Guardian","floor":16.0,"turns":12.0},{"damage":3.0,"enemies":"Chosen","floor":18.0,"turns":4.0},{"damage":5.0,"enemies":"2 Thieves","floor":20.0,"turns":4.0},{"damage":5.0,"enemies":"Chosen and Byrds","floor":22.0,"turns":6.0},{"damage":20.0,"enemies":"Slavers","floor":23.0,"turns":7.0},{"damage":7.0,"enemies":"Cultist and Chosen","floor":25.0,"turns":6.0},{"damage":1.0,"enemies":"Shelled Parasite and Fungi","floor":27.0,"turns":7.0},{"damage":19.0,"enemies":"Book of Stabbing","floor":29.0,"turns":6.0},{"damage":10.0,"enemies":"Gremlin Leader","floor":31.0,"turns":4.0},{"damage":46.0,"enemies":"Collector","floor":33.0,"turns":12.0},{"damage":16.0,"enemies":"3 Darklings","floor":35.0,"turns":4.0},{"damage":1.0,"enemies":"Orb Walker","floor":36.0,"turns":3.0},{"damage":9.0,"enemies":"Transient","floor":37.0,"turns":5.0},{"damage":28.0,"enemies":"Sphere and 2 Shapes","floor":38.0,"turns":4.0},{"damage":0.0,"enemies":"4 Shapes","floor":39.0,"turns":4.0},{"damage":4.0,"enemies":"Spire Growth","floor":41.0,"turns":6.0},{"damage":0.0,"enemies":"Sphere and 2 Shapes","floor":44.0,"turns":3.0},{"damage":19.0,"enemies":"4 Shapes","floor":47.0,"turns":4.0},{"damage":5.0,"enemies":"Nemesis","floor":48.0,"turns":5.0},{"damage":90,"enemies":"Donu and Deca","floor":50,"turns":10}],"seed_played":"1571511872923275842","potions_obtained":[{"floor":1.0,"key":"Dexterity Potion"},{"floor":3.0,"key":"Fire Potion"},{"floor":14.0,"key":"Block Potion"},{"floor":16.0,"key":"Swift Potion"},{"floor":25.0,"key":"GamblersBrew"},{"floor":31.0,"key":"Regen Potion"},{"floor":33.0,"key":"Dexterity Potion"},{"floor":35.0,"key":"SteroidPotion"},{"floor":38.0,"key":"SteroidPotion"},{"floor":48.0,"key":"Dexterity Potion"}],"is_trial":false,"path_per_floor":["M","$","M","M","?","R","E","R","T","E","T","?","M","M","R","B",null,"M","?","M","$","M","E","R","M","T","M","$","E","R","E","R","B",null,"M","M","M","M","M","R","M","R","T","M","$","?","M","E","R","B"],"character_chosen":"DEFECT","items_purchased":["Coolheaded","Defragment","Dodecahedron","Lee\u0027s Waffle","FTL","Orichalcum"],"campfire_rested":6,"item_purchase_floors":[2,21,21,21,28,45],"current_hp_per_floor":[67,67,62,61,54,54,16,38,38,9,9,34,31,31,31,21,62,59,59,54,82,77,57,81,74,74,73,73,54,78,78,92,46,81,74,73,64,36,36,63,69,92,92,92,92,92,83,88,88,0],"gold":105,"neow_bonus":"RANDOM_COMMON_RELIC","is_prod":false,"is_daily":false,"chose_seed":false,"campfire_upgraded":2,"win_rate":0,"timestamp":1547942686,"path_taken":["M","$","M","M","?","R","E","R","T","E","?","?","M","M","R","BOSS","M","?","M","$","M","E","R","M","T","M","$","E","R","E","R","BOSS","M","M","M","M","?","R","M","R","T","?","$","?","M","E","R","BOSS"],"build_version":"2019-01-17v2","purchased_purges":2,"victory":false,"max_hp_per_floor":[75,75,75,75,75,75,75,75,75,75,75,75,75,75,75,75,75,75,75,75,82,82,82,82,82,82,82,82,82,82,92,92,92,92,92,92,92,92,92,92,92,92,92,92,92,92,92,92,92,92],"card_choices":[{"not_picked":["Barrage","Stack"],"picked":"Conserve Battery","floor":1.0},{"not_picked":["Conserve Battery","Beam Cell"],"picked":"Rebound","floor":3.0},{"not_picked":["Conserve Battery","Redo"],"picked":"Steam Power","floor":4.0},{"not_picked":["Hologram","Barrage"],"picked":"Go for the Eyes","floor":7.0},{"not_picked":["Go for the Eyes","Hyperbeam"],"picked":"FTL","floor":10.0},{"not_picked":["Darkness","Redo"],"picked":"Coolheaded","floor":13.0},{"not_picked":["Cold Snap","Streamline"],"picked":"White Noise","floor":14.0},{"not_picked":["Rainbow","Meteor Strike"],"picked":"Core Surge","floor":16.0},{"not_picked":["Self Repair","Storm"],"picked":"Defragment","floor":18.0},{"not_picked":["Redo","Rebound","Double Energy"],"picked":"SKIP","floor":20.0},{"not_picked":["Glacier","Go for the Eyes"],"picked":"Defragment","floor":22.0},{"not_picked":["Barrage","Force Field"],"picked":"Loop","floor":23.0},{"not_picked":["Rebound+1","Turbo","Leap"],"picked":"SKIP","floor":25.0},{"not_picked":["Rebound","Beam Cell","Streamline+1"],"picked":"SKIP","floor":27.0},{"not_picked":["Rebound+1","Sweeping Beam+1"],"picked":"Ball Lightning","floor":29.0},{"not_picked":["Sunder","Force Field+1"],"picked":"Seek","floor":31.0},{"not_picked":["Core Surge","Seek"],"picked":"Electrodynamics","floor":33.0},{"not_picked":["Leap"],"picked":"SKIP","floor":35.0},{"not_picked":["Reprogram"],"picked":"SKIP","floor":36.0},{"not_picked":["Compile Driver+1"],"picked":"SKIP","floor":37.0},{"not_picked":["Darkness+1"],"picked":"SKIP","floor":38.0},{"not_picked":[],"picked":"Self Repair+1","floor":39.0},{"not_picked":[],"picked":"Steam+1","floor":41.0},{"not_picked":["Sweeping Beam+1"],"picked":"SKIP","floor":44.0},{"not_picked":["Go for the Eyes"],"picked":"SKIP","floor":47.0},{"not_picked":[],"picked":"Skim+1","floor":48.0}],"player_experience":750255,"relics_obtained":[{"floor":7.0,"key":"Bag of Preparation"},{"floor":9.0,"key":"Pen Nib"},{"floor":10.0,"key":"Boot"},{"floor":11.0,"key":"Ornamental Fan"},{"floor":23.0,"key":"Bottled Flame"},{"floor":26.0,"key":"Anchor"},{"floor":29.0,"key":"PreservedInsect"},{"floor":31.0,"key":"Pear"},{"floor":48.0,"key":"Darkstone Periapt"}],"event_choices":[{"damage_healed":0.0,"max_hp_gain":0.0,"max_hp_loss":0.0,"gold_gain":0.0,"event_name":"Scrap Ooze","player_choice":"Success","floor":5.0,"gold_loss":0.0,"damage_taken":7.0,"relics_obtained":["Art of War"]},{"damage_healed":25.0,"max_hp_gain":0.0,"max_hp_loss":0.0,"gold_gain":0.0,"event_name":"Big Fish","player_choice":"Banana","floor":12.0,"gold_loss":0.0,"damage_taken":0.0},{"damage_healed":0.0,"max_hp_gain":0.0,"max_hp_loss":0.0,"gold_gain":250.0,"event_name":"The Joust","player_choice":"Bet on Owner","floor":19.0,"gold_loss":50.0,"damage_taken":0.0},{"damage_healed":0.0,"max_hp_gain":0.0,"max_hp_loss":0.0,"gold_gain":0.0,"event_name":"Accursed Blacksmith","player_choice":"Forge","floor":46.0,"gold_loss":0.0,"damage_taken":0.0,"cards_upgraded":["Defragment"]}],"is_beta":false,"boss_relics":[{"not_picked":["Tiny House","Lizard Tail"],"picked":"Fusion Hammer"},{"not_picked":["White Beast Statue","Sozu"],"picked":"Busted Crown"}],"items_purged_floors":[28,45],"is_endless":false,"potions_floor_spawned":[1,3,14,16,25,31,33,35,38,48],"killed_by":"Donu and Deca","ascension_level":10}