{"gold_per_floor":[112,112,71,85,105,135,135,154,179,179,192,192,210,228,228,302,302,318,328,39,39,39,72,72,22,22,22,34,51,68,68,68,145,145,165,165,1164,521,534,534,561,575,575,594,594,594,233,249,249,249],"floor_reached":51,"playtime":2477,"items_purged":["Strike_R","Strike_R","Strike_R"],"score":1276,"play_id":"a9861b6a-cb56-451b-8f1c-f46a2b53d834","local_time":"20190510040624","is_ascension_mode":true,"campfire_choices":[{"floor":7,"key":"DIG"},{"floor":10,"key":"DIG"},{"floor":12,"key":"DIG"},{"floor":15,"key":"DIG"},{"floor":24,"key":"REST"},{"floor":27,"key":"DIG"},{"floor":32,"key":"DIG"},{"floor":40,"key":"DIG"},{"floor":49,"key":"DIG"}],"neow_cost":"NONE","seed_source_timestamp":3733460915600,"circlet_count":0,"master_deck":["AscendersBane","Strike_R","Strike_R","Defend_R","Defend_R","Defend_R","Defend_R","Bash","Twin Strike","Infernal Blade","Cleave","Clothesline","Twin Strike","Ghostly Armor","Immolate","Pommel Strike","Shockwave","The Bomb","Feel No Pain","Disarm","Impervious","Blood for Blood","Apotheosis","Shockwave","Shrug It Off+1","Clothesline","Feel No Pain","Battle Trance"],"relics":["Burning Blood","Shovel","Dream Catcher","Omamori","Smiling Mask","Regal Pillow","Anchor","Orichalcum","Snecko Eye","Mummified Hand","Potion Belt","Self Forming Clay","Incense Burner","Philosopher\u0027s Stone","Bag of Preparation","Happy Flower","Pear","Pen Nib","Vajra","Art of War"],"potions_floor_usage":[16,16,23,33,33,35,50,50,50,50],"damage_taken":[{"damage":6,"enemies":"Cultist","floor":1,"turns":3},{"damage":14,"enemies":"Jaw Worm","floor":4,"turns":5},{"damage":0,"enemies":"Small Slimes","floor":5,"turns":2},{"damage":25,"enemies":"Lagavulin","floor":6,"turns":7},{"damage":11,"enemies":"2 Fungi Beasts","floor":8,"turns":4},{"damage":7,"enemies":"Looter","floor":11,"turns":4},{"damage":4,"enemies":"Blue Slaver","floor":13,"turns":3},{"damage":6,"enemies":"2 Fungi Beasts","floor":14,"turns":3},{"damage":34,"enemies":"The Guardian","floor":16,"turns":15},{"damage":12,"enemies":"Chosen","floor":18,"turns":4},{"damage":13,"enemies":"Shell Parasite","floor":19,"turns":5},{"damage":19,"enemies":"Colosseum Slavers","floor":22,"turns":3},{"damage":32,"enemies":"Slavers","floor":23,"turns":4},{"damage":2,"enemies":"3 Cultists","floor":28,"turns":3},{"damage":21,"enemies":"Cultist and Chosen","floor":29,"turns":7},{"damage":7,"enemies":"Snecko","floor":30,"turns":4},{"damage":57,"enemies":"Collector","floor":33,"turns":8},{"damage":10,"enemies":"3 Shapes","floor":35,"turns":6},{"damage":0,"enemies":"3 Darklings","floor":39,"turns":2},{"damage":17,"enemies":"Nemesis","floor":41,"turns":7},{"damage":0,"enemies":"Sphere and 2 Shapes","floor":42,"turns":3},{"damage":0,"enemies":"Maw","floor":44,"turns":5},{"damage":21,"enemies":"Writhing Mass","floor":48,"turns":6},{"damage":50,"enemies":"Awakened One","floor":50,"turns":10}],"seed_played":"8207097686277207130","potions_obtained":[{"floor":1,"key":"Ancient Potion"},{"floor":6,"key":"Regen Potion"},{"floor":14,"key":"Strength Potion"},{"floor":18,"key":"Strength Potion"},{"floor":28,"key":"AttackPotion"},{"floor":30,"key":"LiquidBronze"},{"floor":33,"key":"Regen Potion"},{"floor":42,"key":"Swift Potion"},{"floor":48,"key":"PowerPotion"}],"is_trial":false,"path_per_floor":["M","T","$","M","M","E","R","M","T","R","M","R","M","M","R","B",null,"M","M","$","?","?","E","R","$","T","R","M","M","M","?","R","B",null,"M","?","?","$","M","R","E","M","T","M","?","?","$","M","R","B",null],"character_chosen":"IRONCLAD","items_purchased":["Infernal Blade","Shockwave","The Bomb","Apotheosis","Bag of Preparation","PowerPotion","BloodPotion","Regen Potion","Vajra","Clothesline","Feel No Pain"],"campfire_rested":1,"item_purchase_floors":[3,20,20,38,38,38,38,38,47,47,47],"current_hp_per_floor":[75,75,75,67,73,54,54,49,49,49,48,48,50,50,50,37,71,65,58,58,58,45,19,58,58,58,58,62,47,46,62,62,11,64,74,74,74,74,78,78,77,83,83,88,88,88,88,73,73,44],"gold":249,"neow_bonus":"TEN_PERCENT_HP_BONUS","is_prod":false,"is_daily":false,"chose_seed":false,"campfire_upgraded":0,"win_rate":0,"timestamp":1557475584,"path_taken":["M","?","$","M","M","E","R","M","T","R","M","R","M","M","R","BOSS","M","?","$","?","?","E","R","$","T","R","M","M","M","?","R","BOSS","M","?","?","$","M","R","E","M","T","M","?","?","?","M","R","BOSS"],"build_version":"2019-01-23","purchased_purges":3,"victory":true,"max_hp_per_floor":[82,82,82,82,82,82,82,82,82,82,82,82,82,82,82,82,82,82,82,82,82,82,82,82,82,82,82,82,82,82,82,82,82,82,82,78,78,78,78,78,88,88,88,88,88,88,88,88,88,88],"card_choices":[{"not_picked":["Rage","Iron Wave"],"picked":"Twin Strike","floor":1},{"not_picked":["Perfected Strike","Reckless Charge"],"picked":"Cleave","floor":4},{"not_picked":["Body Slam","Anger"],"picked":"Clothesline","floor":5},{"not_picked":["Dual Wield","Armaments","Sever Soul"],"picked":"SKIP","floor":6},{"not_picked":["Blood for Blood","Rupture","Rage"],"picked":"SKIP","floor":8},{"not_picked":["Warcry","Searing Blow","Iron Wave"],"picked":"SKIP","floor":11},{"not_picked":["Exhume","Body Slam"],"picked":"Twin Strike","floor":13},{"not_picked":["Havoc","Cleave"],"picked":"Ghostly Armor","floor":14},{"not_picked":["Barricade","Fiend Fire"],"picked":"Immolate","floor":16},{"not_picked":["Dropkick","True Grit+1"],"picked":"Pommel Strike","floor":18},{"not_picked":["Heavy Blade","Thunderclap+1","Cleave"],"picked":"SKIP","floor":19},{"not_picked":["Iron Wave","Anger","Clash"],"picked":"SKIP","floor":23},{"not_picked":["Wild Strike","Havoc"],"picked":"Feel No Pain","floor":24},{"not_picked":["Iron Wave","Warcry","Clash"],"picked":"SKIP","floor":28},{"not_picked":["Thunderclap","Anger","Headbutt"],"picked":"SKIP","floor":29},{"not_picked":["Warcry","Sword Boomerang"],"picked":"Disarm","floor":30},{"not_picked":["Reaper","Immolate"],"picked":"Impervious","floor":33},{"not_picked":["Clash","Rampage"],"picked":"Blood for Blood","floor":35},{"not_picked":["Burning Pact+1","Armaments","Shrug It Off"],"picked":"SKIP","floor":39},{"not_picked":["Headbutt","Iron Wave","True Grit+1"],"picked":"SKIP","floor":41},{"not_picked":["Headbutt","Armaments"],"picked":"Shockwave","floor":42},{"not_picked":["True Grit","Pommel Strike"],"picked":"Shrug It Off+1","floor":44},{"not_picked":["Dual Wield+1","Dark Embrace"],"picked":"Battle Trance","floor":48}],"player_experience":430636,"relics_obtained":[{"floor":2,"key":"Shovel"},{"floor":6,"key":"Dream Catcher"},{"floor":7,"key":"Omamori"},{"floor":9,"key":"Smiling Mask"},{"floor":10,"key":"Regal Pillow"},{"floor":12,"key":"Anchor"},{"floor":15,"key":"Orichalcum"},{"floor":23,"key":"Mummified Hand"},{"floor":26,"key":"Potion Belt"},{"floor":27,"key":"Self Forming Clay"},{"floor":32,"key":"Incense Burner"},{"floor":40,"key":"Happy Flower"},{"floor":41,"key":"Pear"},{"floor":43,"key":"Pen Nib"},{"floor":49,"key":"Art of War"}],"event_choices":[{"damage_healed":0,"gold_gain":0,"player_choice":"Ignored","damage_taken":0,"max_hp_gain":0,"max_hp_loss":0,"event_name":"Vampires","floor":21,"gold_loss":0},{"damage_healed":0,"gold_gain":0,"player_choice":"Fight","damage_taken":0,"max_hp_gain":0,"max_hp_loss":0,"event_name":"Colosseum","floor":22,"gold_loss":0},{"damage_healed":0,"gold_gain":0,"player_choice":"Fled From Nobs","damage_taken":0,"max_hp_gain":0,"max_hp_loss":0,"event_name":"Colosseum","floor":22,"gold_loss":0},{"damage_healed":16,"gold_gain":0,"player_choice":"Heal","damage_taken":0,"max_hp_gain":0,"max_hp_loss":0,"event_name":"The Library","floor":31,"gold_loss":0},{"damage_healed":0,"gold_gain":0,"player_choice":"Max HP","damage_taken":0,"max_hp_gain":0,"max_hp_loss":4,"event_name":"Winding Halls","floor":36,"gold_loss":0},{"damage_healed":0,"gold_gain":999,"player_choice":"Gold","damage_taken":0,"max_hp_gain":0,"max_hp_loss":0,"event_name":"MindBloom","floor":37,"gold_loss":0,"cards_obtained":["Normality","Normality"]},{"damage_healed":0,"gold_gain":0,"player_choice":"Ignored","damage_taken":0,"max_hp_gain":0,"max_hp_loss":0,"event_name":"Tomb of Lord Red Mask","floor":45,"gold_loss":0},{"damage_healed":0,"gold_gain":0,"player_choice":"Ignored","damage_taken":0,"max_hp_gain":0,"max_hp_loss":0,"event_name":"Mysterious Sphere","floor":46,"gold_loss":0}],"is_beta":false,"boss_relics":[{"not_picked":["Tiny House","Pandora\u0027s Box"],"picked":"Snecko Eye"},{"not_picked":["Black Blood","Orrery"],"picked":"Philosopher\u0027s Stone"}],"items_purged_floors":[25,38,47],"is_endless":false,"potions_floor_spawned":[1,6,11,13,14,18,28,30,33,42,48],"ascension_level":17}