{"gold_per_floor":[117,15,15,34,50,83,98,98,98,115,129,155,155,169,169,272,272,272,22,22,22,22,22,22,22,22,22,22,22,22,22,22,22,22,22,22,22,22,22,22,22,22,22,22,22,22,22,22,22,22,22,22,22,22,22],"floor_reached":56,"playtime":11326,"items_purged":[],"score":1492,"play_id":"6edf562d-1ae1-4daf-90d0-ee852b411cce","local_time":"20190112202634","is_ascension_mode":true,"campfire_choices":[{"floor":8.0,"key":"REST"},{"data":"True Grit","floor":15.0,"key":"SMITH"},{"data":"Armaments","floor":23.0,"key":"SMITH"},{"floor":27.0,"key":"REST"},{"floor":32.0,"key":"REST"},{"floor":40.0,"key":"RECALL"},{"data":"Shockwave","floor":42.0,"key":"SMITH"},{"floor":49.0,"key":"REST"},{"floor":52.0,"key":"REST"}],"neow_cost":"NONE","seed_source_timestamp":2667992091012777,"circlet_count":0,"master_deck":["Strike_R","Strike_R","Strike_R","Strike_R","Defend_R","Defend_R","Defend_R","Defend_R+1","Bash","Twin Strike","Disarm+1","True Grit+1","Anger","Cleave","Shockwave+1","Battle Trance","Reaper","Whirlwind","Armaments+1","Inflame+1","Feel No Pain+1","Shrug It Off","Fiend Fire","Demon Form+1","Metallicize+1","Shrug It Off+1","Disarm","Ghostly Armor+1","Metallicize+1"],"special_seed":0,"relics":["Burning Blood","Vajra","Champion Belt","Sundial","Nunchaku","Mercury Hourglass","Ectoplasm","Frozen Egg 2","Enchiridion","War Paint","Pen Nib","Shuriken","Runic Cube","Regal Pillow","Mango","StoneCalendar","Gremlin Horn","Mummified Hand"],"potions_floor_usage":[],"damage_taken":[{"damage":4.0,"enemies":"Jaw Worm","floor":1.0,"turns":4.0},{"damage":0.0,"enemies":"Small Slimes","floor":4.0,"turns":3.0},{"damage":0.0,"enemies":"2 Louse","floor":5.0,"turns":3.0},{"damage":27.0,"enemies":"Lagavulin","floor":6.0,"turns":6.0},{"damage":22.0,"enemies":"Exordium Thugs","floor":7.0,"turns":4.0},{"damage":0.0,"enemies":"Large Slime","floor":10.0,"turns":3.0},{"damage":0.0,"enemies":"Exordium Wildlife","floor":11.0,"turns":2.0},{"damage":9.0,"enemies":"3 Sentries","floor":12.0,"turns":7.0},{"damage":0.0,"enemies":"Lots of Slimes","floor":14.0,"turns":1.0},{"damage":46.0,"enemies":"Slime Boss","floor":16.0,"turns":9.0},{"damage":23.0,"enemies":"Shell Parasite","floor":18.0,"turns":4.0},{"damage":0.0,"enemies":"Spheric Guardian","floor":21.0,"turns":3.0},{"damage":3.0,"enemies":"Chosen and Byrds","floor":22.0,"turns":3.0},{"damage":43.0,"enemies":"Slavers","floor":24.0,"turns":5.0},{"damage":5.0,"enemies":"Snecko","floor":25.0,"turns":4.0},{"damage":9.0,"enemies":"Snake Plant","floor":28.0,"turns":3.0},{"damage":6.0,"enemies":"Centurion and Healer","floor":29.0,"turns":3.0},{"damage":3.0,"enemies":"Book of Stabbing","floor":30.0,"turns":5.0},{"damage":44.0,"enemies":"Collector","floor":33.0,"turns":7.0},{"damage":0.0,"enemies":"3 Darklings","floor":35.0,"turns":3.0},{"damage":20.0,"enemies":"Orb Walker","floor":36.0,"turns":4.0},{"damage":28.0,"enemies":"Sphere and 2 Shapes","floor":39.0,"turns":6.0},{"damage":29.0,"enemies":"Reptomancer","floor":41.0,"turns":6.0},{"damage":12.0,"enemies":"Mind Bloom Boss Battle","floor":44.0,"turns":6.0},{"damage":18.0,"enemies":"Jaw Worm Horde","floor":45.0,"turns":4.0},{"damage":18.0,"enemies":"3 Darklings","floor":47.0,"turns":5.0},{"damage":18.0,"enemies":"Nemesis","floor":48.0,"turns":11.0},{"damage":101.0,"enemies":"Donu and Deca","floor":50.0,"turns":8.0},{"damage":97.0,"enemies":"Shield and Spear","floor":54.0,"turns":7.0},{"damage":94,"enemies":"The Heart","floor":55,"turns":8}],"seed_played":"4822569148512962486","potions_obtained":[{"floor":5.0,"key":"Explosive Potion"},{"floor":6.0,"key":"SteroidPotion"},{"floor":10.0,"key":"Ancient Potion"},{"floor":11.0,"key":"Energy Potion"},{"floor":14.0,"key":"Poison Potion"},{"floor":21.0,"key":"Swift Potion"},{"floor":22.0,"key":"Fruit Juice"},{"floor":28.0,"key":"BloodPotion"},{"floor":29.0,"key":"Block Potion"},{"floor":30.0,"key":"SkillPotion"},{"floor":33.0,"key":"Block Potion"},{"floor":36.0,"key":"PowerPotion"},{"floor":39.0,"key":"SkillPotion"},{"floor":45.0,"key":"Explosive Potion"}],"is_trial":false,"path_per_floor":["M","$","?","M","M","E","M","R","T","M","M","E","?","M","R","B",null,"M","$","?","M","M","R","E","M","T","R","M","M","E","?","R","B",null,"M","M","?","?","M","R","E","R","T","?","M","T","M","E","R","B",null,"R","$","E","B",null],"character_chosen":"IRONCLAD","items_purchased":["Disarm","True Grit","Frozen Egg 2"],"campfire_rested":5,"item_purchase_floors":[2,2,19],"current_hp_per_floor":[74,74,56,62,68,47,31,55,55,61,67,64,57,63,63,32,68,51,51,35,46,59,59,42,43,43,68,74,85,85,69,90,74,86,90,76,76,76,85,85,62,62,62,86,86,86,84,72,99,48,86,99,99,99,27],"gold":22,"neow_bonus":"RANDOM_COMMON_RELIC","is_prod":false,"is_daily":false,"chose_seed":false,"campfire_upgraded":3,"win_rate":0,"timestamp":1547342794,"path_taken":["M","$","?","M","M","E","M","R","T","M","M","E","?","M","R","BOSS","M","$","?","M","M","R","E","M","T","R","M","M","E","?","R","BOSS","M","M","?","?","?","R","E","R","T","?","M","?","M","E","R","BOSS","R","$","E","BOSS"],"build_version":"2019-01-10","purchased_purges":0,"victory":true,"max_hp_per_floor":[80,80,80,80,80,80,80,80,80,80,80,80,80,80,80,80,80,80,80,80,80,80,80,85,85,85,85,85,85,85,90,90,90,90,90,90,85,85,85,85,85,85,85,99,99,99,99,99,99,99,99,99,99,99,99],"card_choices":[{"not_picked":["Havoc","Thunderclap"],"picked":"Twin Strike","floor":1.0},{"not_picked":["Flex","Thunderclap"],"picked":"Anger","floor":4.0},{"not_picked":["Perfected Strike","Warcry"],"picked":"Cleave","floor":5.0},{"not_picked":["Ghostly Armor","Pummel"],"picked":"Shockwave","floor":6.0},{"not_picked":["Thunderclap","Shockwave","Iron Wave"],"picked":"SKIP","floor":7.0},{"not_picked":["Pummel","Shrug It Off"],"picked":"Battle Trance","floor":10.0},{"not_picked":["Body Slam","Flex","Dual Wield"],"picked":"SKIP","floor":11.0},{"not_picked":["Heavy Blade","Disarm"],"picked":"Reaper","floor":12.0},{"not_picked":["Perfected Strike","Cleave"],"picked":"Whirlwind","floor":14.0},{"not_picked":["Cleave","Perfected Strike"],"picked":"Armaments","floor":18.0},{"not_picked":["Sword Boomerang","Cleave+1"],"picked":"Inflame+1","floor":21.0},{"not_picked":["Clothesline","Sword Boomerang","Iron Wave"],"picked":"SKIP","floor":22.0},{"not_picked":["Seeing Red+1","Heavy Blade"],"picked":"Feel No Pain+1","floor":24.0},{"not_picked":["Wild Strike+1","Thunderclap","Warcry"],"picked":"SKIP","floor":25.0},{"not_picked":["Dual Wield","Clash","Cleave"],"picked":"SKIP","floor":28.0},{"not_picked":["Double Tap","Flex+1"],"picked":"Shrug It Off","floor":29.0},{"not_picked":["Barricade+1","Heavy Blade+1"],"picked":"Fiend Fire","floor":30.0},{"not_picked":["Juggernaut+1","Fiend Fire"],"picked":"Demon Form+1","floor":33.0},{"not_picked":["Rupture+1","Hemokinesis","Clothesline"],"picked":"SKIP","floor":35.0},{"not_picked":["Armaments+1","Cleave+1"],"picked":"Metallicize+1","floor":36.0},{"not_picked":["Clash","Heavy Blade+1"],"picked":"Shrug It Off+1","floor":39.0},{"not_picked":["Havoc","Iron Wave+1","Seeing Red"],"picked":"SKIP","floor":41.0},{"not_picked":["Clash","Reckless Charge+1"],"picked":"Disarm","floor":44.0},{"not_picked":["Battle Trance","Rage+1","Twin Strike+1"],"picked":"SKIP","floor":45.0},{"not_picked":["Havoc","Pummel+1"],"picked":"Ghostly Armor+1","floor":47.0},{"not_picked":["Cleave","Dropkick","Dual Wield+1"],"picked":"SKIP","floor":48.0},{"not_picked":["Juggernaut+1","Reaper"],"picked":"Metallicize+1","floor":54.0}],"player_experience":637617,"relics_obtained":[{"floor":6.0,"key":"Sundial"},{"floor":9.0,"key":"Nunchaku"},{"floor":12.0,"key":"Mercury Hourglass"},{"floor":20.0,"key":"Enchiridion"},{"floor":24.0,"key":"War Paint"},{"floor":26.0,"key":"Pen Nib"},{"floor":30.0,"key":"Shuriken"},{"floor":41.0,"key":"Regal Pillow"},{"floor":44.0,"key":"Mango"},{"floor":46.0,"key":"StoneCalendar"},{"floor":48.0,"key":"Gremlin Horn"},{"floor":54.0,"key":"Mummified Hand"}],"event_choices":[{"damage_healed":0.0,"max_hp_gain":0.0,"max_hp_loss":0.0,"gold_gain":0.0,"event_name":"Scrap Ooze","player_choice":"Success","floor":3.0,"gold_loss":0.0,"damage_taken":18.0,"relics_obtained":["Champion Belt"]},{"cards_removed":["Strike_R"],"damage_healed":0.0,"max_hp_gain":0.0,"max_hp_loss":0.0,"gold_gain":0.0,"event_name":"Golden Wing","player_choice":"Card Removal","floor":13.0,"gold_loss":0.0,"damage_taken":7.0},{"damage_healed":0.0,"max_hp_gain":0.0,"max_hp_loss":0.0,"gold_gain":0.0,"event_name":"Cursed Tome","player_choice":"Obtained Book","floor":20.0,"gold_loss":0.0,"damage_taken":16.0},{"damage_healed":0.0,"max_hp_gain":5.0,"max_hp_loss":0.0,"gold_gain":0.0,"event_name":"Forgotten Altar","player_choice":"Shed Blood","floor":31.0,"gold_loss":0.0,"damage_taken":21.0},{"damage_healed":0.0,"max_hp_gain":0.0,"max_hp_loss":5.0,"gold_gain":0.0,"event_name":"Winding Halls","player_choice":"Max HP","floor":37.0,"gold_loss":0.0,"damage_taken":0.0},{"damage_healed":0.0,"max_hp_gain":0.0,"max_hp_loss":0.0,"gold_gain":0.0,"event_name":"SecretPortal","player_choice":"Ignored","floor":38.0,"gold_loss":0.0,"damage_taken":0.0},{"damage_healed":0.0,"max_hp_gain":0.0,"max_hp_loss":0.0,"gold_gain":0.0,"event_name":"MindBloom","player_choice":"Fight","floor":44.0,"gold_loss":0.0,"damage_taken":0.0}],"is_beta":false,"boss_relics":[{"not_picked":["Snecko Eye","Black Star"],"picked":"Ectoplasm"},{"not_picked":["Calling Bell","White Beast Statue"],"picked":"Runic Cube"}],"items_purged_floors":[],"is_endless":false,"potions_floor_spawned":[5,6,10,11,14,21,22,28,29,30,33,35,36,39,45],"ascension_level":6}