{"gold_per_floor":[215,21,58,98,98,98,133,215,238,273,273,342,384,73,73,199,199,218,259,184,223,223,223,322,237,284,234,234,29,49,101,101,222,222,262,277,315,315,315,335,335,335,335,335,335,335,376,85,85,85],"floor_reached":51,"playtime":2292,"items_purged":["Strike_B","Writhe","Strike_B"],"score":692,"play_id":"ee47a271-77a3-4de1-b9d7-684c9bf5e224","local_time":"20181230235108","is_ascension_mode":false,"campfire_choices":[{"data":"HandOfGreed","floor":6.0,"key":"SMITH"},{"floor":11.0,"key":"REST"},{"data":"Fusion","floor":15.0,"key":"SMITH"},{"data":"Hologram","floor":23,"key":"SMITH"},{"data":"Go for the Eyes","floor":28,"key":"SMITH"},{"floor":32,"key":"REST"},{"data":"Capacitor","floor":42,"key":"SMITH"},{"data":"Leap","floor":44,"key":"SMITH"},{"data":"Electrodynamics","floor":46,"key":"SMITH"},{"data":"Secret Weapon","floor":49,"key":"SMITH"}],"neow_cost":"NONE","seed_source_timestamp":0,"circlet_count":0,"master_deck":["Strike_B+1","Defend_B+1","Defend_B","Defend_B","Zap","Dualcast","Fusion+1","HandOfGreed+1","Go for the Eyes+1","Hologram+1","Capacitor+1","Leap+1","Skim","Hologram+1","Streamline+1","Conserve Battery+1","Electrodynamics+1","Beam Cell+1","Lockon+1","White Noise+1","Consume+1","Secret Weapon+1"],"special_seed":0,"relics":["Cracked Core","Tiny Chest","Bronze Scales","Thread and Needle","Smiling Mask","Pen Nib","Juzu Bracelet","Potion Belt","Letter Opener","White Beast Statue","Cables","Oddly Smooth Stone"],"potions_floor_usage":[19,31,33,33,33,36,37,50,50,50,50,50],"damage_taken":[{"damage":2.0,"enemies":"2 Louse","floor":1.0,"turns":3.0},{"damage":0.0,"enemies":"Small Slimes","floor":3.0,"turns":2.0},{"damage":1.0,"enemies":"Jaw Worm","floor":4.0,"turns":2.0},{"damage":8.0,"enemies":"3 Louse","floor":7.0,"turns":3.0},{"damage":10.0,"enemies":"Lagavulin","floor":8.0,"turns":7.0},{"damage":12.0,"enemies":"2 Fungi Beasts","floor":10.0,"turns":2.0},{"damage":0.0,"enemies":"Gremlin Gang","floor":12.0,"turns":7.0},{"damage":2.0,"enemies":"Looter","floor":13.0,"turns":3.0},{"damage":14.0,"enemies":"The Guardian","floor":16.0,"turns":12.0},{"damage":4,"enemies":"Shell Parasite","floor":18,"turns":5},{"damage":0,"enemies":"2 Thieves","floor":19,"turns":4},{"damage":18,"enemies":"Centurion and Healer","floor":21,"turns":11},{"damage":2,"enemies":"Snecko","floor":30,"turns":3},{"damage":12,"enemies":"Book of Stabbing","floor":31,"turns":7},{"damage":40,"enemies":"Champ","floor":33,"turns":11},{"damage":24,"enemies":"Orb Walker","floor":35,"turns":6},{"damage":2,"enemies":"3 Darklings","floor":36,"turns":7},{"damage":33,"enemies":"Spire Growth","floor":37,"turns":5},{"damage":0,"enemies":"Transient","floor":40,"turns":5},{"damage":0,"enemies":"4 Shapes","floor":47,"turns":5},{"damage":25,"enemies":"Time Eater","floor":50,"turns":12}],"seed_played":"-8137996280406577999","potions_obtained":[{"floor":4.0,"key":"Strength Potion"},{"floor":8.0,"key":"SteroidPotion"},{"floor":13.0,"key":"AttackPotion"},{"floor":16.0,"key":"LiquidBronze"},{"floor":21,"key":"AttackPotion"},{"floor":31,"key":"FearPotion"},{"floor":33,"key":"FearPotion"},{"floor":35,"key":"Block Potion"},{"floor":36,"key":"Regen Potion"},{"floor":37,"key":"EssenceOfSteel"},{"floor":40,"key":"LiquidBronze"},{"floor":47,"key":"Swift Potion"}],"is_trial":false,"path_per_floor":["M","$","M","M","?","R","M","E","T","M","R","M","M","$","R","B",null,"M","M","?","M","?","R","?","?","T","$","R","$","M","E","R","B",null,"M","M","M","?","?","M","?","R","T","R","?","R","M","$","R","B",null],"character_chosen":"DEFECT","items_purchased":["HandOfGreed","Thread and Needle","Potion Belt","Secret Weapon","SkillPotion"],"campfire_rested":2,"item_purchase_floors":[2,14,29,48,48],"current_hp_per_floor":[73,73,73,72,57,57,49,39,39,27,49,49,47,47,47,33,75,71,71,71,53,53,53,53,53,53,53,53,53,51,39,61,21,75,51,49,30,30,30,30,66,66,66,66,66,66,66,66,66,41],"gold":85,"neow_bonus":"HUNDRED_GOLD","is_prod":false,"is_daily":false,"chose_seed":false,"campfire_upgraded":8,"win_rate":0.0,"timestamp":1546242668,"path_taken":["M","$","M","M","?","R","M","E","T","M","R","M","M","$","R","BOSS","M","M","?","M","?","R","?","?","T","$","R","$","M","E","R","BOSS","M","M","M","?","?","M","?","R","T","R","?","R","M","$","R","BOSS"],"build_version":"2018-12-20","purchased_purges":3,"victory":true,"max_hp_per_floor":[75,75,75,75,75,75,75,75,75,75,75,75,75,75,75,75,75,75,75,75,75,75,75,75,75,75,75,75,75,75,75,75,75,75,75,75,75,75,75,75,66,66,66,66,66,66,66,66,66,66],"card_choices":[{"not_picked":["Conserve Battery","Rebound"],"picked":"Fusion","floor":1.0},{"not_picked":["Stack","Loop","Aggregate"],"picked":"SKIP","floor":3.0},{"not_picked":["Stack","Loop","Aggregate"],"picked":"SKIP","floor":3.0},{"not_picked":["Hologram","Loop"],"picked":"Go for the Eyes","floor":4.0},{"not_picked":["Steam","Coolheaded"],"picked":"Hologram","floor":7.0},{"not_picked":["Tempest","Coolheaded"],"picked":"Capacitor","floor":8.0},{"not_picked":["Storm","Scrape"],"picked":"Leap","floor":10.0},{"not_picked":["Beam Cell","Storm","Stack"],"picked":"SKIP","floor":12.0},{"not_picked":["Creative AI","FTL"],"picked":"Skim","floor":13.0},{"not_picked":["Stack","Beam Cell","Steam"],"picked":"SKIP","floor":18},{"not_picked":["Rip and Tear","Leap"],"picked":"Hologram+1","floor":19},{"not_picked":["Cold Snap","Barrage+1","Blizzard"],"picked":"SKIP","floor":21},{"not_picked":["Aggregate","Go for the Eyes"],"picked":"Streamline+1","floor":30},{"not_picked":["Gash","Electrodynamics"],"picked":"Conserve Battery+1","floor":31},{"not_picked":["Reboot","Core Surge"],"picked":"Electrodynamics","floor":33},{"not_picked":["Streamline","Cold Snap+1"],"picked":"Beam Cell+1","floor":35},{"not_picked":["Redo","Coolheaded"],"picked":"Lockon+1","floor":36},{"not_picked":["Aggregate","Turbo+1"],"picked":"White Noise+1","floor":37},{"not_picked":["Barrage+1","Fission"],"picked":"Consume+1","floor":40},{"not_picked":["Consume+1","Barrage","Turbo"],"picked":"SKIP","floor":47}],"player_experience":297891,"relics_obtained":[{"floor":8.0,"key":"Tiny Chest"},{"floor":9.0,"key":"Bronze Scales"},{"floor":26,"key":"Juzu Bracelet"},{"floor":31,"key":"Letter Opener"},{"floor":43,"key":"Cables"},{"floor":45,"key":"Oddly Smooth Stone"}],"event_choices":[{"damage_healed":0.0,"max_hp_gain":0.0,"max_hp_loss":0.0,"gold_gain":0.0,"event_name":"Shining Light","player_choice":"Entered Light","floor":5.0,"gold_loss":0.0,"damage_taken":15.0,"cards_upgraded":["Strike_B","Defend_B"]},{"cards_removed":["Defend_B"],"damage_healed":0,"gold_gain":0,"player_choice":"Gave Gold","damage_taken":0,"max_hp_gain":0,"max_hp_loss":0,"event_name":"Beggar","floor":20,"gold_loss":75},{"damage_healed":0,"gold_gain":0,"player_choice":"Opened","damage_taken":0,"relics_obtained":["Smiling Mask"],"max_hp_gain":0,"max_hp_loss":0,"event_name":"The Mausoleum","floor":22,"gold_loss":0,"cards_obtained":["Writhe"]},{"damage_healed":0,"gold_gain":99,"player_choice":"Stole From Cult","damage_taken":0,"max_hp_gain":0,"max_hp_loss":0,"event_name":"Nest","floor":24,"gold_loss":0},{"damage_healed":0,"gold_gain":0,"player_choice":"Obtained Relic","damage_taken":0,"relics_obtained":["Pen Nib"],"max_hp_gain":0,"max_hp_loss":0,"event_name":"Addict","floor":25,"gold_loss":85},{"cards_removed":["Strike_B"],"damage_healed":0,"gold_gain":0,"player_choice":"Removed Attack","damage_taken":0,"max_hp_gain":0,"max_hp_loss":0,"event_name":"Falling","floor":38,"gold_loss":0},{"damage_healed":0,"gold_gain":0,"player_choice":"Ignored","damage_taken":0,"max_hp_gain":0,"max_hp_loss":0,"event_name":"SecretPortal","floor":39,"gold_loss":0},{"damage_healed":66,"gold_gain":0,"player_choice":"Heal","damage_taken":0,"max_hp_gain":0,"max_hp_loss":9,"event_name":"The Moai Head","floor":41,"gold_loss":0},{"damage_healed":0,"gold_gain":0,"player_choice":"Relic","damage_taken":0,"max_hp_gain":0,"max_hp_loss":0,"event_name":"Wheel of Change","floor":45,"gold_loss":0}],"is_beta":false,"boss_relics":[{"not_picked":["Coffee Dripper","Runic Dome","Fusion Hammer"]},{"not_picked":["Sozu","Calling Bell"],"picked":"White Beast Statue"}],"items_purged_floors":[27,29,48],"is_endless":false,"potions_floor_spawned":[4,8,13,16,21,31,33,35,36,37,40,47],"ascension_level":0}