{"gold_per_floor":[112,129,141,66,141,141,155,155,155,155,155,181,197,207,207,207],"floor_reached":16,"playtime":1044,"items_purged":[],"score":143,"play_id":"bba0e4e7-2483-4a3b-92e5-d3e347b9dbc7","local_time":"20190412120222","is_ascension_mode":true,"campfire_choices":[{"data":"Neutralize","floor":6,"key":"SMITH"},{"data":"Skewer","floor":8,"key":"SMITH"},{"data":"Backflip","floor":10,"key":"SMITH"},{"floor":15,"key":"REST"}],"neow_cost":"NONE","seed_source_timestamp":138919200292432,"circlet_count":0,"master_deck":["Defend_G","Defend_G","Defend_G","Defend_G","Defend_G","Strike_G","Strike_G","Strike_G","Strike_G","Survivor","Neutralize+1","Deflect","Backflip+1","Malaise","Skewer+1","Adrenaline","Footwork+1","Backstab"],"relics":["Ring of the Snake","NeowsBlessing","Bag of Preparation","Frozen Egg 2"],"potions_floor_usage":[12,16],"damage_taken":[{"damage":0,"enemies":"Cultist","floor":1,"turns":1},{"damage":0,"enemies":"Small Slimes","floor":2,"turns":1},{"damage":0,"enemies":"2 Louse","floor":3,"turns":1},{"damage":13,"enemies":"Exordium Thugs","floor":7,"turns":8},{"damage":23,"enemies":"Gremlin Nob","floor":12,"turns":5},{"damage":2,"enemies":"3 Louse","floor":13,"turns":3},{"damage":2,"enemies":"Lots of Slimes","floor":14,"turns":5},{"damage":38,"enemies":"Hexaghost","floor":16,"turns":22}],"seed_played":"4360731432306342151","potions_obtained":[{"floor":2,"key":"Swift Potion"},{"floor":14,"key":"GhostInAJar"}],"is_trial":false,"path_per_floor":["M","M","M","$","?","R","M","R","T","R","?","E","M","M","R","B"],"character_chosen":"THE_SILENT","items_purchased":["Malaise"],"campfire_rested":1,"item_purchase_floors":[4],"current_hp_per_floor":[63,63,63,63,52,52,39,39,39,39,39,16,14,12,33,0],"gold":207,"neow_bonus":"THREE_ENEMY_KILL","is_prod":false,"is_daily":false,"chose_seed":false,"campfire_upgraded":3,"win_rate":0,"timestamp":1555063342,"path_taken":["M","?","M","$","?","R","M","R","T","R","?","E","M","?","R","BOSS"],"build_version":"2019-01-23","purchased_purges":0,"victory":false,"max_hp_per_floor":[70,70,70,70,70,70,70,70,70,70,70,70,70,70,70,70],"card_choices":[{"not_picked":["Underhanded Strike","Well Laid Plans"],"picked":"Deflect","floor":1},{"not_picked":["Setup","Flying Knee"],"picked":"Backflip","floor":2},{"not_picked":["Setup","Terror","Outmaneuver"],"picked":"SKIP","floor":3},{"not_picked":["Bane","Acrobatics"],"picked":"Skewer","floor":7},{"not_picked":["Bouncing Flask","Concentrate"],"picked":"Adrenaline","floor":12},{"not_picked":["Bane","Bouncing Flask"],"picked":"Footwork+1","floor":13},{"not_picked":["Bane","Escape Plan"],"picked":"Backstab","floor":14}],"player_experience":426150,"relics_obtained":[{"floor":9,"key":"Bag of Preparation"},{"floor":12,"key":"Frozen Egg 2"}],"event_choices":[{"damage_healed":0,"gold_gain":75,"player_choice":"Gather Gold","damage_taken":11,"max_hp_gain":0,"max_hp_loss":0,"event_name":"World of Goop","floor":5,"gold_loss":0},{"cards_removed":["Strike_G"],"damage_healed":0,"gold_gain":0,"player_choice":"Purged","damage_taken":0,"max_hp_gain":0,"max_hp_loss":0,"event_name":"Purifier","floor":11,"gold_loss":0}],"is_beta":false,"boss_relics":[],"items_purged_floors":[],"is_endless":false,"potions_floor_spawned":[2,14],"killed_by":"Hexaghost","ascension_level":8}