{"gold_per_floor":[20,35,35,51,66,98,98,128,128,163,178,178,26,0,0,73,73,85,85,0,19,32,62,82,82,82,82,113,131,131,162,162,162],"floor_reached":33,"playtime":1480,"items_purged":[],"score":630,"play_id":"81617561-ac54-48ab-b9e5-93c7ff61ce80","local_time":"20190503144703","is_ascension_mode":true,"campfire_choices":[{"data":"Bash","floor":7,"key":"SMITH"},{"data":"Shrug It Off","floor":15,"key":"SMITH"},{"data":"Uppercut","floor":25,"key":"SMITH"},{"data":"Pommel Strike","floor":27,"key":"SMITH"},{"data":"Offering","floor":30,"key":"SMITH"},{"floor":32,"key":"REST"}],"neow_cost":"NO_GOLD","seed_source_timestamp":54674612630100,"circlet_count":0,"master_deck":["AscendersBane","Strike_R","Strike_R","Strike_R","Strike_R","Defend_R","Defend_R","Defend_R","Defend_R","Bash+1","Carnage+1","Sword Boomerang","Cleave","Pommel Strike+1","Shrug It Off+1","Seeing Red","Offering","Offering+1","RitualDagger","Dropkick","Metallicize+1","Uppercut+1","Evolve","Normality","Spot Weakness","Ghostly Armor+1"],"relics":["Burning Blood","Thread and Needle","Ancient Tea Set","Oddly Smooth Stone","Juzu Bracelet","Pantograph","Cursed Key","Matryoshka","Pear","PreservedInsect","Strawberry","Question Card"],"potions_floor_usage":[10,16,23,23,28,33],"damage_taken":[{"damage":3,"enemies":"Jaw Worm","floor":1,"turns":4},{"damage":0,"enemies":"Cultist","floor":2,"turns":4},{"damage":0,"enemies":"2 Louse","floor":4,"turns":2},{"damage":10,"enemies":"Large Slime","floor":5,"turns":5},{"damage":22,"enemies":"3 Sentries","floor":6,"turns":7},{"damage":9,"enemies":"Gremlin Nob","floor":8,"turns":3},{"damage":8,"enemies":"Lagavulin","floor":10,"turns":5},{"damage":0,"enemies":"3 Louse","floor":11,"turns":4},{"damage":27,"enemies":"The Guardian","floor":16,"turns":11},{"damage":11,"enemies":"3 Byrds","floor":18,"turns":5},{"damage":6,"enemies":"Chosen","floor":21,"turns":3},{"damage":11,"enemies":"Centurion and Healer","floor":22,"turns":5},{"damage":12,"enemies":"Slavers","floor":23,"turns":4},{"damage":10,"enemies":"Snake Plant","floor":24,"turns":2},{"damage":49,"enemies":"Book of Stabbing","floor":28,"turns":6},{"damage":0,"enemies":"Snecko","floor":29,"turns":4},{"damage":14,"enemies":"Slavers","floor":31,"turns":5},{"damage":91,"enemies":"Collector","floor":33,"turns":7}],"seed_played":"-6323980458345899921","potions_obtained":[{"floor":1,"key":"Swift Potion"},{"floor":4,"key":"Weak Potion"},{"floor":10,"key":"SkillPotion"},{"floor":22,"key":"SteroidPotion"},{"floor":24,"key":"Regen Potion"},{"floor":31,"key":"LiquidBronze"}],"is_trial":false,"path_per_floor":["M","M","?","M","M","E","R","E","T","E","M","?","$","?","R","B",null,"M","?","?","M","M","E","M","R","T","R","E","M","R","E","R","B"],"character_chosen":"IRONCLAD","items_purchased":["Offering"],"campfire_rested":1,"item_purchase_floors":[13],"current_hp_per_floor":[71,75,75,75,71,55,55,52,52,50,56,56,56,56,56,54,70,65,59,59,59,54,48,44,44,54,54,32,38,38,30,57,0],"gold":162,"neow_bonus":"ONE_RARE_RELIC","is_prod":false,"is_daily":false,"chose_seed":false,"campfire_upgraded":5,"win_rate":0,"timestamp":1556909223,"path_taken":["M","M","?","M","M","E","R","E","T","E","M","?","?","?","R","BOSS","M","?","?","M","M","E","M","R","T","R","E","M","R","E","R","BOSS"],"build_version":"2019-01-23","purchased_purges":0,"victory":false,"max_hp_per_floor":[75,75,75,75,75,75,75,75,75,75,75,75,75,75,75,75,75,75,75,75,75,75,75,75,75,85,85,92,92,92,92,92,92],"card_choices":[{"not_picked":["Uppercut","Shrug It Off"],"picked":"Carnage","floor":1},{"not_picked":["Body Slam","Iron Wave"],"picked":"Sword Boomerang","floor":2},{"not_picked":["Headbutt","Armaments"],"picked":"Cleave","floor":4},{"not_picked":["Havoc","Exhume","Rupture"],"picked":"SKIP","floor":5},{"not_picked":["Body Slam","Warcry"],"picked":"Pommel Strike","floor":6},{"not_picked":["Clothesline","Power Through"],"picked":"Shrug It Off","floor":8},{"not_picked":["Havoc","Dual Wield","Headbutt"],"picked":"SKIP","floor":10},{"not_picked":["Clothesline","Heavy Blade"],"picked":"Seeing Red","floor":11},{"not_picked":["Fiend Fire","Limit Break"],"picked":"Offering","floor":16},{"not_picked":["Thunderclap","Clash","Heavy Blade+1"],"picked":"SKIP","floor":18},{"not_picked":["Feel No Pain","Wild Strike"],"picked":"Dropkick","floor":21},{"not_picked":["Shrug It Off","Cleave"],"picked":"Metallicize+1","floor":22},{"not_picked":["Entrench","Cleave"],"picked":"Uppercut","floor":23},{"not_picked":["Feel No Pain","Iron Wave"],"picked":"Evolve","floor":24},{"not_picked":["Reckless Charge","Twin Strike","Hemokinesis"],"picked":"SKIP","floor":28},{"not_picked":["Anger","Shrug It Off"],"picked":"Spot Weakness","floor":29},{"not_picked":["Sword Boomerang","Bloodletting"],"picked":"Ghostly Armor+1","floor":31}],"player_experience":419566,"relics_obtained":[{"floor":6,"key":"Ancient Tea Set"},{"floor":8,"key":"Oddly Smooth Stone"},{"floor":9,"key":"Juzu Bracelet"},{"floor":10,"key":"Pantograph"},{"floor":23,"key":"Matryoshka"},{"floor":26,"key":"Pear"},{"floor":26,"key":"PreservedInsect"},{"floor":28,"key":"Strawberry"},{"floor":31,"key":"Question Card"}],"event_choices":[{"damage_healed":0,"gold_gain":0,"player_choice":"Forge","damage_taken":0,"max_hp_gain":0,"max_hp_loss":0,"event_name":"Accursed Blacksmith","floor":3,"gold_loss":0,"cards_upgraded":["Carnage"]},{"cards_removed":["Strike_R"],"damage_healed":0,"gold_gain":0,"player_choice":"Card Removal","damage_taken":0,"max_hp_gain":0,"max_hp_loss":0,"event_name":"Wheel of Change","floor":12,"gold_loss":0},{"damage_healed":0,"gold_gain":0,"player_choice":"Left Gold","damage_taken":0,"max_hp_gain":0,"max_hp_loss":0,"event_name":"World of Goop","floor":14,"gold_loss":26},{"damage_healed":0,"gold_gain":0,"player_choice":"Joined the Cult","damage_taken":6,"max_hp_gain":0,"max_hp_loss":0,"event_name":"Nest","floor":19,"gold_loss":0,"cards_obtained":["RitualDagger"]},{"damage_healed":0,"gold_gain":0,"player_choice":"Paid Fearfully","damage_taken":0,"max_hp_gain":0,"max_hp_loss":0,"event_name":"Masked Bandits","floor":20,"gold_loss":85}],"is_beta":false,"boss_relics":[{"not_picked":["Lizard Tail","Busted Crown"],"picked":"Cursed Key"}],"items_purged_floors":[],"is_endless":false,"potions_floor_spawned":[1,4,10,22,24,31],"killed_by":"Collector","ascension_level":16}