{"gold_per_floor":[114,114,128,139,150,150,170,170,170,189,189,220,247,259,271,283],"floor_reached":16,"playtime":1476,"items_purged":[],"score":104,"play_id":"addd49ba-c943-4311-8779-4561ad1ad213","local_time":"20180721112229","is_ascension_mode":false,"campfire_choices":[{"data":"Rage","floor":6,"key":"SMITH"},{"data":"Shockwave","floor":8,"key":"SMITH"},{"data":"Searing Blow","floor":11,"key":"SMITH"},{"data":"Searing Blow+1","floor":15,"key":"SMITH"}],"neow_cost":"NONE","seed_source_timestamp":71366171474600,"circlet_count":0,"master_deck":["Strike_R","Strike_R","Strike_R","Strike_R","Strike_R","Defend_R","Defend_R","Defend_R","Defend_R","Bash","Fire Breathing","Rage+1","Shockwave+1","Flex","Disarm","Searing Blow+2","Dark Embrace","Infernal Blade"],"relics":["Burning Blood","Blood Vial","Thread and Needle","Pantograph","MawBank"],"potions_floor_usage":[16,16,16],"damage_taken":[{"damage":5,"enemies":"Cultist","floor":1,"turns":5},{"damage":0,"enemies":"Small Slimes","floor":3,"turns":4},{"damage":0,"enemies":"Jaw Worm","floor":4,"turns":4},{"damage":7,"enemies":"Large Slime","floor":5,"turns":10},{"damage":0,"enemies":"Blue Slaver","floor":7,"turns":6},{"damage":0,"enemies":"Exordium Thugs","floor":10,"turns":5},{"damage":9,"enemies":"Lagavulin","floor":12,"turns":7},{"damage":13,"enemies":"Gremlin Gang","floor":13,"turns":6},{"damage":94,"enemies":"Hexaghost","floor":16,"turns":14}],"seed_played":"-4156830661773759301","potions_obtained":[{"floor":1,"key":"Ancient Potion"},{"floor":4,"key":"Block Potion"},{"floor":10,"key":"BloodPotion"},{"floor":12,"key":"Poison Potion"}],"is_trial":false,"path_per_floor":["M","T","M","M","M","R","M","R","T","M","R","E","M","$","R"],"character_chosen":"IRONCLAD","items_purchased":[],"campfire_rested":0,"item_purchase_floors":[],"current_hp_per_floor":[80,80,80,80,79,79,80,80,80,80,80,77,72,72,72,0],"gold":283,"neow_bonus":"RANDOM_COMMON_RELIC","is_prod":false,"is_daily":false,"chose_seed":false,"campfire_upgraded":4,"win_rate":0.0,"timestamp":1532186549,"path_taken":["M","?","?","M","M","R","M","R","T","M","R","E","M","?","R","BOSS"],"build_version":"2018-07-19v2","purchased_purges":0,"victory":false,"max_hp_per_floor":[80,80,80,80,80,80,80,80,80,80,80,80,80,80,80,80],"card_choices":[{"not_picked":["Anger","Bloodletting"],"picked":"Fire Breathing","floor":1},{"not_picked":["Pummel","Body Slam"],"picked":"Rage","floor":3},{"not_picked":["Dual Wield","Headbutt"],"picked":"Shockwave","floor":4},{"not_picked":["Pummel","Sword Boomerang"],"picked":"Flex","floor":5},{"not_picked":["Sword Boomerang","Warcry"],"picked":"Disarm","floor":7},{"not_picked":["Clothesline","Entrench"],"picked":"Searing Blow","floor":10},{"not_picked":["Body Slam","Pommel Strike"],"picked":"Dark Embrace","floor":12},{"not_picked":["Sword Boomerang","Sever Soul"],"picked":"Infernal Blade","floor":13}],"player_experience":52068,"relics_obtained":[{"floor":2,"key":"Thread and Needle"},{"floor":9,"key":"Pantograph"},{"floor":12,"key":"MawBank"}],"event_choices":[],"is_beta":false,"boss_relics":[],"items_purged_floors":[],"is_endless":false,"potions_floor_spawned":[1,4,10,12],"killed_by":"Hexaghost","ascension_level":0}