{"gold_per_floor":[118,0,16,36,53,53,64,64,91,91,91,91,120,135,135,235,285,210,37,57,67,83,83,100,100,100,110,1,21,21,40,40,40],"floor_reached":33,"playtime":1618,"items_purged":["Strike_G"],"score":412,"play_id":"e6608128-0c63-48a8-8487-b7dc63147530","local_time":"20190329155747","is_ascension_mode":true,"campfire_choices":[{"data":"Footwork","floor":6,"key":"SMITH"},{"data":"Burst","floor":8,"key":"SMITH"},{"data":"Neutralize","floor":12,"key":"SMITH"},{"data":"Dodge and Roll","floor":15,"key":"SMITH"},{"floor":23,"key":"REST"},{"floor":25,"key":"REST"},{"floor":30,"key":"REST"},{"floor":32,"key":"REST"}],"neow_cost":"PERCENT_DAMAGE","seed_source_timestamp":755878508646900,"circlet_count":0,"master_deck":["AscendersBane","Defend_G","Defend_G","Defend_G","Defend_G","Strike_G","Strike_G","Strike_G","Strike_G","Survivor","Neutralize+1","Quick Slash+1","Footwork+1","Dodge and Roll+1","Caltrops+1","Cloak And Dagger","Calculated Gamble","Burst+1","Terror","Deadly Poison","Envenom","Blade Dance+1","Dagger Spray","Poisoned Stab+1","Corpse Explosion","Bouncing Flask","Sucker Punch+1","Dodge and Roll+1","Footwork","Bane","After Image"],"relics":["Ring of the Snake","Juzu Bracelet","Odd Mushroom","Tiny House","Snake Skull","Mango"],"potions_floor_usage":[13,16,22,24,27,27,31],"damage_taken":[{"damage":5,"enemies":"Jaw Worm","floor":1,"turns":5},{"damage":1,"enemies":"Cultist","floor":3,"turns":4},{"damage":3,"enemies":"2 Louse","floor":4,"turns":3},{"damage":12,"enemies":"Lots of Slimes","floor":5,"turns":6},{"damage":0,"enemies":"Blue Slaver","floor":7,"turns":5},{"damage":0,"enemies":"The Mushroom Lair","floor":13,"turns":4},{"damage":3,"enemies":"Red Slaver","floor":14,"turns":4},{"damage":4,"enemies":"The Guardian","floor":16,"turns":14},{"damage":15,"enemies":"2 Thieves","floor":18,"turns":5},{"damage":18,"enemies":"3 Byrds","floor":20,"turns":4},{"damage":22,"enemies":"Snake Plant","floor":21,"turns":7},{"damage":2,"enemies":"3 Cultists","floor":22,"turns":3},{"damage":37,"enemies":"Shelled Parasite and Fungi","floor":24,"turns":8},{"damage":22,"enemies":"Cultist and Chosen","floor":27,"turns":6},{"damage":12,"enemies":"Snake Plant","floor":29,"turns":5},{"damage":30,"enemies":"Centurion and Healer","floor":31,"turns":3},{"damage":68,"enemies":"Collector","floor":33,"turns":6}],"seed_played":"-8575680192884294010","potions_obtained":[{"floor":5,"key":"SpeedPotion"},{"floor":7,"key":"Explosive Potion"},{"floor":13,"key":"AttackPotion"},{"floor":14,"key":"AttackPotion"},{"floor":16,"key":"Weak Potion"},{"floor":17,"key":"Fire Potion"},{"floor":20,"key":"Fire Potion"},{"floor":24,"key":"Block Potion"},{"floor":27,"key":"AttackPotion"}],"is_trial":false,"path_per_floor":["M","$","M","M","M","R","M","R","T","?","?","R","?","M","R","B",null,"M","$","M","M","M","R","M","R","T","M","$","M","R","M","R","B"],"character_chosen":"THE_SILENT","items_purchased":["Footwork","Dodge and Roll","Snake Skull","Dagger Spray","Footwork"],"campfire_rested":4,"item_purchase_floors":[2,2,19,19,28],"current_hp_per_floor":[54,54,53,50,38,38,38,38,38,38,38,38,38,35,35,31,76,61,61,43,21,19,45,8,34,48,26,26,14,44,14,44,0],"gold":40,"neow_bonus":"TWENTY_PERCENT_HP_BONUS","is_prod":false,"is_daily":false,"chose_seed":false,"campfire_upgraded":4,"win_rate":0,"timestamp":1553889467,"path_taken":["M","$","M","M","M","R","M","R","T","?","?","R","?","M","R","BOSS","M","$","M","M","M","R","M","R","T","M","$","M","R","M","R","BOSS"],"build_version":"2019-01-23","purchased_purges":1,"victory":false,"max_hp_per_floor":[84,84,84,84,84,84,84,84,84,84,84,84,84,84,84,84,89,89,89,89,89,89,89,89,89,103,103,103,103,103,103,103,103],"card_choices":[{"not_picked":["Deflect","Flying Knee"],"picked":"Quick Slash","floor":1},{"not_picked":["Finisher","Outmaneuver"],"picked":"Caltrops","floor":3},{"not_picked":["Eviscerate","Slice"],"picked":"Cloak And Dagger","floor":4},{"not_picked":["Reflex","Slice"],"picked":"Calculated Gamble","floor":5},{"not_picked":["Terror","Dodge and Roll"],"picked":"Burst","floor":7},{"not_picked":["Outmaneuver","Flying Knee"],"picked":"Terror","floor":13},{"not_picked":["Prepared","Dagger Spray"],"picked":"Deadly Poison","floor":14},{"not_picked":["A Thousand Cuts","Doppelganger"],"picked":"Envenom","floor":16},{"not_picked":["Choke","Flechettes"],"picked":"Blade Dance+1","floor":18},{"not_picked":["Deadly Poison+1","Slice+1"],"picked":"Poisoned Stab+1","floor":20},{"not_picked":["Well Laid Plans","Masterful Stab"],"picked":"Corpse Explosion","floor":21},{"not_picked":["Eviscerate","Acrobatics"],"picked":"Bouncing Flask","floor":22},{"not_picked":["Quick Slash","Acrobatics"],"picked":"Sucker Punch+1","floor":24},{"not_picked":["Prepared","Outmaneuver"],"picked":"Dodge and Roll+1","floor":27},{"not_picked":["Eviscerate+1","Underhanded Strike"],"picked":"Bane","floor":29},{"not_picked":["Poisoned Stab","Flying Knee+1"],"picked":"After Image","floor":31}],"player_experience":352944,"relics_obtained":[{"floor":9,"key":"Juzu Bracelet"},{"floor":13,"key":"Odd Mushroom"},{"floor":26,"key":"Mango"}],"event_choices":[{"cards_removed":["Defend_G"],"damage_healed":0,"gold_gain":0,"player_choice":"Purged","damage_taken":0,"max_hp_gain":0,"max_hp_loss":0,"event_name":"Purifier","floor":10,"gold_loss":0},{"damage_healed":0,"gold_gain":0,"player_choice":"Grow","damage_taken":0,"max_hp_gain":0,"max_hp_loss":0,"event_name":"Living Wall","floor":11,"gold_loss":0,"cards_upgraded":["Caltrops"]},{"damage_healed":0,"gold_gain":0,"player_choice":"Fought Mushrooms","damage_taken":0,"max_hp_gain":0,"max_hp_loss":0,"event_name":"Mushrooms","floor":13,"gold_loss":0}],"is_beta":false,"boss_relics":[{"not_picked":["Ectoplasm","Calling Bell"],"picked":"Tiny House"}],"items_purged_floors":[28],"is_endless":false,"potions_floor_spawned":[5,7,13,14,16,20,21,24,27],"killed_by":"Collector","ascension_level":10}