{"gold_per_floor":[111,124,33,48,48,48,61,16,16,16,34,34,64,123,123,201,201,213,119,132,146,163,190,190,190,216,216,216,91,120,130,130,207,207,227,243,243,243,260,260,322,68,118,70,70,84,132,148,148,148,148],"floor_reached":51,"playtime":2640,"items_purged":["Strike_B","Strike_B+1"],"score":1330,"play_id":"49632e76-6d5a-4118-ad02-ac813b5050ac","local_time":"20180816135227","is_ascension_mode":true,"campfire_choices":[{"data":"Zap","floor":6.0,"key":"SMITH"},{"data":"Defragment","floor":10.0,"key":"SMITH"},{"data":"Hologram","floor":12.0,"key":"SMITH"},{"data":"Defragment","floor":15.0,"key":"SMITH"},{"data":"Storm","floor":24.0,"key":"SMITH"},{"data":"Storm","floor":28.0,"key":"SMITH"},{"data":"Machine Learning","floor":32.0,"key":"SMITH"},{"data":"Thunder Strike","floor":40.0,"key":"SMITH"},{"floor":45.0,"key":"REST"},{"data":"Chill","floor":49.0,"key":"SMITH"}],"neow_cost":"TEN_PERCENT_HP_LOSS","seed_source_timestamp":71036243777400,"circlet_count":0,"master_deck":["Defend_B","Defend_B","Defend_B","Defend_B","Zap+1","Dualcast","AscendersBane","Core Surge","Hologram+1","Glacier","Chaos+1","Reinforced Body","Defragment+1","Leap","Defragment+1","Self Repair","Machine Learning+1","Self Repair+1","Storm+1","Storm+1","Static Discharge+1","Thunder Strike+1","Chill+1","Capacitor","White Noise"],"special_seed":0,"relics":["Cracked Core","Meat on the Bone","Mercury Hourglass","Bag of Preparation","Inserter","Bottled Flame","Whetstone","Thread and Needle","Sozu","Tiny Chest","Runic Capacitor","Boot","Girya"],"potions_floor_usage":[],"damage_taken":[{"damage":0.0,"enemies":"Cultist","floor":1.0,"turns":3.0},{"damage":2.0,"enemies":"Jaw Worm","floor":2.0,"turns":4.0},{"damage":0.0,"enemies":"Small Slimes","floor":4.0,"turns":3.0},{"damage":5.0,"enemies":"Exordium Wildlife","floor":7.0,"turns":6.0},{"damage":8.0,"enemies":"Large Slime","floor":11.0,"turns":5.0},{"damage":18.0,"enemies":"Gremlin Nob","floor":13.0,"turns":4.0},{"damage":13.0,"enemies":"Lagavulin Event","floor":14.0,"turns":6.0},{"damage":17.0,"enemies":"Slime Boss","floor":16.0,"turns":10.0},{"damage":3.0,"enemies":"3 Byrds","floor":18.0,"turns":6.0},{"damage":25.0,"enemies":"Shell Parasite","floor":20.0,"turns":9.0},{"damage":10.0,"enemies":"Snecko","floor":21.0,"turns":6.0},{"damage":39.0,"enemies":"Shelled Parasite and Fungi","floor":22.0,"turns":5.0},{"damage":28.0,"enemies":"Gremlin Leader","floor":23.0,"turns":6.0},{"damage":23.0,"enemies":"Book of Stabbing","floor":30.0,"turns":3.0},{"damage":10.0,"enemies":"Centurion and Healer","floor":31.0,"turns":4.0},{"damage":33.0,"enemies":"Automaton","floor":33.0,"turns":10.0},{"damage":11.0,"enemies":"Orb Walker","floor":35.0,"turns":3.0},{"damage":20.0,"enemies":"3 Darklings","floor":36.0,"turns":3.0},{"damage":53.0,"enemies":"Sphere and 2 Shapes","floor":39.0,"turns":3.0},{"damage":31.0,"enemies":"2 Orb Walkers","floor":41.0,"turns":5.0},{"damage":3.0,"enemies":"Flame Bruiser 2 Orb","floor":46.0,"turns":4.0},{"damage":31.0,"floor":47.0,"turns":4.0},{"damage":9.0,"enemies":"Transient","floor":48.0,"turns":6.0},{"damage":39.0,"enemies":"Donu and Deca","floor":50.0,"turns":6.0},{"damage":66,"enemies":"Awakened One","floor":51,"turns":3}],"seed_played":"-7174616878778180912","potions_obtained":[{"floor":2.0,"key":"FearPotion"},{"floor":11.0,"key":"EssenceOfSteel"},{"floor":13.0,"key":"Explosive Potion"},{"floor":16.0,"key":"Poison Potion"},{"floor":18.0,"key":"Dexterity Potion"},{"floor":23.0,"key":"Block Potion"},{"floor":31.0,"key":"Weak Potion"}],"is_trial":false,"path_per_floor":["M","M","$","M","?","R","M","$","T","R","M","R","E","?","R","B",null,"M","$","M","M","M","E","R","?","T","?","R","$","E","M","R","B",null,"M","M","?","?","M","R","E","$","T","$","R","M","?","M","R","B"],"character_chosen":"DEFECT","items_purchased":["Chaos","Defragment","Runic Capacitor","Capacitor"],"campfire_rested":1,"item_purchase_floors":[3,8,42,44],"current_hp_per_floor":[64,62,62,62,62,62,57,57,57,57,49,49,43,42,42,44,59,56,56,60,57,47,48,48,48,48,48,48,48,54,61,61,57,62,61,58,58,58,34,34,15,15,15,15,34,53,41,61,61,51,0],"gold":148,"neow_bonus":"THREE_RARE_CARDS","is_prod":false,"is_daily":false,"chose_seed":false,"campfire_upgraded":9,"win_rate":0,"timestamp":1534420347,"path_taken":["M","M","$","M","?","R","M","$","T","R","M","R","E","?","R","BOSS","M","$","M","M","M","E","R","?","T","?","R","$","E","M","R","BOSS","M","M","?","?","M","R","E","$","T","?","R","?","?","M","R","BOSS","BOSS"],"build_version":"2018-08-15","purchased_purges":2,"victory":false,"max_hp_per_floor":[64,64,64,64,64,64,64,64,64,64,64,64,64,64,64,64,64,64,64,64,64,64,64,64,64,64,64,64,64,64,64,64,64,64,64,64,64,64,64,64,64,64,64,64,64,64,64,64,64,64,64],"card_choices":[{"not_picked":["Rainbow","Machine Learning"],"picked":"Core Surge","floor":0.0},{"not_picked":["Rebound","Blizzard"],"picked":"Hologram","floor":1.0},{"not_picked":["Tempest","Double Energy"],"picked":"Glacier","floor":2.0},{"not_picked":["Coolheaded","Gash"],"picked":"Reinforced Body","floor":4.0},{"not_picked":["Rebound","Coolheaded","Sweeping Beam"],"picked":"SKIP","floor":7.0},{"not_picked":["Gash","Force Field"],"picked":"Leap","floor":11.0},{"not_picked":["Steam","Melter"],"picked":"Defragment","floor":13.0},{"not_picked":["Conserve Battery","Steam"],"picked":"Self Repair","floor":14.0},{"not_picked":["Fission","Reboot"],"picked":"Machine Learning","floor":16.0},{"not_picked":["Conserve Battery","Compile Driver"],"picked":"Self Repair+1","floor":18.0},{"not_picked":["Stack","Beam Cell+1","Force Field+1"],"picked":"SKIP","floor":20.0},{"not_picked":["Turbo","Ball Lightning"],"picked":"Storm","floor":21.0},{"not_picked":["Streamline","Ball Lightning+1","Turbo"],"picked":"SKIP","floor":22.0},{"not_picked":["Chaos","Force Field"],"picked":"Storm","floor":23.0},{"not_picked":["Undo","Stack","Skim"],"picked":"SKIP","floor":30.0},{"not_picked":["Core Surge","Steam+1"],"picked":"Static Discharge+1","floor":31.0},{"not_picked":["Biased Cognition","Rainbow"],"picked":"Thunder Strike","floor":33.0},{"not_picked":["Cold Snap","Redo","Hologram"],"picked":"SKIP","floor":35.0},{"not_picked":["Rebound+1","Compile Driver","Steam"],"picked":"SKIP","floor":36.0},{"not_picked":["All For One","Fusion+1","Coolheaded"],"picked":"SKIP","floor":39.0},{"not_picked":["Redo","Turbo"],"picked":"Chill","floor":41.0},{"not_picked":["Chill","Compile Driver+1","Doom and Gloom+1"],"picked":"SKIP","floor":46.0},{"not_picked":["Stack+1","Redo+1"],"picked":"White Noise","floor":47.0},{"not_picked":["Ball Lightning","Hologram","Lockon"],"picked":"SKIP","floor":48.0}],"player_experience":887316,"relics_obtained":[{"floor":9.0,"key":"Meat on the Bone"},{"floor":13.0,"key":"Mercury Hourglass"},{"floor":23.0,"key":"Bottled Flame"},{"floor":26.0,"key":"Whetstone"},{"floor":30.0,"key":"Thread and Needle"},{"floor":41.0,"key":"Tiny Chest"},{"floor":43.0,"key":"Boot"},{"floor":47.0,"key":"Girya"}],"event_choices":[{"event_name":"Upgrade Shrine","player_choice":"Upgraded","floor":5.0,"damage_taken":0.0},{"event_name":"Dead Adventurer","player_choice":"Searched \u00273\u0027 times","floor":14.0,"damage_taken":0.0},{"event_name":"Purifier","player_choice":"One Purge","floor":25.0,"damage_taken":0.0},{"event_name":"Vampires","player_choice":"Ignored","floor":27.0,"damage_taken":0.0},{"event_name":"The Lab","player_choice":"Got Potions","floor":37.0,"damage_taken":0.0},{"event_name":"Falling","player_choice":"Removed Attack","floor":38.0,"damage_taken":0.0},{"event_name":"Mysterious Sphere","player_choice":"Fight","floor":47.0,"damage_taken":0.0}],"is_beta":true,"boss_relics":[{"not_picked":["Lizard Tail","Astrolabe"],"picked":"Inserter"},{"not_picked":["Orrery","Runic Dome"],"picked":"Sozu"}],"items_purged_floors":[19,29],"is_endless":false,"potions_floor_spawned":[2,11,13,16,18,21,23,31,41,46,47,48],"killed_by":"Awakened One","ascension_level":20}