{"gold_per_floor":[364,57,69,80,39,39,70,82,108,108,108,122,149,167,167,243,243,253,253,1,14,14,14,29,56,56,56,71,82,82,94,94,170,170,183,183,83,83,94,94,105,105,105,50,50,50,50,63,63,63,63,63,63,24,58,58],"floor_reached":56,"playtime":5514,"items_purged":["Strike_B","Barrage"],"score":1874,"play_id":"d7c0aae6-d046-4cf8-8420-77dc25833db0","local_time":"20181123085811","is_ascension_mode":true,"campfire_choices":[{"data":"Zap","floor":6.0,"key":"SMITH"},{"data":"Heatsinks","floor":11.0,"key":"SMITH"},{"data":"Go for the Eyes","floor":15.0,"key":"SMITH"},{"data":"White Noise","floor":23.0,"key":"SMITH"},{"data":"Amplify","floor":27.0,"key":"SMITH"},{"data":"Static Discharge","floor":30.0,"key":"SMITH"},{"floor":32.0,"key":"RECALL"},{"data":"Storm","floor":40.0,"key":"SMITH"},{"data":"Defragment","floor":42.0,"key":"SMITH"},{"data":"Madness","floor":47.0,"key":"SMITH"},{"data":"Madness","floor":49.0,"key":"SMITH"},{"floor":53.0,"key":"REST"}],"neow_cost":"TEN_PERCENT_HP_LOSS","seed_source_timestamp":12353789579595,"circlet_count":0,"master_deck":["AscendersBane","Zap+1","Dualcast","Self Repair","Conserve Battery","Biased Cognition","Heatsinks+1","Cold Snap","Force Field","Hello World","Gash","Go for the Eyes+1","Electrodynamics","Beam Cell","White Noise+1","Cold Snap","Heatsinks","Compile Driver","Stack","Conserve Battery","Biased Cognition","Amplify+1","Static Discharge+1","FTL","Gash","Gash","Gash","All For One","Madness+1","Madness+1","Storm+1","Defragment+1","Steam","Loop","Turbo"],"special_seed":0,"relics":["Cracked Core","PreservedInsect","Vajra","DataDisk","Oddly Smooth Stone","Question Card","Pandora\u0027s Box","Bag of Marbles","Bottled Tornado","Sozu","Bottled Flame","Boot"],"potions_floor_usage":[],"damage_taken":[{"damage":2.0,"enemies":"Cultist","floor":1.0,"turns":4.0},{"damage":8.0,"enemies":"2 Louse","floor":3.0,"turns":3.0},{"damage":5.0,"enemies":"Small Slimes","floor":4.0,"turns":4.0},{"damage":38.0,"enemies":"3 Sentries","floor":7.0,"turns":8.0},{"damage":6.0,"enemies":"Gremlin Gang","floor":8.0,"turns":4.0},{"damage":9.0,"enemies":"Blue Slaver","floor":12.0,"turns":4.0},{"damage":0.0,"enemies":"Lagavulin","floor":13.0,"turns":5.0},{"damage":0.0,"enemies":"Looter","floor":14.0,"turns":4.0},{"damage":20.0,"enemies":"The Guardian","floor":16.0,"turns":11.0},{"damage":0.0,"enemies":"Spheric Guardian","floor":18.0,"turns":3.0},{"damage":4.0,"enemies":"Chosen","floor":21.0,"turns":5.0},{"damage":12.0,"enemies":"Centurion and Healer","floor":24.0,"turns":4.0},{"damage":0.0,"enemies":"Sentry and Sphere","floor":28.0,"turns":3.0},{"damage":0.0,"enemies":"Snecko","floor":29.0,"turns":3.0},{"damage":9.0,"enemies":"Chosen and Byrds","floor":31.0,"turns":4.0},{"damage":5.0,"enemies":"Automaton","floor":33.0,"turns":4.0},{"damage":8.0,"enemies":"Orb Walker","floor":35.0,"turns":3.0},{"damage":0.0,"enemies":"3 Darklings","floor":39.0,"turns":3.0},{"damage":21.0,"enemies":"Jaw Worm Horde","floor":41.0,"turns":2.0},{"damage":0.0,"enemies":"Sphere and 2 Shapes","floor":48.0,"turns":3.0},{"damage":44.0,"enemies":"Awakened One","floor":50.0,"turns":5.0},{"damage":24.0,"enemies":"Donu and Deca","floor":51.0,"turns":6.0},{"damage":25.0,"enemies":"Shield and Spear","floor":55.0,"turns":2.0},{"damage":88,"enemies":"The Heart","floor":56,"turns":2}],"seed_played":"-299066018583250966","potions_obtained":[{"floor":1.0,"key":"Strength Potion"},{"floor":4.0,"key":"SpeedPotion"},{"floor":7.0,"key":"Ancient Potion"},{"floor":8.0,"key":"PowerPotion"},{"floor":16.0,"key":"FearPotion"},{"floor":33.0,"key":"Fruit Juice"}],"is_trial":false,"path_per_floor":["M","$","M","M","$","R","E","M","T","?","R","M","E","M","R","B",null,"M","?","$","M","?","R","M","T","T","R","M","M","R","M","R","B","B",null,"M","?","$","?","M","R","M","R","T","$","$","T","R","M","R","B","B",null,"R","$","E","B"],"character_chosen":"DEFECT","items_purchased":["PreservedInsect","Self Repair","Heatsinks","Amplify","Static Discharge","Steam","Loop"],"campfire_rested":1,"item_purchase_floors":[2,2,5,20,20,44,54],"current_hp_per_floor":[62,62,61,63,63,63,32,33,33,33,33,31,38,45,45,32,56,56,56,56,59,59,59,54,54,54,54,54,61,61,59,59,61,68,67,55,55,55,62,62,48,48,48,48,48,48,48,62,62,25,8,54,69,69,51,0],"gold":58,"neow_bonus":"TWO_FIFTY_GOLD","is_prod":false,"is_daily":false,"chose_seed":false,"campfire_upgraded":10,"win_rate":0,"timestamp":1542959891,"path_taken":["M","$","?","M","?","R","E","M","T","?","R","M","E","M","R","BOSS","M","?","$","?","?","R","M","?","T","R","M","M","R","M","R","BOSS","BOSS","M","?","$","?","?","R","?","R","T","?","$","?","R","M","R","BOSS","BOSS","R","$","E","BOSS"],"build_version":"2018-11-15","purchased_purges":2,"victory":false,"max_hp_per_floor":[64,64,64,64,64,64,64,64,64,64,64,64,64,64,64,64,64,64,64,64,64,64,64,64,64,64,64,64,64,64,64,64,64,69,69,69,69,69,69,69,69,69,69,69,69,69,69,69,69,69,69,69,69,69,69,69],"card_choices":[{"not_picked":["Scrape","Compile Driver","Turbo"],"picked":"SKIP","floor":1.0},{"not_picked":["Barrage","Rebound"],"picked":"Conserve Battery","floor":3.0},{"not_picked":["Rebound","Streamline"],"picked":"Biased Cognition","floor":4.0},{"not_picked":["Doom and Gloom","BootSequence"],"picked":"Cold Snap","floor":7.0},{"not_picked":["Streamline","Hello World"],"picked":"Force Field","floor":8.0},{"not_picked":["Conserve Battery","Hologram"],"picked":"Hello World","floor":12.0},{"not_picked":["Skim","Rip and Tear"],"picked":"Gash","floor":13.0},{"not_picked":["Turbo","Cold Snap","Barrage"],"picked":"Go for the Eyes","floor":14.0},{"not_picked":["Fission","Machine Learning","Core Surge"],"picked":"Electrodynamics","floor":16.0},{"not_picked":["Rebound","Skim","Melter"],"picked":"Conserve Battery","floor":18.0},{"not_picked":["Aggregate","Streamline","Sweeping Beam","Beam Cell"],"picked":"SKIP","floor":21.0},{"not_picked":["Consume","Cold Snap","Coolheaded"],"picked":"FTL","floor":24.0},{"not_picked":["Static Discharge+1","Biased Cognition","Turbo"],"picked":"Gash","floor":28.0},{"not_picked":["Go for the Eyes","Sweeping Beam","Skim"],"picked":"Gash","floor":29.0},{"not_picked":["Heatsinks","Ball Lightning","Redo+1"],"picked":"Gash","floor":31.0},{"not_picked":["Amplify","Biased Cognition","Buffer"],"picked":"All For One","floor":33.0},{"not_picked":["Conserve Battery","Doom and Gloom","Streamline","Reprogram"],"picked":"SKIP","floor":35.0},{"not_picked":["Loop","Force Field+1","Glacier+1"],"picked":"Storm","floor":39.0},{"not_picked":["Redo","Sweeping Beam","Capacitor"],"picked":"Defragment","floor":41.0},{"not_picked":["Redo","Sunder","Ball Lightning","Undo"],"picked":"SKIP","floor":48.0},{"not_picked":["Lockon","Go for the Eyes","Sweeping Beam"],"picked":"Turbo","floor":55.0}],"player_experience":1093914,"relics_obtained":[{"floor":7.0,"key":"Vajra"},{"floor":9.0,"key":"DataDisk"},{"floor":13.0,"key":"Question Card"},{"floor":25.0,"key":"Bag of Marbles"},{"floor":26.0,"key":"Bottled Tornado"},{"floor":46.0,"key":"Bottled Flame"},{"floor":55.0,"key":"Boot"}],"event_choices":[{"damage_healed":0.0,"max_hp_gain":0.0,"max_hp_loss":0.0,"gold_gain":0.0,"event_name":"Dead Adventurer","player_choice":"Searched \u00271\u0027 times","floor":10.0,"gold_loss":0.0,"damage_taken":0.0,"relics_obtained":["Oddly Smooth Stone"]},{"damage_healed":0.0,"max_hp_gain":0.0,"max_hp_loss":0.0,"gold_gain":0.0,"event_name":"Duplicator","player_choice":"Copied","floor":19.0,"gold_loss":0.0,"damage_taken":0.0,"cards_obtained":["Biased Cognition"]},{"damage_healed":0.0,"max_hp_gain":0.0,"max_hp_loss":0.0,"gold_gain":0.0,"event_name":"The Mausoleum","player_choice":"Ignored","floor":22.0,"gold_loss":0.0,"damage_taken":0.0},{"damage_healed":0.0,"max_hp_gain":0.0,"max_hp_loss":0.0,"gold_gain":0.0,"event_name":"Winding Halls","player_choice":"Embrace Madness","floor":36.0,"gold_loss":0.0,"damage_taken":12.0,"cards_obtained":["Madness","Madness"]},{"damage_healed":0.0,"max_hp_gain":0.0,"max_hp_loss":0.0,"gold_gain":0.0,"event_name":"SecretPortal","player_choice":"Ignored","floor":38.0,"gold_loss":0.0,"damage_taken":0.0}],"is_beta":true,"boss_relics":[{"not_picked":["Nuclear Battery","Calling Bell"],"picked":"Pandora\u0027s Box"},{"not_picked":["Eternal Feather","FrozenCore"],"picked":"Sozu"}],"items_purged_floors":[2,37],"is_endless":false,"potions_floor_spawned":[1,4,7,8,16,31,33,48,55],"killed_by":"The Heart","ascension_level":20}