{"gold_per_floor":[115,195,270,41,65,97,97,109,109,122,47,47,74,174,174,174],"floor_reached":16,"playtime":759,"items_purged":["Strike_MRS"],"score":131,"play_id":"d833d60c-bcd6-4245-b880-64847f7b7254","local_time":"20190210152745","is_ascension_mode":false,"campfire_choices":[{"data":"LuminesStrike","floor":7,"key":"SMITH"},{"data":"Singularity","floor":15,"key":"SMITH"}],"neow_cost":"NONE","seed_source_timestamp":4159671730526,"circlet_count":0,"master_deck":["Strike_MRS","Strike_MRS","Strike_MRS","Defend_MRS","Defend_MRS","Defend_MRS","Defend_MRS","MasterSpark","UpSweep","ChargingUp","PulseMagic","LuminesStrike+1","LuminesStrike+1","AsteroidBelt","Singularity+1"],"relics":["MiniHakkero","NeowsBlessing","Tiny Chest","Anchor","Juzu Bracelet","Bag of Preparation","Bottled Flame","Blue Candle"],"potions_floor_usage":[13,16],"damage_taken":[{"damage":0,"enemies":"Cultist","floor":1,"turns":1},{"damage":0,"enemies":"Lagavulin","floor":6,"turns":1},{"damage":0,"enemies":"Small Slimes","floor":8,"turns":1},{"damage":0,"enemies":"Jaw Worm","floor":10,"turns":2},{"damage":8,"enemies":"Gremlin Nob","floor":13,"turns":3},{"damage":54,"enemies":"Slime Boss","floor":16,"turns":8}],"seed_played":"-1821152444702015379","potions_obtained":[{"floor":1,"key":"AttackPotion"},{"floor":6,"key":"Ancient Potion"},{"floor":10,"key":"GamblersBrew"}],"is_trial":false,"path_per_floor":["M","T","?","$","T","E","R","M","T","M","$","?","E","?","R","B"],"character_chosen":"MARISA","items_purchased":["Anchor","PulseMagic"],"campfire_rested":0,"item_purchase_floors":[4,4],"current_hp_per_floor":[75,75,64,64,64,64,64,64,64,64,64,64,56,56,56,2],"gold":174,"neow_bonus":"THREE_ENEMY_KILL","is_prod":false,"is_daily":false,"chose_seed":false,"campfire_upgraded":2,"win_rate":0.0,"timestamp":1549808865,"path_taken":["M","?","?","?","?","E","R","M","T","M","$","?","E","?","R","BOSS"],"build_version":"2019-01-23","purchased_purges":1,"victory":false,"max_hp_per_floor":[75,75,75,75,75,75,75,75,75,75,75,75,75,75,75,75],"card_choices":[{"not_picked":["StarlightTyphoon","MysteriousBeam"],"picked":"ChargingUp","floor":1},{"not_picked":["PulseMagic","MysteriousBeam"],"picked":"LuminesStrike","floor":6},{"not_picked":["D6C","DarkMatter"],"picked":"LuminesStrike","floor":8},{"not_picked":["PowerUp","DarkMatter"],"picked":"AsteroidBelt","floor":10},{"not_picked":["Occultation","AsteroidBelt"],"picked":"Singularity","floor":13}],"player_experience":212587,"relics_obtained":[{"floor":2,"key":"Tiny Chest"},{"floor":5,"key":"Juzu Bracelet"},{"floor":6,"key":"Bag of Preparation"},{"floor":9,"key":"Bottled Flame"},{"floor":13,"key":"Blue Candle"}],"event_choices":[{"damage_healed":0,"gold_gain":75,"player_choice":"Gather Gold","damage_taken":11,"max_hp_gain":0,"max_hp_loss":0,"event_name":"World of Goop","floor":3,"gold_loss":0},{"damage_healed":0,"gold_gain":0,"player_choice":"Forge","damage_taken":0,"max_hp_gain":0,"max_hp_loss":0,"event_name":"Accursed Blacksmith","floor":12,"gold_loss":0,"cards_upgraded":["LuminesStrike"]},{"damage_healed":0,"gold_gain":100,"player_choice":"Gold","damage_taken":0,"max_hp_gain":0,"max_hp_loss":0,"event_name":"Wheel of Change","floor":14,"gold_loss":0}],"is_beta":false,"boss_relics":[],"items_purged_floors":[11],"is_endless":false,"potions_floor_spawned":[1,6,10],"killed_by":"Slime Boss","ascension_level":0}