{"gold_per_floor":[368,368,19,194,54,110,110,127,127,146,174,124,124,134,134,237,237,250,210,229,229,240,268,50,60,60,60,93,93,93,106,106,203,203,220,220,152,172,182,215,230,256,256,26,26,26,13,13,13,13],"floor_reached":51,"playtime":9649,"items_purged":["Pain","Doubt"],"score":795,"play_id":"ad05b735-315a-4184-acb3-24210e33784c","local_time":"20181118003055","is_ascension_mode":false,"campfire_choices":[{"floor":7,"key":"REST"},{"floor":13,"key":"REST"},{"data":"Apotheosis","floor":15,"key":"SMITH"},{"floor":27,"key":"REST"},{"data":"After Image","floor":32,"key":"SMITH"},{"data":"Footwork","floor":49,"key":"SMITH"}],"neow_cost":"PERCENT_DAMAGE","seed_source_timestamp":170726581994601,"circlet_count":0,"master_deck":["Defend_G","Defend_G","Defend_G","Defend_G","Defend_G","Strike_G","Strike_G","Strike_G","Survivor","Neutralize","All Out Attack","Apotheosis+1","Caltrops","Slice","Infinite Blades","Infinite Blades","Slice","Leg Sweep","Catalyst","Backstab","After Image+1","Deadly Poison+1","Prepared","Iron Wave","Footwork+1","Venomology","Well Laid Plans","Calculated Gamble","Backflip","Dodge and Roll","After Image+1","Deadly Poison+1","Infinite Blades+1","Dodge and Roll+1","Dodge and Roll+1","Corpse Explosion","Prepared+1","Leg Sweep+1","PiercingWail","Cloak And Dagger"],"relics":["Ring of the Snake","WarpedTongs","Tiny Chest","Bottled Flame","Odd Mushroom","Runic Pyramid","Bag of Marbles","Lantern","Darkstone Periapt","Frozen Egg 2","WristBlade","Bag of Preparation","Bottled Tornado","Juzu Bracelet","Lee\u0027s Waffle","Mummified Hand","MawBank"],"potions_floor_usage":[6,16,20,23,28,29,30,33,33,38,39,40,42,48,50,50],"damage_taken":[{"damage":0,"enemies":"Small Slimes","floor":1,"turns":4},{"damage":7,"enemies":"Gremlin Nob","floor":6,"turns":4},{"damage":0,"enemies":"Cultist","floor":8,"turns":3},{"damage":1,"enemies":"Jaw Worm","floor":10,"turns":4},{"damage":9,"enemies":"The Mushroom Lair","floor":11,"turns":4},{"damage":10,"enemies":"Exordium Thugs","floor":14,"turns":4},{"damage":8,"enemies":"Slime Boss","floor":16,"turns":9},{"damage":1,"enemies":"Chosen","floor":18,"turns":6},{"damage":10,"enemies":"Shell Parasite","floor":20,"turns":5},{"damage":4,"enemies":"Sentry and Sphere","floor":22,"turns":6},{"damage":9,"enemies":"Gremlin Leader","floor":23,"turns":6},{"damage":1,"enemies":"Chosen and Byrds","floor":25,"turns":5},{"damage":1,"enemies":"Book of Stabbing","floor":28,"turns":6},{"damage":0,"enemies":"Snake Plant","floor":29,"turns":1},{"damage":0,"enemies":"Masked Bandits","floor":30,"turns":1},{"damage":2,"enemies":"Centurion and Healer","floor":31,"turns":7},{"damage":7,"enemies":"Champ","floor":33,"turns":14},{"damage":0,"enemies":"3 Shapes","floor":35,"turns":2},{"damage":4,"enemies":"3 Darklings","floor":38,"turns":3},{"damage":3,"enemies":"Sphere and 2 Shapes","floor":39,"turns":8},{"damage":20,"enemies":"Reptomancer","floor":40,"turns":11},{"damage":17,"enemies":"Spire Growth","floor":41,"turns":6},{"damage":0,"enemies":"Giant Head","floor":42,"turns":9},{"damage":0,"enemies":"Transient","floor":48,"turns":1},{"damage":25,"enemies":"Time Eater","floor":50,"turns":15}],"seed_played":"8045568798429018118","potions_obtained":[{"floor":1,"key":"AttackPotion"},{"floor":8,"key":"Energy Potion"},{"floor":19,"key":"SmokeBomb"},{"floor":19,"key":"Ancient Potion"},{"floor":19,"key":"SmokeBomb"},{"floor":22,"key":"Fire Potion"},{"floor":25,"key":"Fire Potion"},{"floor":31,"key":"Fire Potion"},{"floor":35,"key":"GhostInAJar"},{"floor":41,"key":"Energy Potion"},{"floor":42,"key":"Energy Potion"}],"is_trial":false,"path_per_floor":["M","?","$","?","$","E","R","M","T","M","?","?","R","M","R","B",null,"M","?","M","?","M","E","$","M","T","R","E","M","?","M","R","B",null,"M","?","$","M","M","E","M","E","T","$","T","T","$","M","R","B",null],"character_chosen":"THE_SILENT","items_purchased":["Apotheosis","Caltrops","Slice","Infinite Blades","Lantern","Well Laid Plans","Infinite Blades+1","Lee\u0027s Waffle","PiercingWail","Cloak And Dagger"],"campfire_rested":3,"item_purchase_floors":[3,3,3,5,24,24,37,44,44,47],"current_hp_per_floor":[49,49,49,49,49,42,63,63,63,62,53,53,70,60,60,52,70,69,69,59,59,55,46,46,45,45,66,65,65,65,63,63,56,70,70,70,70,66,63,43,26,26,26,77,77,77,77,77,77,52],"gold":13,"neow_bonus":"TWO_FIFTY_GOLD","is_prod":false,"is_daily":false,"chose_seed":false,"campfire_upgraded":3,"win_rate":0,"timestamp":1542519055,"path_taken":["M","?","?","?","$","E","R","M","T","M","?","?","R","?","R","BOSS","M","?","?","?","M","E","$","?","T","R","E","M","?","M","R","BOSS","M","?","$","M","?","E","M","E","T","$","?","?","?","M","R","BOSS"],"build_version":"2018-11-15","purchased_purges":2,"victory":true,"max_hp_per_floor":[70,70,70,70,70,70,70,70,70,70,70,70,70,70,70,70,70,70,70,70,70,70,70,70,70,70,70,70,70,70,70,70,70,70,70,70,70,70,70,70,70,70,70,77,77,77,77,77,77,77],"card_choices":[{"not_picked":["Acrobatics","Flechettes"],"picked":"All Out Attack","floor":1},{"not_picked":["Underhanded Strike","Flying Knee"],"picked":"Infinite Blades","floor":6},{"not_picked":["Quick Slash","Blade Dance"],"picked":"Slice","floor":8},{"not_picked":["Heel Hook","Backstab"],"picked":"Leg Sweep","floor":10},{"not_picked":["Slice","Blade Dance"],"picked":"Catalyst","floor":11},{"not_picked":["Acrobatics","Reflex"],"picked":"Backstab","floor":14},{"not_picked":["Malaise","A Thousand Cuts"],"picked":"After Image","floor":16},{"not_picked":["Cloak And Dagger","Eviscerate"],"picked":"Deadly Poison+1","floor":18},{"not_picked":["Sucker Punch","Eviscerate"],"picked":"Prepared","floor":20},{"not_picked":["Dagger Throw","Flying Knee"],"picked":"Footwork","floor":22},{"not_picked":["Masterful Stab","Underhanded Strike+1"],"picked":"Venomology","floor":23},{"not_picked":["Distraction","Flechettes+1"],"picked":"Calculated Gamble","floor":25},{"not_picked":["Calculated Gamble+1","Finisher"],"picked":"Backflip","floor":28},{"not_picked":["Calculated Gamble","Dagger Throw"],"picked":"Dodge and Roll","floor":31},{"not_picked":["Die Die Die","Unload"],"picked":"After Image+1","floor":33},{"not_picked":["Well Laid Plans+1","Outmaneuver+1"],"picked":"Deadly Poison+1","floor":35},{"not_picked":["Eviscerate+1","Phantasmal Killer"],"picked":"Dodge and Roll+1","floor":38},{"not_picked":["Dagger Throw+1","Catalyst"],"picked":"Dodge and Roll+1","floor":39},{"not_picked":["Choke","Reflex+1"],"picked":"Corpse Explosion","floor":40},{"not_picked":["Heel Hook","Dagger Spray+1"],"picked":"Prepared+1","floor":41},{"not_picked":["Dodge and Roll+1","Predator"],"picked":"Leg Sweep+1","floor":42}],"player_experience":267788,"relics_obtained":[{"floor":6,"key":"Tiny Chest"},{"floor":9,"key":"Bottled Flame"},{"floor":11,"key":"Odd Mushroom"},{"floor":23,"key":"Bag of Marbles"},{"floor":26,"key":"Darkstone Periapt"},{"floor":28,"key":"Frozen Egg 2"},{"floor":40,"key":"Bag of Preparation"},{"floor":42,"key":"Bottled Tornado"},{"floor":43,"key":"Juzu Bracelet"},{"floor":45,"key":"Mummified Hand"},{"floor":46,"key":"MawBank"}],"event_choices":[{"damage_healed":0,"gold_gain":0,"player_choice":"Rummage","damage_taken":0,"relics_obtained":["WarpedTongs"],"max_hp_gain":0,"max_hp_loss":0,"event_name":"Accursed Blacksmith","floor":2,"gold_loss":0,"cards_obtained":["Pain"]},{"damage_healed":0,"gold_gain":175,"player_choice":"AGREE","damage_taken":0,"max_hp_gain":0,"max_hp_loss":0,"event_name":"Liars Game","floor":4,"gold_loss":0,"cards_obtained":["Doubt"]},{"damage_healed":0,"gold_gain":0,"player_choice":"Fought Mushrooms","damage_taken":0,"max_hp_gain":0,"max_hp_loss":0,"event_name":"Mushrooms","floor":11,"gold_loss":0},{"cards_removed":["Strike_G"],"damage_healed":0,"gold_gain":0,"player_choice":"Card Removal","damage_taken":0,"max_hp_gain":0,"max_hp_loss":0,"event_name":"The Cleric","floor":12,"gold_loss":50},{"damage_healed":0,"gold_gain":0,"player_choice":"Bought 3 Potions","damage_taken":0,"max_hp_gain":0,"max_hp_loss":0,"event_name":"The Woman in Blue","floor":19,"gold_loss":0},{"cards_removed":["Strike_G"],"damage_healed":0,"gold_gain":0,"player_choice":"Took Card","damage_taken":0,"max_hp_gain":0,"max_hp_loss":0,"event_name":"NoteForYourself","floor":21,"gold_loss":0,"cards_obtained":["Iron Wave"]},{"damage_healed":0,"gold_gain":0,"player_choice":"Fought Bandits","damage_taken":0,"max_hp_gain":0,"max_hp_loss":0,"event_name":"Masked Bandits","floor":30,"gold_loss":0},{"damage_healed":0,"gold_gain":0,"player_choice":"0 cards matched","damage_taken":0,"max_hp_gain":0,"max_hp_loss":0,"event_name":"Match and Keep!","floor":36,"gold_loss":0,"cards_obtained":[]}],"is_beta":false,"boss_relics":[{"not_picked":["Snecko Eye","Busted Crown"],"picked":"Runic Pyramid"},{"not_picked":["Pandora\u0027s Box","White Beast Statue"],"picked":"WristBlade"}],"items_purged_floors":[3,5],"is_endless":false,"potions_floor_spawned":[1,8,22,25,30,31,35,41,42,48],"ascension_level":0}