{"gold_per_floor":[118,128,140,153,173,173,204,204,227,287,304,319,354,366,366,464,464,479,479,494,494,511,511,587,615,669,682,682,699,712,712,712,811,861,874,874,312,328,328,328,353,353,353,353],"floor_reached":44,"playtime":2206,"items_purged":["Feed"],"score":796,"play_id":"213e6217-1424-4e71-9e3f-bd331dca963b","local_time":"20190424110152","is_ascension_mode":true,"campfire_choices":[{"data":"Armaments","floor":6,"key":"SMITH"},{"data":"Whirlwind","floor":8,"key":"SMITH"},{"data":"Flame Barrier","floor":15,"key":"SMITH"},{"data":"Barricade","floor":23,"key":"SMITH"},{"data":"Body Slam","floor":28,"key":"SMITH"},{"data":"Bash","floor":32,"key":"SMITH"},{"data":"Offering","floor":40,"key":"SMITH"},{"data":"Seeing Red","floor":42,"key":"SMITH"}],"neow_cost":"NONE","seed_source_timestamp":172907214200,"circlet_count":0,"master_deck":["AscendersBane","Defend_R+1","Defend_R","Defend_R+1","Defend_R","Bash+1","Whirlwind+1","Headbutt","Dropkick","Armaments+1","Flame Barrier+1","Shrug It Off","Spot Weakness","Seeing Red+1","Barricade+1","Body Slam+1","Intimidate","Bite","Bite+1","Bite+1","Bite","Bite","True Grit+1","Necronomicurse","Sword Boomerang","Metallicize","Impervious+1","Offering+1","Evolve","Seeing Red+1","Whirlwind+1"],"relics":["Burning Blood","NeowsBlessing","Anchor","War Paint","Tiny Chest","Orichalcum","Philosopher\u0027s Stone","Necronomicon","Mercury Hourglass","Bird Faced Urn","Art of War","Turnip","Tiny House","Red Skull","ClockworkSouvenir","Whetstone"],"potions_floor_usage":[10,10,16,25,33,33,34,41,44],"damage_taken":[{"damage":0,"enemies":"Cultist","floor":1,"turns":1},{"damage":0,"enemies":"Small Slimes","floor":2,"turns":1},{"damage":0,"enemies":"2 Louse","floor":3,"turns":1},{"damage":11,"enemies":"Looter","floor":4,"turns":2},{"damage":11,"enemies":"Blue Slaver","floor":5,"turns":4},{"damage":33,"enemies":"3 Sentries","floor":7,"turns":11},{"damage":16,"enemies":"Lagavulin","floor":10,"turns":6},{"damage":0,"enemies":"2 Fungi Beasts","floor":11,"turns":2},{"damage":0,"enemies":"Gremlin Gang","floor":12,"turns":2},{"damage":14,"enemies":"3 Sentries","floor":13,"turns":7},{"damage":1,"enemies":"Looter","floor":14,"turns":3},{"damage":31,"enemies":"Hexaghost","floor":16,"turns":13},{"damage":15,"enemies":"Chosen","floor":18,"turns":5},{"damage":18,"enemies":"Spheric Guardian","floor":20,"turns":5},{"damage":4,"enemies":"Snake Plant","floor":22,"turns":2},{"damage":34,"enemies":"Book of Stabbing","floor":25,"turns":6},{"damage":0,"enemies":"Snecko","floor":27,"turns":4},{"damage":0,"enemies":"3 Cultists","floor":29,"turns":2},{"damage":0,"enemies":"Snake Plant","floor":30,"turns":4},{"damage":58,"enemies":"Collector","floor":33,"turns":12},{"damage":4,"enemies":"3 Darklings","floor":35,"turns":3},{"damage":6,"enemies":"Orb Walker","floor":38,"turns":2},{"damage":25,"enemies":"Giant Head","floor":41,"turns":7},{"damage":69,"enemies":"Nemesis","floor":44,"turns":6}],"seed_played":"8917888889085342967","potions_obtained":[{"floor":2,"key":"Poison Potion"},{"floor":3,"key":"Poison Potion"},{"floor":5,"key":"EssenceOfSteel"},{"floor":14,"key":"Block Potion"},{"floor":16,"key":"GamblersBrew"},{"floor":25,"key":"Ancient Potion"},{"floor":30,"key":"Strength Potion"},{"floor":33,"key":"Fruit Juice"},{"floor":34,"key":"Fruit Juice"},{"floor":41,"key":"AttackPotion"}],"is_trial":false,"path_per_floor":["M","M","M","M","M","R","E","R","T","E","M","M","E","M","R","B",null,"M","?","M","?","M","R","T","E","T","M","R","M","M","T","R","B",null,"M","?","$","M","?","R","E","R","T","E"],"character_chosen":"IRONCLAD","items_purchased":["Red Skull","ClockworkSouvenir","SteroidPotion","Evolve"],"campfire_rested":0,"item_purchase_floors":[37,37,37,37],"current_hp_per_floor":[78,80,80,75,70,70,43,43,43,33,39,45,37,42,42,17,64,55,55,46,30,35,35,35,15,15,35,35,44,56,56,56,17,60,66,66,66,70,70,70,52,52,52,0],"gold":353,"neow_bonus":"THREE_ENEMY_KILL","is_prod":false,"is_daily":false,"chose_seed":false,"campfire_upgraded":8,"win_rate":0,"timestamp":1556118112,"path_taken":["M","?","M","M","M","R","E","R","T","E","?","M","E","M","R","BOSS","M","?","M","?","M","R","?","E","T","M","R","M","M","?","R","BOSS","M","?","$","M","?","R","E","R","T","E"],"build_version":"2019-01-23","purchased_purges":1,"victory":false,"max_hp_per_floor":[80,80,80,80,80,80,80,80,80,80,80,80,80,80,80,80,80,80,56,56,56,56,56,56,56,56,56,56,56,56,56,56,61,71,71,71,71,71,71,71,71,71,71,71],"card_choices":[{"not_picked":["Armaments","Pommel Strike"],"picked":"Whirlwind","floor":1},{"not_picked":["Clash","Second Wind"],"picked":"Headbutt","floor":2},{"not_picked":["Cleave","Sentinel"],"picked":"Dropkick","floor":3},{"not_picked":["Seeing Red","Blood for Blood"],"picked":"Armaments","floor":4},{"not_picked":["Body Slam","Anger"],"picked":"Flame Barrier","floor":5},{"not_picked":["Warcry","Bloodletting","Thunderclap"],"picked":"SKIP","floor":7},{"not_picked":["Pommel Strike","Iron Wave"],"picked":"Shrug It Off","floor":10},{"not_picked":["Body Slam","Armaments"],"picked":"Spot Weakness","floor":11},{"not_picked":["Burning Pact","Warcry"],"picked":"Seeing Red","floor":12},{"not_picked":["Corruption","Pommel Strike"],"picked":"Barricade","floor":13},{"not_picked":["Headbutt","Burning Pact"],"picked":"Body Slam","floor":14},{"not_picked":["Brutality","Double Tap"],"picked":"Feed","floor":16},{"not_picked":["Thunderclap","Whirlwind"],"picked":"Intimidate","floor":18},{"not_picked":["Twin Strike","Sword Boomerang"],"picked":"True Grit+1","floor":20},{"not_picked":["Immolate","Flex","Carnage"],"picked":"SKIP","floor":22},{"not_picked":["Clothesline","Flex"],"picked":"Sword Boomerang","floor":25},{"not_picked":["Thunderclap+1","Corruption","Ghostly Armor"],"picked":"SKIP","floor":27},{"not_picked":["Wild Strike","Burning Pact+1","Rupture"],"picked":"SKIP","floor":29},{"not_picked":["Shrug It Off","Heavy Blade"],"picked":"Metallicize","floor":30},{"not_picked":["Dark Embrace","Barricade"],"picked":"Impervious","floor":33},{"not_picked":["Iron Wave","Shrug It Off+1"],"picked":"Offering","floor":35},{"not_picked":["Headbutt","Wild Strike+1"],"picked":"Seeing Red+1","floor":38},{"not_picked":["Flex","Immolate","Clothesline"],"picked":"SKIP","floor":41}],"player_experience":381502,"relics_obtained":[{"floor":7,"key":"Anchor"},{"floor":9,"key":"War Paint"},{"floor":10,"key":"Tiny Chest"},{"floor":13,"key":"Orichalcum"},{"floor":21,"key":"Necronomicon"},{"floor":24,"key":"Mercury Hourglass"},{"floor":25,"key":"Bird Faced Urn"},{"floor":26,"key":"Art of War"},{"floor":31,"key":"Turnip"},{"floor":41,"key":"Whetstone"}],"event_choices":[{"damage_healed":0,"gold_gain":0,"player_choice":"Became a vampire","damage_taken":0,"max_hp_gain":0,"max_hp_loss":24,"event_name":"Vampires","floor":19,"gold_loss":0,"cards_obtained":["Bite","Bite","Bite","Bite","Bite"]},{"damage_healed":0,"gold_gain":0,"player_choice":"Obtained Book","damage_taken":16,"max_hp_gain":0,"max_hp_loss":0,"event_name":"Cursed Tome","floor":21,"gold_loss":0},{"damage_healed":0,"gold_gain":0,"player_choice":"Ignored","damage_taken":0,"max_hp_gain":0,"max_hp_loss":0,"event_name":"Tomb of Lord Red Mask","floor":36,"gold_loss":0},{"damage_healed":0,"gold_gain":0,"player_choice":"Copied","damage_taken":0,"max_hp_gain":0,"max_hp_loss":0,"event_name":"Duplicator","floor":39,"gold_loss":0,"cards_obtained":["Whirlwind"]}],"is_beta":false,"boss_relics":[{"not_picked":["Snecko Eye","Pandora\u0027s Box"],"picked":"Philosopher\u0027s Stone"},{"not_picked":["Lizard Tail","Calling Bell"],"picked":"Tiny House"}],"items_purged_floors":[37],"is_endless":false,"potions_floor_spawned":[2,3,5,7,14,16,25,30,33,41],"killed_by":"Nemesis","ascension_level":12}