{"gold_per_floor":[119,69,82,102,51,51,76,76,76,76,110,14,14,40,40,40],"floor_reached":16,"playtime":528,"items_purged":[],"score":157,"play_id":"a06926e0-658a-4389-9164-81d17b97613b","local_time":"20190612202117","is_ascension_mode":true,"campfire_choices":[{"data":"Gash","floor":6,"key":"SMITH"},{"data":"Zap","floor":8,"key":"SMITH"},{"floor":10,"key":"REST"},{"data":"Conserve Battery","floor":13,"key":"SMITH"},{"floor":15,"key":"REST"}],"neow_cost":"TEN_PERCENT_HP_LOSS","seed_source_timestamp":65416210461600,"circlet_count":0,"master_deck":["Strike_B","Strike_B","Strike_B","Defend_B","Defend_B","Zap+1","Dualcast","Conserve Battery+1","Sweeping Beam","Gash+1","Steam","Madness"],"relics":["Cracked Core","Pocketwatch","Calipers","Du-Vu Doll","Anchor"],"potions_floor_usage":[11,14],"damage_taken":[{"damage":3,"enemies":"2 Louse","floor":1,"turns":2},{"damage":0,"enemies":"Cultist","floor":3,"turns":3},{"damage":7,"enemies":"Jaw Worm","floor":4,"turns":3},{"damage":23,"enemies":"Lagavulin","floor":7,"turns":7},{"damage":23,"enemies":"3 Sentries","floor":11,"turns":5},{"damage":13,"enemies":"Gremlin Nob","floor":14,"turns":4},{"damage":41,"enemies":"Slime Boss","floor":16,"turns":6}],"seed_played":"-7625165834193167807","potions_obtained":[{"floor":4,"key":"PowerPotion"},{"floor":11,"key":"SpeedPotion"}],"is_trial":false,"path_per_floor":["M","?","M","M","$","R","E","R","T","R","E","$","R","E","R","B"],"character_chosen":"DEFECT","items_purchased":["Gash","Madness"],"campfire_rested":2,"item_purchase_floors":[5,12],"current_hp_per_floor":[65,65,65,58,58,58,35,35,35,55,32,32,32,19,39,0],"gold":40,"neow_bonus":"REMOVE_TWO","is_prod":false,"is_daily":false,"chose_seed":false,"campfire_upgraded":3,"win_rate":0,"timestamp":1560396077,"path_taken":["M","?","M","M","$","R","E","R","T","R","E","$","R","E","R","BOSS"],"build_version":"2019-01-23","purchased_purges":0,"victory":false,"max_hp_per_floor":[68,68,68,68,68,68,68,68,68,68,68,68,68,68,68,68],"card_choices":[{"not_picked":["Compile Driver","Go for the Eyes"],"picked":"Conserve Battery","floor":1},{"not_picked":["Rebound","Go for the Eyes"],"picked":"Sweeping Beam","floor":3},{"not_picked":["Steam Power","White Noise","Sweeping Beam"],"picked":"SKIP","floor":4},{"not_picked":["Steam Power","Ball Lightning","Beam Cell"],"picked":"SKIP","floor":7},{"not_picked":["Ball Lightning","Stack"],"picked":"Steam","floor":11},{"not_picked":["Stack","Barrage","Steam"],"picked":"SKIP","floor":14}],"player_experience":569870,"relics_obtained":[{"floor":7,"key":"Pocketwatch"},{"floor":9,"key":"Calipers"},{"floor":11,"key":"Du-Vu Doll"},{"floor":14,"key":"Anchor"}],"event_choices":[{"cards_removed":["Defend_B"],"damage_healed":0,"gold_gain":0,"player_choice":"Card Removal","damage_taken":0,"max_hp_gain":0,"max_hp_loss":0,"event_name":"The Cleric","floor":2,"gold_loss":50}],"is_beta":false,"boss_relics":[],"items_purged_floors":[],"is_endless":false,"potions_floor_spawned":[4,11],"killed_by":"Slime Boss","ascension_level":7}