{"gold_per_floor":[113,125,125,137,212,244,136,136,162,181,197,232,66,82,82,182,182,192,212,226,243,243,269,269,287,287,2,21,36,62,79,79,181,231,244,264,183,183,183,212,212,226,226,253,528,538,550,13,13,13],"floor_reached":51,"playtime":14433,"items_purged":["Regret","Regret"],"score":863,"play_id":"72de2115-fa55-4be2-b974-3f727fe4194e","local_time":"20181117214835","is_ascension_mode":false,"campfire_choices":[{"floor":8,"key":"REST"},{"floor":15,"key":"REST"},{"floor":24,"key":"REST"},{"floor":32,"key":"REST"},{"floor":41,"key":"REST"},{"floor":49,"key":"REST"}],"neow_cost":"NONE","seed_source_timestamp":156176863252651,"circlet_count":0,"master_deck":["Defend_G","Defend_G","Defend_G","Defend_G","Defend_G","Strike_G+1","Strike_G","Strike_G","Strike_G","Survivor","Neutralize","Masterful Stab","Footwork","Well Laid Plans","Leg Sweep","Caltrops","Flying Knee+1","Catalyst","Glass Knife+1","Apotheosis","Bane","Malaise","Deadly Poison","Backflip+1","Blur","Glass Knife","Apotheosis","Malaise","Bouncing Flask","Prepared","All Out Attack+1","Deflect","Prepared","After Image","Leg Sweep","Deflect+1","Prepared","Deep Breath","Doppelganger","Distraction","Deadly Poison+1","Bouncing Flask+1","Slice","Crippling Poison","Deadly Poison+1","Footwork","Chrysalis"],"relics":["Ring of the Snake","Snake Skull","Centennial Puzzle","Vajra","Unceasing Top","Fusion Hammer","Bottled Lightning","Ninja Scroll","Calipers","Torii","Tiny House","Question Card","Bottled Tornado","Whetstone","DollysMirror"],"potions_floor_usage":[12,16,16,23,23,23,50],"damage_taken":[{"damage":2,"enemies":"Small Slimes","floor":1,"turns":5},{"damage":0,"enemies":"Cultist","floor":2,"turns":4},{"damage":0,"enemies":"2 Louse","floor":4,"turns":1},{"damage":37,"enemies":"3 Sentries","floor":6,"turns":15},{"damage":9,"enemies":"Large Slime","floor":10,"turns":7},{"damage":5,"enemies":"Exordium Thugs","floor":11,"turns":7},{"damage":3,"enemies":"Lagavulin","floor":12,"turns":10},{"damage":2,"enemies":"Looter","floor":14,"turns":2},{"damage":12,"enemies":"Slime Boss","floor":16,"turns":9},{"damage":11,"enemies":"2 Thieves","floor":18,"turns":4},{"damage":20,"enemies":"Spheric Guardian","floor":19,"turns":4},{"damage":10,"enemies":"Chosen and Byrds","floor":20,"turns":9},{"damage":10,"enemies":"Shelled Parasite and Fungi","floor":21,"turns":5},{"damage":24,"enemies":"Slavers","floor":23,"turns":6},{"damage":5,"enemies":"Snake Plant","floor":25,"turns":6},{"damage":0,"enemies":"Chosen and Byrds","floor":28,"turns":5},{"damage":0,"enemies":"Sentry and Sphere","floor":29,"turns":3},{"damage":0,"enemies":"Book of Stabbing","floor":30,"turns":5},{"damage":3,"enemies":"Snake Plant","floor":31,"turns":5},{"damage":10,"enemies":"Automaton","floor":33,"turns":11},{"damage":0,"enemies":"Orb Walker","floor":35,"turns":4},{"damage":0,"enemies":"3 Darklings","floor":36,"turns":6},{"damage":0,"enemies":"Giant Head","floor":40,"turns":6},{"damage":0,"enemies":"Jaw Worm Horde","floor":42,"turns":5},{"damage":0,"enemies":"Nemesis","floor":44,"turns":7},{"damage":11,"enemies":"Maw","floor":46,"turns":6},{"damage":0,"enemies":"Transient","floor":47,"turns":5},{"damage":3,"enemies":"Time Eater","floor":50,"turns":11}],"seed_played":"-1431761128335439594","potions_obtained":[{"floor":4,"key":"GamblersBrew"},{"floor":10,"key":"Block Potion"},{"floor":11,"key":"Regen Potion"},{"floor":12,"key":"FearPotion"},{"floor":14,"key":"SteroidPotion"},{"floor":20,"key":"Swift Potion"},{"floor":21,"key":"SteroidPotion"},{"floor":23,"key":"Fire Potion"},{"floor":30,"key":"AttackPotion"},{"floor":33,"key":"Block Potion"},{"floor":34,"key":"SmokeBomb"},{"floor":44,"key":"LiquidBronze"}],"is_trial":false,"path_per_floor":["M","M","?","M","?","E","$","R","T","M","M","E","$","M","R","B",null,"M","M","M","M","?","E","R","M","T","$","M","M","E","M","R","B",null,"M","M","$","?","?","E","R","M","T","E","?","M","M","$","R","B",null],"character_chosen":"THE_SILENT","items_purchased":["Caltrops","Apotheosis","Calipers","Deep Breath","DollysMirror","Chrysalis","Poison Potion"],"campfire_rested":6,"item_purchase_floors":[7,13,27,37,48,48,48],"current_hp_per_floor":[75,75,75,75,64,27,27,50,50,41,36,48,48,46,69,57,77,66,46,36,26,26,2,25,20,20,20,20,20,20,17,40,30,82,82,82,82,82,82,82,82,82,82,82,82,71,71,71,82,79],"gold":13,"neow_bonus":"TEN_PERCENT_HP_BONUS","is_prod":false,"is_daily":false,"chose_seed":false,"campfire_upgraded":0,"win_rate":0,"timestamp":1542509315,"path_taken":["M","M","?","M","?","E","$","R","T","M","M","E","$","M","R","BOSS","M","M","M","M","?","E","R","?","T","$","?","M","E","M","R","BOSS","M","M","?","?","?","E","R","?","T","E","?","M","M","$","R","BOSS"],"build_version":"2018-11-15","purchased_purges":2,"victory":true,"max_hp_per_floor":[77,77,77,77,77,77,77,77,77,77,77,77,77,77,77,77,77,77,77,77,77,77,77,77,77,77,77,77,77,77,77,77,77,82,82,82,82,82,82,82,82,82,82,82,82,82,82,82,82,82],"card_choices":[{"not_picked":["Sucker Punch","Backflip"],"picked":"Masterful Stab","floor":1},{"not_picked":["Dagger Spray","Underhanded Strike"],"picked":"Footwork","floor":2},{"not_picked":["Prepared","Tactician"],"picked":"Well Laid Plans","floor":4},{"not_picked":["Dagger Throw","Blade Dance"],"picked":"Leg Sweep","floor":6},{"not_picked":["Outmaneuver","Choke"],"picked":"Flying Knee","floor":10},{"not_picked":["Prepared","Underhanded Strike"],"picked":"Catalyst","floor":11},{"not_picked":["Outmaneuver","Well Laid Plans"],"picked":"Glass Knife","floor":12},{"not_picked":["Quick Slash","Dagger Spray"],"picked":"Bane","floor":14},{"not_picked":["A Thousand Cuts","Burst"],"picked":"Malaise","floor":16},{"not_picked":["Dagger Spray","Riddle With Holes+1"],"picked":"Deadly Poison","floor":18},{"not_picked":["Poisoned Stab","Riddle With Holes"],"picked":"Backflip+1","floor":19},{"not_picked":["Prepared","Cloak And Dagger"],"picked":"Blur","floor":20},{"not_picked":["Masterful Stab","Choke"],"picked":"Glass Knife","floor":21},{"not_picked":["Quick Slash","Backflip+1"],"picked":"Malaise","floor":23},{"not_picked":["All Out Attack+1","Riddle With Holes"],"picked":"Bouncing Flask","floor":25},{"not_picked":["Dagger Spray","Dodge and Roll"],"picked":"Prepared","floor":28},{"not_picked":["Finisher","Catalyst"],"picked":"All Out Attack+1","floor":29},{"not_picked":["Heel Hook","Cloak And Dagger"],"picked":"Deflect","floor":30},{"not_picked":["Finisher+1","Blade Dance"],"picked":"Prepared","floor":31},{"not_picked":["Die Die Die","Venomology"],"picked":"After Image","floor":33},{"not_picked":["Escape Plan","Bane"],"picked":"Leg Sweep","floor":34},{"not_picked":["Backstab","Poisoned Stab+1"],"picked":"Deflect+1","floor":35},{"not_picked":["Flying Knee","Tactician+1"],"picked":"Prepared","floor":36},{"not_picked":["Deflect","Reflex+1"],"picked":"Deadly Poison+1","floor":40},{"not_picked":["Expertise","Prepared","Skewer+1"],"picked":"Bouncing Flask+1","floor":42},{"not_picked":["Skewer+1","Accuracy","Dagger Throw"],"picked":"Slice","floor":44},{"not_picked":["PiercingWail+1","Bouncing Flask+1","Backflip+1"],"picked":"Crippling Poison","floor":46},{"not_picked":["Eviscerate","Dodge and Roll","Blade Dance"],"picked":"Deadly Poison+1","floor":47}],"player_experience":253355,"relics_obtained":[{"floor":6,"key":"Centennial Puzzle"},{"floor":9,"key":"Vajra"},{"floor":12,"key":"Unceasing Top"},{"floor":23,"key":"Bottled Lightning"},{"floor":26,"key":"Ninja Scroll"},{"floor":30,"key":"Torii"},{"floor":40,"key":"Question Card"},{"floor":43,"key":"Bottled Tornado"},{"floor":44,"key":"Whetstone"}],"event_choices":[{"damage_healed":0,"gold_gain":0,"player_choice":"Box","damage_taken":0,"relics_obtained":["Snake Skull"],"max_hp_gain":0,"max_hp_loss":0,"event_name":"Big Fish","floor":3,"gold_loss":0,"cards_obtained":["Regret"]},{"damage_healed":0,"gold_gain":75,"player_choice":"Gather Gold","damage_taken":11,"max_hp_gain":0,"max_hp_loss":0,"event_name":"World of Goop","floor":5,"gold_loss":0},{"damage_healed":0,"gold_gain":0,"player_choice":"Copied","damage_taken":0,"max_hp_gain":0,"max_hp_loss":0,"event_name":"Duplicator","floor":22,"gold_loss":0,"cards_obtained":["Apotheosis"]},{"cards_removed":["Strike_G"],"damage_healed":0,"gold_gain":0,"player_choice":"Removed Attack","damage_taken":0,"max_hp_gain":0,"max_hp_loss":0,"event_name":"Falling","floor":38,"gold_loss":0},{"damage_healed":0,"gold_gain":0,"player_choice":"2 cards matched","damage_taken":0,"max_hp_gain":0,"max_hp_loss":0,"event_name":"Match and Keep!","floor":39,"gold_loss":0,"cards_obtained":["Doppelganger","Distraction"]},{"damage_healed":0,"gold_gain":275,"player_choice":"Desecrate","damage_taken":0,"max_hp_gain":0,"max_hp_loss":0,"event_name":"Golden Shrine","floor":45,"gold_loss":0,"cards_obtained":["Regret"]}],"is_beta":false,"boss_relics":[{"not_picked":["Runic Pyramid","Astrolabe"],"picked":"Fusion Hammer"},{"not_picked":["HoveringKite","Busted Crown"],"picked":"Tiny House"}],"items_purged_floors":[7,48],"is_endless":false,"potions_floor_spawned":[4,10,11,12,14,20,21,23,30,33,35,44,46],"ascension_level":0}