{"gold_per_floor":[116,133,143,113,125,125,175,175,256,266,146,160,60,72,72,147,147,165,215,15,33,47,47,58,58,113,113,45,55,55],"floor_reached":30,"playtime":2125,"items_purged":["Strike_G","Strike_G"],"score":392,"play_id":"21f7e525-dd35-4095-b86d-8bede265ba5b","local_time":"20190616073943","is_ascension_mode":true,"campfire_choices":[{"data":"A Thousand Cuts","floor":6,"key":"SMITH"},{"floor":8,"key":"REST"},{"floor":15,"key":"REST"},{"data":"Dagger Spray","floor":23,"key":"SMITH"},{"data":"Backflip","floor":25,"key":"SMITH"},{"data":"Adrenaline","floor":27,"key":"SMITH"}],"neow_cost":"NONE","seed_source_timestamp":307558161421553,"circlet_count":0,"master_deck":["AscendersBane","Defend_G","Defend_G","Defend_G","Defend_G","Defend_G","Strike_G","Strike_G","Strike_G","Survivor","Neutralize","A Thousand Cuts+1","Prepared","Noxious Fumes","Flying Knee","Acrobatics","Dagger Spray+1","Backflip+1","Reflex","Adrenaline+1","Outmaneuver+1","Acrobatics","Noxious Fumes","Well Laid Plans","Backstab"],"relics":["Ring of the Snake","Mercury Hourglass","Eternal Feather","TwistedFunnel","Art of War"],"potions_floor_usage":[10,14,16,22,24],"damage_taken":[{"damage":0,"enemies":"Cultist","floor":1,"turns":5},{"damage":0,"enemies":"Small Slimes","floor":2,"turns":3},{"damage":11,"enemies":"Jaw Worm","floor":3,"turns":6},{"damage":34,"enemies":"Gremlin Gang","floor":5,"turns":5},{"damage":4,"enemies":"Red Slaver","floor":10,"turns":4},{"damage":2,"enemies":"2 Fungi Beasts","floor":12,"turns":3},{"damage":0,"enemies":"Large Slime","floor":14,"turns":4},{"damage":33,"enemies":"Slime Boss","floor":16,"turns":6},{"damage":5,"enemies":"3 Byrds","floor":18,"turns":3},{"damage":21,"enemies":"Chosen","floor":21,"turns":6},{"damage":7,"enemies":"3 Cultists","floor":22,"turns":4},{"damage":26,"enemies":"Snecko","floor":24,"turns":5},{"damage":24,"enemies":"Sentry and Sphere","floor":29,"turns":5},{"damage":9,"enemies":"Snake Plant","floor":30,"turns":2}],"seed_played":"-5178733981498819438","potions_obtained":[{"floor":4,"key":"Swift Potion"},{"floor":4,"key":"FearPotion"},{"floor":5,"key":"Ancient Potion"},{"floor":10,"key":"Fire Potion"},{"floor":14,"key":"PowerPotion"},{"floor":18,"key":"LiquidBronze"},{"floor":22,"key":"Energy Potion"}],"is_trial":false,"path_per_floor":["M","M","M","?","M","R","?","R","T","M","$","M","$","M","R","B",null,"M","?","$","M","M","R","M","R","T","R","$","M","M"],"character_chosen":"THE_SILENT","items_purchased":["Dagger Spray","TwistedFunnel","Well Laid Plans"],"campfire_rested":2,"item_purchase_floors":[11,20,28],"current_hp_per_floor":[59,59,48,48,14,14,14,33,33,29,29,27,27,27,46,13,53,48,48,48,27,20,32,6,18,18,30,30,6,0],"gold":55,"neow_bonus":"ONE_RANDOM_RARE_CARD","is_prod":false,"is_daily":false,"chose_seed":false,"campfire_upgraded":4,"win_rate":0,"timestamp":1560641983,"path_taken":["M","M","?","?","?","R","?","R","T","?","$","M","?","M","R","BOSS","M","?","$","?","M","R","M","R","T","R","$","M","M"],"build_version":"2019-01-23","purchased_purges":2,"victory":false,"max_hp_per_floor":[66,66,66,66,66,66,66,66,66,66,66,66,66,66,66,66,66,66,66,66,66,66,66,66,66,66,66,66,66,66],"card_choices":[{"not_picked":["Slice","Bane","Underhanded Strike"],"picked":"SKIP","floor":1},{"not_picked":["Flechettes","Deadly Poison"],"picked":"Prepared","floor":2},{"not_picked":["Quick Slash","Deadly Poison"],"picked":"Noxious Fumes","floor":3},{"not_picked":["Choke","Deflect"],"picked":"Flying Knee","floor":5},{"not_picked":["Deadly Poison","Backstab"],"picked":"Acrobatics","floor":10},{"not_picked":["Bane","Underhanded Strike"],"picked":"Backflip","floor":12},{"not_picked":["Slice","Deadly Poison"],"picked":"Reflex","floor":14},{"not_picked":["Grand Finale","Glass Knife"],"picked":"Adrenaline","floor":16},{"not_picked":["Flying Knee","Poisoned Stab"],"picked":"Outmaneuver+1","floor":18},{"not_picked":["Slice","Sucker Punch","Skewer"],"picked":"SKIP","floor":21},{"not_picked":["Underhanded Strike","Sucker Punch"],"picked":"Acrobatics","floor":22},{"not_picked":["Dagger Throw","Sucker Punch"],"picked":"Noxious Fumes","floor":24},{"not_picked":["Sucker Punch","Endless Agony"],"picked":"Backstab","floor":29}],"player_experience":860799,"relics_obtained":[{"floor":9,"key":"Mercury Hourglass"},{"floor":26,"key":"Art of War"}],"event_choices":[{"damage_healed":0,"gold_gain":0,"player_choice":"Bought 2 Potions","damage_taken":0,"max_hp_gain":0,"max_hp_loss":0,"event_name":"The Woman in Blue","floor":4,"gold_loss":0},{"damage_healed":0,"gold_gain":50,"player_choice":"Pray","damage_taken":0,"max_hp_gain":0,"max_hp_loss":0,"event_name":"Golden Shrine","floor":7,"gold_loss":0},{"damage_healed":0,"gold_gain":100,"player_choice":"Bet on Murderer","damage_taken":0,"max_hp_gain":0,"max_hp_loss":0,"event_name":"The Joust","floor":19,"gold_loss":50}],"is_beta":false,"boss_relics":[{"not_picked":["Lizard Tail","Velvet Choker"],"picked":"Eternal Feather"}],"items_purged_floors":[11,13],"is_endless":false,"potions_floor_spawned":[5,10,14,18,22],"killed_by":"Snake Plant","ascension_level":15}