{"gold_per_floor":[114,189,204,219,54,84,99,129,129,129,148,167,167,186,186,311,311,330,8,8,27,27,27,65,65,65,103,103,122,122,22,22,147,147,166,166,7,55,0,0,0,19,44,82,120,120,120,120,120,120],"floor_reached":50,"playtime":3073,"items_purged":["Strike_G"],"score":569,"play_id":"c9413983-9a82-44ce-a2c6-7f0ec4e8e25a","local_time":"20190309143856","daily_mods":["Allstar","Flight","Night Terrors"],"is_ascension_mode":false,"campfire_choices":[{"floor":13,"key":"REST"},{"data":"Mayhem","floor":15,"key":"SMITH"},{"floor":23,"key":"REST"},{"data":"Neutralize","floor":25,"key":"SMITH"},{"data":"Dash","floor":30,"key":"SMITH"},{"data":"Terror","floor":32,"key":"SMITH"},{"floor":40,"key":"REST"},{"data":"Envenom","floor":41,"key":"SMITH"},{"data":"Metamorphosis","floor":46,"key":"SMITH"},{"floor":49,"key":"REST"}],"neow_cost":"","seed_source_timestamp":0,"circlet_count":0,"master_deck":["Defend_G+1","Defend_G+1","Defend_G+1","Defend_G+1","Defend_G+1","Strike_G+1","Strike_G+1","Strike_G+1","Survivor+1","Neutralize+1","Metamorphosis+1","Finesse+1","Dark Shackles+1","Mayhem+1","Mind Blast+1","Infinite Blades+1","Endless Agony+1","Accuracy+1","Finesse+1","Terror+1","Choke+1","Expertise+1","Choke+1","Deflect+1","Dash+1","Escape Plan+1","Infinite Blades+1","Deflect+1","Dash+1","Envenom+1","Infinite Blades+1","Slice+1","Backstab+1","Backflip+1"],"special_seed":17964,"relics":["Ring of the Serpent","Pen Nib","Bronze Scales","Smiling Mask","Golden Idol","Runic Dome","Membership Card","Enchiridion","MutagenicStrength","Happy Flower","Gremlin Horn","Dream Catcher","Sling","Shuriken","Torii","Red Mask","Strawberry","Centennial Puzzle","Juzu Bracelet","Mark of the Bloom"],"potions_floor_usage":[6,12,16,24,27,33,38,44,50,50,50],"damage_taken":[{"damage":0,"enemies":"Small Slimes","floor":1,"turns":5},{"damage":0,"enemies":"Cultist","floor":3,"turns":3},{"damage":0,"enemies":"2 Louse","floor":4,"turns":4},{"damage":11,"enemies":"Lagavulin","floor":6,"turns":7},{"damage":2,"enemies":"Looter","floor":7,"turns":4},{"damage":24,"enemies":"Gremlin Nob","floor":8,"turns":4},{"damage":0,"enemies":"3 Louse","floor":11,"turns":3},{"damage":12,"enemies":"Exordium Thugs","floor":12,"turns":4},{"damage":2,"enemies":"Exordium Wildlife","floor":14,"turns":4},{"damage":20,"enemies":"The Guardian","floor":16,"turns":9},{"damage":10,"enemies":"Spheric Guardian","floor":18,"turns":3},{"damage":6,"enemies":"2 Thieves","floor":21,"turns":3},{"damage":21,"enemies":"Book of Stabbing","floor":24,"turns":4},{"damage":0,"enemies":"Slavers","floor":27,"turns":4},{"damage":2,"enemies":"Snecko","floor":29,"turns":5},{"damage":10,"enemies":"Automaton","floor":33,"turns":7},{"damage":1,"enemies":"Orb Walker","floor":35,"turns":2},{"damage":47,"enemies":"2 Orb Walkers","floor":38,"turns":5},{"damage":9,"enemies":"3 Darklings","floor":42,"turns":5},{"damage":1,"enemies":"Giant Head","floor":44,"turns":6},{"damage":1,"enemies":"Reptomancer","floor":45,"turns":5},{"damage":56,"enemies":"Time Eater","floor":50,"turns":6}],"seed_played":"-1382854420231312037","potions_obtained":[{"floor":1,"key":"SteroidPotion"},{"floor":4,"key":"AttackPotion"},{"floor":6,"key":"SteroidPotion"},{"floor":11,"key":"LiquidBronze"},{"floor":14,"key":"Swift Potion"},{"floor":16,"key":"Strength Potion"},{"floor":18,"key":"AttackPotion"},{"floor":29,"key":"LiquidBronze"},{"floor":33,"key":"Regen Potion"},{"floor":42,"key":"Weak Potion"},{"floor":44,"key":"Dexterity Potion"},{"floor":45,"key":"SkillPotion"}],"is_trial":false,"path_per_floor":["M","?","M","M","$","E","M","E","T","?","M","M","R","M","R","B",null,"M","$","?","M","?","R","E","R","T","E","?","M","R","$","R","B",null,"M","?","$","?","?","R","R","M","T","E","E","R","?","?","R","B"],"character_chosen":"THE_SILENT","items_purchased":["Accuracy","Finesse","Infinite Blades","Membership Card","Sling","Shuriken","Infinite Blades"],"campfire_rested":4,"item_purchase_floors":[5,5,19,19,31,37,37],"current_hp_per_floor":[70,63,63,63,63,52,50,26,26,26,26,14,60,58,58,38,60,50,50,34,28,28,55,34,34,34,34,34,32,32,32,32,22,55,54,54,54,17,17,50,50,41,48,47,46,46,46,46,46,0],"gold":120,"neow_bonus":"","is_prod":false,"is_daily":true,"chose_seed":false,"campfire_upgraded":6,"win_rate":0,"timestamp":1552131536,"path_taken":["M","?","?","?","$","E","?","E","T","?","M","M","R","M","R","BOSS","M","$","?","M","?","R","E","R","T","E","?","?","R","$","R","BOSS","M","?","$","?","?","R","R","M","T","E","E","R","?","?","R","BOSS"],"build_version":"2019-01-23","purchased_purges":1,"victory":false,"max_hp_per_floor":[70,70,70,70,70,70,70,70,70,65,65,65,60,60,60,60,60,60,60,60,60,60,55,55,55,55,55,55,55,55,55,55,55,55,55,55,55,55,55,50,50,50,57,57,57,57,57,57,52,52],"card_choices":[{"not_picked":["Noxious Fumes","Skewer"],"picked":"Infinite Blades","floor":1},{"not_picked":["Noxious Fumes","Deadly Poison"],"picked":"Endless Agony","floor":3},{"not_picked":["Dodge and Roll","Tactician","All Out Attack"],"picked":"SKIP","floor":4},{"not_picked":["Caltrops","Glass Knife"],"picked":"Terror","floor":6},{"not_picked":["Deadly Poison","Slice"],"picked":"Choke","floor":7},{"not_picked":["Riddle With Holes","Dagger Spray"],"picked":"Expertise","floor":8},{"not_picked":["Dagger Throw","Outmaneuver"],"picked":"Choke","floor":11},{"not_picked":["Flying Knee","Outmaneuver"],"picked":"Deflect","floor":12},{"not_picked":["Terror","Blur"],"picked":"Dash","floor":14},{"not_picked":["Setup+1","Dagger Spray"],"picked":"Escape Plan+1","floor":18},{"not_picked":["Acrobatics","Tactician","Underhanded Strike+1"],"picked":"SKIP","floor":21},{"not_picked":["Outmaneuver","Flechettes"],"picked":"Deflect+1","floor":24},{"not_picked":["Underhanded Strike","Endless Agony","Eviscerate"],"picked":"SKIP","floor":27},{"not_picked":["Dagger Spray","Dodge and Roll"],"picked":"Dash","floor":29},{"not_picked":["Die Die Die","Malaise"],"picked":"Envenom","floor":33},{"not_picked":["Acrobatics","Flying Knee+1","Bane"],"picked":"SKIP","floor":35},{"not_picked":["Cloak And Dagger","Acrobatics"],"picked":"Slice+1","floor":38},{"not_picked":["Dagger Spray","Die Die Die","Outmaneuver"],"picked":"SKIP","floor":42},{"not_picked":["Underhanded Strike+1","Choke","Reflex+1"],"picked":"SKIP","floor":44},{"not_picked":["Flying Knee+1","Bane"],"picked":"Backstab+1","floor":45},{"not_picked":["Sucker Punch","Dagger Spray+1"],"picked":"Backflip+1","floor":49}],"player_experience":265141,"relics_obtained":[{"floor":6,"key":"Pen Nib"},{"floor":8,"key":"Bronze Scales"},{"floor":9,"key":"Smiling Mask"},{"floor":20,"key":"Enchiridion"},{"floor":24,"key":"Happy Flower"},{"floor":26,"key":"Gremlin Horn"},{"floor":27,"key":"Dream Catcher"},{"floor":38,"key":"Torii"},{"floor":43,"key":"Strawberry"},{"floor":44,"key":"Centennial Puzzle"},{"floor":45,"key":"Juzu Bracelet"}],"event_choices":[{"damage_healed":0,"gold_gain":75,"player_choice":"Touch","damage_taken":7,"max_hp_gain":0,"max_hp_loss":0,"event_name":"FaceTrader","floor":2,"gold_loss":0},{"damage_healed":0,"gold_gain":0,"player_choice":"Lose Max HP","damage_taken":0,"relics_obtained":["Golden Idol"],"max_hp_gain":0,"max_hp_loss":5,"event_name":"Golden Idol","floor":10,"gold_loss":0},{"damage_healed":0,"gold_gain":0,"player_choice":"Obtained Book","damage_taken":16,"max_hp_gain":0,"max_hp_loss":0,"event_name":"Cursed Tome","floor":20,"gold_loss":0},{"damage_healed":0,"gold_gain":0,"player_choice":"Inject Mutagens","damage_taken":0,"relics_obtained":["MutagenicStrength"],"max_hp_gain":0,"max_hp_loss":0,"event_name":"Drug Dealer","floor":22,"gold_loss":0},{"cards_removed":["Strike_G"],"damage_healed":0,"gold_gain":0,"player_choice":"Purged","damage_taken":0,"max_hp_gain":0,"max_hp_loss":0,"event_name":"Purifier","floor":28,"gold_loss":0},{"damage_healed":0,"gold_gain":0,"player_choice":"Memory 1","damage_taken":0,"max_hp_gain":0,"max_hp_loss":0,"event_name":"SensoryStone","floor":36,"gold_loss":0},{"damage_healed":0,"gold_gain":0,"player_choice":"Fight","damage_taken":0,"max_hp_gain":0,"max_hp_loss":0,"event_name":"Mysterious Sphere","floor":38,"gold_loss":0},{"damage_healed":0,"gold_gain":0,"player_choice":"Paid","damage_taken":0,"relics_obtained":["Red Mask"],"max_hp_gain":0,"max_hp_loss":0,"event_name":"Tomb of Lord Red Mask","floor":39,"gold_loss":55},{"damage_healed":0,"gold_gain":0,"player_choice":"Upgrade","damage_taken":0,"relics_obtained":["Mark of the Bloom"],"max_hp_gain":0,"max_hp_loss":0,"event_name":"MindBloom","floor":47,"gold_loss":0,"cards_upgraded":["Defend_G","Defend_G","Defend_G","Defend_G","Defend_G","Strike_G","Strike_G","Strike_G","Survivor","Finesse","Dark Shackles","Mind Blast","Infinite Blades","Endless Agony","Accuracy","Finesse","Choke","Expertise","Choke","Deflect","Dash","Infinite Blades","Infinite Blades"]},{"damage_healed":0,"gold_gain":0,"player_choice":"Bought 0 Potions","damage_taken":0,"max_hp_gain":0,"max_hp_loss":0,"event_name":"The Woman in Blue","floor":48,"gold_loss":0}],"is_beta":false,"boss_relics":[{"not_picked":["Black Star","Orrery"],"picked":"Runic Dome"},{"not_picked":["Velvet Choker","Calling Bell"],"picked":"Ring of the Serpent"}],"items_purged_floors":[19],"is_endless":false,"potions_floor_spawned":[1,4,6,11,14,16,18,29,33,42,44,45],"killed_by":"Time Eater","ascension_level":0}