{"gold_per_floor":[117,131,148,164,164,190,190,224,247,247,397,397,397,49,49,126,126,139,158,158,7,20,20,53,64,64,64,80,80,80,100,100,175,175,193,193,7,7,18,49,49,59,59,281,381,407,92,104,104,104,104],"floor_reached":52,"playtime":2649,"items_purged":["Strike_B","Strike_B"],"score":1961,"play_id":"cd047f0e-8e26-4dcc-9f56-c7b479725898","local_time":"20181105104611","is_ascension_mode":true,"campfire_choices":[{"data":"Lockon","floor":7.0,"key":"SMITH"},{"data":"Go for the Eyes","floor":10.0,"key":"SMITH"},{"data":"White Noise","floor":13.0,"key":"SMITH"},{"data":"Dualcast","floor":15.0,"key":"SMITH"},{"floor":23.0,"key":"REST"},{"data":"Sunder","floor":29.0,"key":"SMITH"},{"floor":32.0,"key":"REST"},{"data":"Thunder Strike","floor":49.0,"key":"SMITH"}],"neow_cost":"TEN_PERCENT_HP_LOSS","seed_source_timestamp":29516883881851,"circlet_count":0,"master_deck":["AscendersBane","Strike_B+1","Defend_B","Defend_B+1","Defend_B+1","Defend_B","Dualcast+1","Ball Lightning+1","Go for the Eyes+1","Lockon+1","White Noise+1","Buffer+1","Capacitor+1","Echo Form+1","Coolheaded+1","Zap+1","Conserve Battery+1","Storm+1","Defragment+1","Glacier+1","Sunder+1","Storm+1","Electrodynamics+1","Coolheaded+1","Mayhem+1","Blind+1","Storm+1","Thunder Strike+1","Coolheaded+1"],"special_seed":0,"relics":["Cracked Core","Bird Faced Urn","Frozen Egg 2","Juzu Bracelet","Pen Nib","Toxic Egg 2","Cursed Key","Red Mask","Runic Dome","Whetstone","Du-Vu Doll","War Paint","FossilizedHelix"],"potions_floor_usage":[51,51],"damage_taken":[{"damage":2.0,"enemies":"Cultist","floor":1.0,"turns":4.0},{"damage":0.0,"enemies":"Small Slimes","floor":2.0,"turns":3.0},{"damage":0.0,"enemies":"2 Louse","floor":3.0,"turns":1.0},{"damage":11.0,"enemies":"2 Fungi Beasts","floor":4.0,"turns":3.0},{"damage":10.0,"enemies":"Lagavulin","floor":6.0,"turns":5.0},{"damage":0.0,"enemies":"Gremlin Nob","floor":8.0,"turns":3.0},{"damage":42.0,"enemies":"The Guardian","floor":16.0,"turns":9.0},{"damage":11.0,"enemies":"Spheric Guardian","floor":18.0,"turns":4.0},{"damage":42.0,"enemies":"3 Byrds","floor":19.0,"turns":5.0},{"damage":3.0,"enemies":"Snecko","floor":22.0,"turns":6.0},{"damage":30.0,"enemies":"Masked Bandits","floor":24.0,"turns":4.0},{"damage":8.0,"enemies":"3 Cultists","floor":25.0,"turns":4.0},{"damage":9.0,"enemies":"Cultist and Chosen","floor":28.0,"turns":6.0},{"damage":10.0,"enemies":"Centurion and Healer","floor":31.0,"turns":3.0},{"damage":38.0,"enemies":"Collector","floor":33.0,"turns":8.0},{"damage":0.0,"enemies":"3 Shapes","floor":35.0,"turns":3.0},{"damage":8.0,"enemies":"Orb Walker","floor":39.0,"turns":3.0},{"damage":0.0,"enemies":"Nemesis","floor":40.0,"turns":5.0},{"damage":0.0,"enemies":"Transient","floor":42.0,"turns":6.0},{"damage":0.0,"enemies":"Mind Bloom Boss Battle","floor":45.0,"turns":3.0},{"damage":0.0,"enemies":"Giant Head","floor":46.0,"turns":4.0},{"damage":4.0,"enemies":"3 Darklings","floor":48.0,"turns":3.0},{"damage":29.0,"enemies":"Time Eater","floor":50.0,"turns":4.0},{"damage":38,"enemies":"Donu and Deca","floor":51,"turns":7}],"seed_played":"6330532158605323125","potions_obtained":[{"floor":1.0,"key":"Swift Potion"},{"floor":8.0,"key":"Energy Potion"},{"floor":24.0,"key":"SteroidPotion"},{"floor":25.0,"key":"LiquidBronze"},{"floor":31.0,"key":"Energy Potion"},{"floor":33.0,"key":"Energy Potion"},{"floor":35.0,"key":"Block Potion"},{"floor":48.0,"key":"EssenceOfSteel"}],"is_trial":false,"path_per_floor":["M","M","M","M","?","E","R","E","T","R","?","?","R","$","R","B",null,"M","M","?","$","M","R","?","M","T","?","M","R","?","M","R","B",null,"M","?","$","?","M","E","E","T","M","T","?","?","E","$","M","R","B","B",null],"character_chosen":"DEFECT","items_purchased":["Toxic Egg 2","Capacitor+1","Storm+1","Storm+1","FossilizedHelix"],"campfire_rested":2,"item_purchase_floors":[14,14,21,37,47],"current_hp_per_floor":[62,62,62,51,51,43,43,47,47,47,47,40,40,40,40,4,49,46,10,10,10,17,36,16,22,22,22,25,25,25,23,42,20,53,61,51,51,51,53,64,64,64,64,64,64,64,64,62,62,43,23],"gold":104,"neow_bonus":"ONE_RARE_RELIC","is_prod":false,"is_daily":false,"chose_seed":false,"campfire_upgraded":6,"win_rate":0,"timestamp":1541411171,"path_taken":["M","M","M","M","?","E","R","E","T","R","?","?","R","$","R","BOSS","M","M","?","?","M","R","?","M","T","?","M","R","?","M","R","BOSS","M","?","$","?","M","E","?","M","T","?","?","E","$","M","R","BOSS","BOSS"],"build_version":"2018-11-02","purchased_purges":2,"victory":true,"max_hp_per_floor":[64,64,64,64,64,64,64,64,64,64,64,64,64,64,64,64,64,64,64,64,64,64,64,64,64,64,64,64,64,64,64,64,64,64,64,64,64,64,64,64,64,64,64,64,64,64,64,64,64,64,64],"card_choices":[{"not_picked":["Steam Power","Beam Cell"],"picked":"Ball Lightning","floor":1.0},{"not_picked":["Blizzard","Beam Cell"],"picked":"Go for the Eyes","floor":2.0},{"not_picked":["Beam Cell","Barrage"],"picked":"Lockon","floor":3.0},{"not_picked":["Steam","Compile Driver"],"picked":"White Noise","floor":4.0},{"not_picked":["Cold Snap","Defragment"],"picked":"Buffer","floor":6.0},{"not_picked":["Doom and Gloom","Streamline","Rip and Tear"],"picked":"SKIP","floor":8.0},{"not_picked":["Seek+1","Machine Learning+1"],"picked":"Echo Form+1","floor":16.0},{"not_picked":["Compile Driver","Rebound","Aggregate+1"],"picked":"SKIP","floor":18.0},{"not_picked":["Compile Driver","Conserve Battery+1"],"picked":"Coolheaded+1","floor":19.0},{"not_picked":["Hologram+1","FTL+1"],"picked":"Defragment+1","floor":22.0},{"not_picked":["Undo+1","Streamline"],"picked":"Glacier+1","floor":24.0},{"not_picked":["Cold Snap","Gash"],"picked":"Sunder","floor":25.0},{"not_picked":["Fusion+1","Meteor Strike","Aggregate+1"],"picked":"SKIP","floor":28.0},{"not_picked":["Streamline","Scrape","Redo+1"],"picked":"SKIP","floor":31.0},{"not_picked":["Core Surge","Seek+1"],"picked":"Electrodynamics+1","floor":33.0},{"not_picked":["Go for the Eyes","Stack+1"],"picked":"Coolheaded+1","floor":35.0},{"not_picked":["Secret Weapon+1","Trip+1"],"picked":"Mayhem+1","floor":36.0},{"not_picked":["Violence+1","Thinking Ahead+1"],"picked":"Blind+1","floor":36.0},{"not_picked":["Stack+1","Chaos+1","Cold Snap"],"picked":"SKIP","floor":39.0},{"not_picked":["Sweeping Beam+1","Steam+1","Sunder"],"picked":"SKIP","floor":40.0},{"not_picked":["Sweeping Beam+1","Steam+1","Sunder"],"picked":"SKIP","floor":40.0},{"not_picked":["Melter+1","Steam Power+1","Chaos+1"],"picked":"SKIP","floor":42.0},{"not_picked":["Turbo+1","Leap+1"],"picked":"Thunder Strike","floor":45.0},{"not_picked":["Stack+1","Double Energy+1"],"picked":"Coolheaded+1","floor":46.0},{"not_picked":["Redo+1","Barrage","Genetic Algorithm+1"],"picked":"SKIP","floor":48.0}],"player_experience":1042981,"relics_obtained":[{"floor":6.0,"key":"Frozen Egg 2"},{"floor":8.0,"key":"Juzu Bracelet"},{"floor":9.0,"key":"Pen Nib"},{"floor":24.0,"key":"Red Mask"},{"floor":40.0,"key":"Whetstone"},{"floor":45.0,"key":"Du-Vu Doll"},{"floor":46.0,"key":"War Paint"}],"event_choices":[{"damage_healed":0.0,"max_hp_gain":0.0,"max_hp_loss":0.0,"gold_gain":0.0,"event_name":"Upgrade Shrine","player_choice":"Upgraded","floor":5.0,"gold_loss":0.0,"damage_taken":0.0,"cards_upgraded":["Zap"]},{"damage_healed":0.0,"max_hp_gain":0.0,"max_hp_loss":0.0,"gold_gain":150.0,"event_name":"Liars Game","player_choice":"AGREE","floor":11.0,"gold_loss":0.0,"damage_taken":0.0,"cards_obtained":["Doubt"]},{"cards_removed":["Doubt"],"damage_healed":0.0,"max_hp_gain":0.0,"max_hp_loss":0.0,"gold_gain":0.0,"event_name":"Golden Wing","player_choice":"Card Removal","floor":12.0,"gold_loss":0.0,"damage_taken":7.0},{"damage_healed":0.0,"max_hp_gain":0.0,"max_hp_loss":0.0,"gold_gain":0.0,"event_name":"Match and Keep!","player_choice":"2 cards matched","floor":20.0,"gold_loss":0.0,"damage_taken":0.0,"cards_obtained":["Zap","Conserve Battery"]},{"damage_healed":0.0,"max_hp_gain":0.0,"max_hp_loss":0.0,"gold_gain":0.0,"event_name":"Masked Bandits","player_choice":"Fought Bandits","floor":24.0,"gold_loss":0.0,"damage_taken":0.0},{"cards_removed":["Strike_B"],"damage_healed":0.0,"max_hp_gain":0.0,"max_hp_loss":0.0,"gold_gain":0.0,"event_name":"Purifier","player_choice":"Purged","floor":27.0,"gold_loss":0.0,"damage_taken":0.0},{"damage_healed":0.0,"max_hp_gain":0.0,"max_hp_loss":0.0,"gold_gain":0.0,"event_name":"Duplicator","player_choice":"Copied","floor":30.0,"gold_loss":0.0,"damage_taken":0.0,"cards_obtained":["Storm"]},{"damage_healed":0.0,"max_hp_gain":0.0,"max_hp_loss":0.0,"gold_gain":0.0,"event_name":"SensoryStone","player_choice":"Memory 3","floor":36.0,"gold_loss":0.0,"damage_taken":10.0},{"cards_removed":["Zap"],"damage_healed":0.0,"max_hp_gain":0.0,"max_hp_loss":0.0,"gold_gain":0.0,"event_name":"Falling","player_choice":"Removed Skill","floor":38.0,"gold_loss":0.0,"damage_taken":0.0},{"damage_healed":0.0,"max_hp_gain":0.0,"max_hp_loss":0.0,"gold_gain":222.0,"event_name":"Tomb of Lord Red Mask","player_choice":"Wore Mask","floor":44.0,"gold_loss":0.0,"damage_taken":0.0},{"damage_healed":0.0,"max_hp_gain":0.0,"max_hp_loss":0.0,"gold_gain":0.0,"event_name":"MindBloom","player_choice":"Fight","floor":45.0,"gold_loss":0.0,"damage_taken":0.0}],"is_beta":true,"boss_relics":[{"not_picked":["Black Star","Nuclear Battery"],"picked":"Cursed Key"},{"not_picked":["Empty Cage","Busted Crown"],"picked":"Runic Dome"}],"items_purged_floors":[21,37],"is_endless":false,"potions_floor_spawned":[1,8,24,25,31,33,35,39,48],"ascension_level":20}