{"gold_per_floor":[118,137,137,156,170,170,197,213,240,265,265,63,76,111,111,209,209,224,224,124,144,19,45,45,74,74,74,91,124,140,120,120,218,218,234,280,297,297,309,309,343,343,343,144,156,174,174,122,122,122],"floor_reached":51,"playtime":4294,"items_purged":["Strike_R","Strike_R","Strike_R"],"score":853,"play_id":"2948ed48-df22-4074-a267-6d1d3ff1d842","local_time":"20190615123543","is_ascension_mode":true,"campfire_choices":[{"data":"Bash","floor":6,"key":"SMITH"},{"data":"Cleave","floor":11,"key":"SMITH"},{"data":"Limit Break","floor":15,"key":"SMITH"},{"data":"Flame Barrier","floor":24,"key":"SMITH"},{"floor":27,"key":"DIG"},{"data":"Pommel Strike","floor":32,"key":"SMITH"},{"data":"Iron Wave","floor":40,"key":"SMITH"},{"floor":42,"key":"DIG"},{"floor":49,"key":"REST"}],"neow_cost":"TEN_PERCENT_HP_LOSS","seed_source_timestamp":198836970392177,"circlet_count":0,"master_deck":["Defend_R","Defend_R","Defend_R","Bash+1","Cleave+1","Iron Wave+1","Pommel Strike+1","Uppercut+1","Feed+1","Limit Break+1","Flame Barrier+1","Clothesline+1","Exhume","Headbutt+1","Fiend Fire+1","Shrug It Off+1","Feel No Pain+1","Heavy Blade+1","Flame Barrier","Spot Weakness+1"],"relics":["Burning Blood","Pocketwatch","Molten Egg 2","Strawberry","Vajra","Bag of Marbles","Cursed Key","Nloth\u0027s Gift","Regal Pillow","Shovel","Paper Frog","Letter Opener","Empty Cage","Torii","Dream Catcher","Incense Burner","Orichalcum"],"potions_floor_usage":[10,14,23,30,41,50,50,50],"damage_taken":[{"damage":9,"enemies":"Jaw Worm","floor":1,"turns":3},{"damage":6,"enemies":"Cultist","floor":2,"turns":3},{"damage":2,"enemies":"2 Louse","floor":4,"turns":3},{"damage":18,"enemies":"Exordium Thugs","floor":5,"turns":4},{"damage":31,"enemies":"Lagavulin","floor":7,"turns":5},{"damage":4,"enemies":"Red Slaver","floor":8,"turns":4},{"damage":4,"enemies":"3 Sentries","floor":10,"turns":5},{"damage":13,"enemies":"Large Slime","floor":13,"turns":3},{"damage":5,"enemies":"Gremlin Nob","floor":14,"turns":3},{"damage":48,"enemies":"The Guardian","floor":16,"turns":7},{"damage":28,"enemies":"Shell Parasite","floor":18,"turns":5},{"damage":14,"enemies":"2 Thieves","floor":21,"turns":4},{"damage":23,"enemies":"Book of Stabbing","floor":23,"turns":6},{"damage":7,"enemies":"Gremlin Leader","floor":25,"turns":6},{"damage":27,"enemies":"Shelled Parasite and Fungi","floor":28,"turns":6},{"damage":28,"enemies":"Book of Stabbing","floor":29,"turns":4},{"damage":17,"enemies":"Sentry and Sphere","floor":30,"turns":4},{"damage":10,"enemies":"Champ","floor":33,"turns":5},{"damage":22,"enemies":"3 Darklings","floor":35,"turns":3},{"damage":32,"enemies":"2 Orb Walkers","floor":36,"turns":4},{"damage":24,"enemies":"3 Shapes","floor":37,"turns":3},{"damage":14,"enemies":"Sphere and 2 Shapes","floor":39,"turns":4},{"damage":32,"enemies":"Reptomancer","floor":41,"turns":5},{"damage":12,"enemies":"Transient","floor":45,"turns":5},{"damage":11,"enemies":"3 Darklings","floor":46,"turns":6},{"damage":21,"enemies":"Time Eater","floor":50,"turns":7}],"seed_played":"-7071245205494465499","potions_obtained":[{"floor":2,"key":"Weak Potion"},{"floor":5,"key":"Explosive Potion"},{"floor":8,"key":"Regen Potion"},{"floor":13,"key":"FairyPotion"},{"floor":14,"key":"SpeedPotion"},{"floor":25,"key":"LiquidBronze"},{"floor":28,"key":"Energy Potion"},{"floor":29,"key":"Fruit Juice"},{"floor":31,"key":"BloodPotion"},{"floor":37,"key":"Ancient Potion"},{"floor":45,"key":"Poison Potion"}],"is_trial":false,"path_per_floor":["M","M","?","M","M","R","E","M","T","E","R","$","M","E","R","B",null,"M","?","$","M","$","E","R","E","T","R","M","E","M","?","R","B",null,"M","?","M","?","M","R","E","R","T","$","M","M","T","$","R","B",null],"character_chosen":"IRONCLAD","items_purchased":["Vajra","Orichalcum","Heavy Blade+1","Energy Potion"],"campfire_rested":1,"item_purchase_floors":[12,44,44,48],"current_hp_per_floor":[69,69,69,72,60,60,35,37,37,50,50,50,47,52,52,14,95,77,77,77,73,73,75,75,78,78,78,65,47,45,45,45,41,132,116,94,80,80,80,80,58,58,58,58,52,47,47,47,107,92],"gold":122,"neow_bonus":"ONE_RARE_RELIC","is_prod":false,"is_daily":false,"chose_seed":false,"campfire_upgraded":6,"win_rate":0,"timestamp":1560573343,"path_taken":["M","M","?","M","?","R","E","M","T","E","R","?","M","E","R","BOSS","M","?","$","M","?","E","R","E","T","R","M","E","?","?","R","BOSS","M","?","M","?","M","R","E","R","T","$","M","?","?","$","R","BOSS"],"build_version":"2019-01-23","purchased_purges":3,"victory":true,"max_hp_per_floor":[72,72,72,72,72,72,72,72,72,83,83,83,87,91,91,95,95,99,99,99,103,103,107,107,111,111,111,119,123,132,132,132,132,132,132,136,140,140,148,148,152,152,152,152,152,152,152,152,152,152],"card_choices":[{"not_picked":["Havoc","Dropkick"],"picked":"Cleave","floor":1},{"not_picked":["Warcry","Body Slam"],"picked":"Iron Wave","floor":2},{"not_picked":["Armaments","Wild Strike"],"picked":"Pommel Strike","floor":4},{"not_picked":["Hemokinesis","Bloodletting","Sever Soul"],"picked":"SKIP","floor":5},{"not_picked":["Carnage","Infernal Blade"],"picked":"Uppercut","floor":7},{"not_picked":["Warcry","Perfected Strike+1"],"picked":"Feed+1","floor":8},{"not_picked":["True Grit","Spot Weakness"],"picked":"Limit Break","floor":10},{"not_picked":["Sword Boomerang+1","True Grit"],"picked":"Dual Wield","floor":13},{"not_picked":["Perfected Strike+1","Wild Strike+1","Pommel Strike+1"],"picked":"SKIP","floor":14},{"not_picked":["Pommel Strike+1","Headbutt+1"],"picked":"Flame Barrier","floor":18},{"not_picked":["Wild Strike+1","Flex"],"picked":"Clothesline+1","floor":21},{"not_picked":["Uppercut+1","Perfected Strike+1"],"picked":"Exhume","floor":23},{"not_picked":["Clash+1","Armaments+1","Demon Form"],"picked":"SKIP","floor":25},{"not_picked":["Perfected Strike+1","Brutality"],"picked":"Headbutt+1","floor":28},{"not_picked":["Demon Form","Exhume"],"picked":"Fiend Fire+1","floor":29},{"not_picked":["Thunderclap+1","Warcry","Headbutt+1"],"picked":"SKIP","floor":30},{"not_picked":["Body Slam+1","Pommel Strike+1","Warcry+1"],"picked":"SKIP","floor":35},{"not_picked":["Fire Breathing+1","Clash+1"],"picked":"Shrug It Off+1","floor":36},{"not_picked":["Perfected Strike+1","Heavy Blade+1"],"picked":"Feel No Pain+1","floor":37},{"not_picked":["Havoc","Anger+1","Thunderclap+1"],"picked":"SKIP","floor":39},{"not_picked":["Bludgeon+1","Entrench+1","Anger+1"],"picked":"SKIP","floor":41},{"not_picked":["Juggernaut","Searing Blow+1"],"picked":"Flame Barrier","floor":45},{"not_picked":["Body Slam+1","Pummel+1"],"picked":"Spot Weakness+1","floor":46}],"player_experience":204315,"relics_obtained":[{"floor":7,"key":"Molten Egg 2"},{"floor":9,"key":"Smiling Mask"},{"floor":10,"key":"Strawberry"},{"floor":14,"key":"Bag of Marbles"},{"floor":23,"key":"Regal Pillow"},{"floor":25,"key":"Shovel"},{"floor":27,"key":"Paper Frog"},{"floor":29,"key":"Letter Opener"},{"floor":36,"key":"Torii"},{"floor":41,"key":"Dream Catcher"},{"floor":42,"key":"Incense Burner"}],"event_choices":[{"cards_removed":["Strike_R"],"damage_healed":0,"gold_gain":0,"player_choice":"Card Removal","damage_taken":0,"max_hp_gain":0,"max_hp_loss":0,"event_name":"Wheel of Change","floor":3,"gold_loss":0},{"damage_healed":0,"gold_gain":0,"player_choice":"Traded Relic","damage_taken":0,"relics_obtained":["Nloth\u0027s Gift"],"max_hp_gain":0,"max_hp_loss":0,"event_name":"N\u0027loth","floor":19,"relics_lost":["Smiling Mask"],"gold_loss":0},{"damage_healed":0,"gold_gain":0,"player_choice":"Bought 1 Potion","damage_taken":0,"max_hp_gain":0,"max_hp_loss":0,"event_name":"The Woman in Blue","floor":31,"gold_loss":0},{"damage_healed":0,"gold_gain":0,"player_choice":"Fight","damage_taken":0,"max_hp_gain":0,"max_hp_loss":0,"event_name":"Mysterious Sphere","floor":36,"gold_loss":0},{"cards_removed":["Defend_R"],"damage_healed":0,"gold_gain":0,"player_choice":"Offered Basic","damage_taken":0,"max_hp_gain":0,"max_hp_loss":0,"event_name":"Bonfire Elementals","floor":38,"gold_loss":0}],"is_beta":false,"boss_relics":[{"not_picked":["White Beast Statue","Astrolabe"],"picked":"Cursed Key"},{"not_picked":["Orrery","Calling Bell"],"picked":"Empty Cage"}],"items_purged_floors":[12,20,22],"is_endless":false,"potions_floor_spawned":[2,5,8,13,14,21,25,28,29,35,36,37,45,46],"ascension_level":2}