{"gold_per_floor":[119,119,143,143,34,34,65,65,91,91],"floor_reached":10,"playtime":218,"items_purged":[],"score":174,"play_id":"29983f58-8603-498c-a6c9-e0ea91529623","local_time":"20190615044037","is_ascension_mode":true,"campfire_choices":[{"floor":6,"key":"REST"},{"data":"Blur","floor":8,"key":"SMITH"}],"neow_cost":"NONE","seed_source_timestamp":176554463181057,"circlet_count":0,"master_deck":["AscendersBane","Defend_G","Defend_G","Defend_G","Defend_G","Defend_G","Strike_G","Strike_G","Strike_G","Strike_G","Strike_G","Survivor","Neutralize","Catalyst+1","Footwork","Blur+1"],"relics":["Ring of the Snake","NeowsBlessing","Golden Idol","Oddly Smooth Stone","Happy Flower"],"potions_floor_usage":[10],"damage_taken":[{"damage":0,"enemies":"Small Slimes","floor":1,"turns":1},{"damage":0,"enemies":"Cultist","floor":3,"turns":1},{"damage":0,"enemies":"Gremlin Nob","floor":7,"turns":1},{"damage":57,"enemies":"3 Sentries","floor":10,"turns":10}],"seed_played":"797221969092139618","potions_obtained":[],"is_trial":false,"path_per_floor":["M","?","M","?","$","R","E","R","T","E"],"character_chosen":"THE_SILENT","items_purchased":["Strength Potion","Dexterity Potion"],"campfire_rested":1,"item_purchase_floors":[5,5],"current_hp_per_floor":[59,36,36,36,36,55,55,55,55,0],"gold":91,"neow_bonus":"THREE_ENEMY_KILL","is_prod":false,"is_daily":false,"chose_seed":false,"campfire_upgraded":1,"win_rate":0,"timestamp":1560544837,"path_taken":["M","?","M","?","$","R","E","R","T","E"],"build_version":"2019-01-23","purchased_purges":0,"victory":false,"max_hp_per_floor":[66,66,66,66,66,66,66,66,66,66],"card_choices":[{"not_picked":["Cloak And Dagger","Blade Dance"],"picked":"Catalyst","floor":1},{"not_picked":["Quick Slash","Deflect"],"picked":"Footwork","floor":3},{"not_picked":["Quick Slash","Glass Knife"],"picked":"Blur","floor":7}],"player_experience":688285,"relics_obtained":[{"floor":7,"key":"Oddly Smooth Stone"},{"floor":9,"key":"Happy Flower"}],"event_choices":[{"damage_healed":0,"gold_gain":0,"player_choice":"Take Damage","damage_taken":23,"relics_obtained":["Golden Idol"],"max_hp_gain":0,"max_hp_loss":0,"event_name":"Golden Idol","floor":2,"gold_loss":0},{"damage_healed":0,"gold_gain":0,"player_choice":"Upgraded","damage_taken":0,"max_hp_gain":0,"max_hp_loss":0,"event_name":"Upgrade Shrine","floor":4,"gold_loss":0,"cards_upgraded":["Catalyst"]}],"is_beta":false,"boss_relics":[],"items_purged_floors":[],"is_endless":false,"potions_floor_spawned":[],"killed_by":"3 Sentries","ascension_level":19}