{"gold_per_floor":[111,111,124,89,100,100,114,114,198,198,218,218,230,10,10,149,149,167,178,178,68,81,81,101],"floor_reached":24,"playtime":1057,"items_purged":["Decay"],"score":263,"play_id":"7727cc4e-955a-4e75-97a3-6e5dad98bedc","local_time":"20190221222354","is_ascension_mode":true,"campfire_choices":[{"data":"Choke","floor":6,"key":"SMITH"},{"data":"Well Laid Plans","floor":8,"key":"SMITH"},{"data":"Neutralize","floor":12,"key":"SMITH"},{"floor":15,"key":"REST"},{"floor":23,"key":"REST"}],"neow_cost":"NONE","seed_source_timestamp":27616639666411,"circlet_count":0,"master_deck":["Defend_G+1","Defend_G","Defend_G+1","Defend_G","Strike_G","Strike_G","Strike_G","Strike_G","Strike_G","Survivor","Neutralize+1","Well Laid Plans+1","Backstab","Choke+1","Deflect","Skewer","Heel Hook","HandOfGreed","Prepared","Tools of the Trade","Prepared+1","Escape Plan+1","Tactician","Blade Dance"],"relics":["Ring of the Snake","NeowsBlessing","Tiny Chest","Sozu"],"potions_floor_usage":[16,16,22],"damage_taken":[{"damage":0,"enemies":"Small Slimes","floor":1,"turns":1},{"damage":0,"enemies":"Cultist","floor":3,"turns":1},{"damage":0,"enemies":"2 Louse","floor":5,"turns":1},{"damage":4,"enemies":"2 Fungi Beasts","floor":7,"turns":4},{"damage":6,"enemies":"Exordium Wildlife","floor":11,"turns":7},{"damage":1,"enemies":"3 Louse","floor":13,"turns":3},{"damage":27,"enemies":"Slime Boss","floor":16,"turns":14},{"damage":23,"enemies":"Shell Parasite","floor":18,"turns":4},{"damage":26,"enemies":"2 Thieves","floor":19,"turns":5},{"damage":0,"enemies":"Snake Plant","floor":22,"turns":2},{"damage":37,"enemies":"Cultist and Chosen","floor":24,"turns":6}],"seed_played":"4187033391678592484","potions_obtained":[{"floor":3,"key":"SteroidPotion"},{"floor":5,"key":"Explosive Potion"},{"floor":13,"key":"Block Potion"},{"floor":16,"key":"EssenceOfSteel"}],"is_trial":false,"path_per_floor":["M","?","M","$","M","R","M","R","T","?","M","R","M","$","R","B",null,"M","M","?","$","M","R","M"],"character_chosen":"THE_SILENT","items_purchased":["Choke","HandOfGreed","Prepared","Tactician"],"campfire_rested":2,"item_purchase_floors":[4,14,14,21],"current_hp_per_floor":[63,63,63,63,63,63,59,59,59,45,39,39,38,38,59,32,61,38,12,12,12,12,33,0],"gold":101,"neow_bonus":"THREE_ENEMY_KILL","is_prod":false,"is_daily":false,"chose_seed":false,"campfire_upgraded":3,"win_rate":0,"timestamp":1550805834,"path_taken":["M","?","?","$","M","R","M","R","T","?","M","R","M","$","R","BOSS","M","M","?","$","M","R","M"],"build_version":"2019-01-23","purchased_purges":1,"victory":false,"max_hp_per_floor":[70,70,70,70,70,70,70,70,70,70,70,70,70,70,70,70,70,70,70,70,70,70,70,70],"card_choices":[{"not_picked":["Underhanded Strike","Deflect"],"picked":"Well Laid Plans","floor":1},{"not_picked":["Prepared","Infinite Blades"],"picked":"Backstab","floor":3},{"not_picked":["Sucker Punch","Blade Dance"],"picked":"Deflect","floor":5},{"not_picked":["Dagger Throw","Cloak And Dagger","PiercingWail"],"picked":"SKIP","floor":7},{"not_picked":["Acrobatics","Poisoned Stab"],"picked":"Skewer","floor":11},{"not_picked":["Backflip","Dagger Throw"],"picked":"Heel Hook","floor":13},{"not_picked":["Night Terror","Unload"],"picked":"Tools of the Trade","floor":16},{"not_picked":["Choke+1","Crippling Poison"],"picked":"Prepared+1","floor":18},{"not_picked":["Setup","Quick Slash+1"],"picked":"Escape Plan+1","floor":19},{"not_picked":["Skewer+1","Outmaneuver+1"],"picked":"Blade Dance","floor":22}],"player_experience":332260,"relics_obtained":[{"floor":9,"key":"Tiny Chest"}],"event_choices":[{"cards_removed":["Defend_G"],"damage_healed":0,"gold_gain":0,"player_choice":"Purged","damage_taken":0,"max_hp_gain":0,"max_hp_loss":0,"event_name":"Purifier","floor":2,"gold_loss":0},{"damage_healed":0,"gold_gain":0,"player_choice":"Entered Light","damage_taken":14,"max_hp_gain":0,"max_hp_loss":0,"event_name":"Shining Light","floor":10,"gold_loss":0,"cards_upgraded":["Defend_G","Defend_G"]},{"damage_healed":0,"gold_gain":0,"player_choice":"Smashed Altar","damage_taken":0,"max_hp_gain":0,"max_hp_loss":0,"event_name":"Forgotten Altar","floor":20,"gold_loss":0,"cards_obtained":["Decay"]}],"is_beta":false,"boss_relics":[{"not_picked":["Empty Cage","Philosopher\u0027s Stone"],"picked":"Sozu"}],"items_purged_floors":[21],"is_endless":false,"potions_floor_spawned":[3,5,13,16,18,22],"killed_by":"Cultist and Chosen","ascension_level":8}