{"gold_per_floor":[111,130,147,159,173,173,200,200,200,234,234,248,248,248,248,322,322,341,20,31,46,46,46,62,62,62,113,9,9,22,53,53,127,127,143,143,143,155,96,96,124,124,194,194,207,207,223,223,223,223,223],"floor_reached":52,"playtime":2862,"items_purged":["Strike_B"],"score":1845,"play_id":"4dd31e8a-26ff-4847-9691-523e04c80d1f","local_time":"20180831113005","is_ascension_mode":true,"campfire_choices":[{"data":"Hologram","floor":6.0,"key":"SMITH"},{"data":"Hologram","floor":8.0,"key":"SMITH"},{"data":"Strike_B","floor":11.0,"key":"PURGE"},{"data":"Strike_B","floor":15.0,"key":"PURGE"},{"data":"Buffer","floor":23.0,"key":"SMITH"},{"data":"Sunder","floor":25.0,"key":"SMITH"},{"data":"Skim","floor":29.0,"key":"SMITH"},{"data":"Beam Cell","floor":32.0,"key":"SMITH"},{"data":"Beam Cell","floor":40.0,"key":"SMITH"},{"data":"Hello World","floor":42.0,"key":"SMITH"},{"data":"Go for the Eyes","floor":44.0,"key":"SMITH"},{"floor":46.0,"key":"REST"},{"floor":49.0,"key":"REST"}],"neow_cost":"NONE","seed_source_timestamp":0,"circlet_count":0,"master_deck":["Defend_B","Defend_B","Defend_B","Defend_B","Zap+1","Dualcast","AscendersBane","Genetic Algorithm","Gash","Self Repair","Hologram+1","Hologram+1","Gash","FTL","Skim+1","Compile Driver+1","Sunder+1","Turbo+1","All For One","Rebound","Hologram+1","Beam Cell+1","Go for the Eyes+1","Conserve Battery+1","Conserve Battery+1","Hello World+1","Beam Cell+1","Madness+1","Madness+1","Go for the Eyes","Turbo+1","Gash","Reinforced Body+1","Cold Snap+1"],"special_seed":0,"relics":["Cracked Core","Peace Pipe","Vajra","Bag of Marbles","Ornamental Fan","Philosopher\u0027s Stone","Toxic Egg 2","Dream Catcher","Bronze Scales","Blue Candle","Orrery","Omamori","Bottled Tornado"],"potions_floor_usage":[51],"damage_taken":[{"damage":4.0,"enemies":"Jaw Worm","floor":1.0,"turns":4.0},{"damage":3.0,"enemies":"2 Louse","floor":2.0,"turns":3.0},{"damage":0.0,"enemies":"Cultist","floor":3.0,"turns":3.0},{"damage":8.0,"enemies":"Blue Slaver","floor":4.0,"turns":4.0},{"damage":7.0,"enemies":"Looter","floor":5.0,"turns":3.0},{"damage":14.0,"enemies":"Lagavulin","floor":7.0,"turns":8.0},{"damage":25.0,"enemies":"3 Sentries","floor":10.0,"turns":8.0},{"damage":1.0,"enemies":"3 Louse","floor":12.0,"turns":3.0},{"damage":15.0,"enemies":"Slime Boss","floor":16.0,"turns":8.0},{"damage":0.0,"enemies":"Spheric Guardian","floor":18.0,"turns":3.0},{"damage":0.0,"enemies":"Chosen","floor":20.0,"turns":3.0},{"damage":12.0,"enemies":"Snake Plant","floor":21.0,"turns":4.0},{"damage":0.0,"enemies":"Centurion and Healer","floor":24.0,"turns":3.0},{"damage":1.0,"enemies":"Chosen and Byrds","floor":30.0,"turns":2.0},{"damage":0.0,"enemies":"Slavers","floor":31.0,"turns":3.0},{"damage":7.0,"enemies":"Automaton","floor":33.0,"turns":6.0},{"damage":0.0,"enemies":"3 Darklings","floor":35.0,"turns":3.0},{"damage":0.0,"enemies":"Orb Walker","floor":38.0,"turns":3.0},{"damage":30.0,"enemies":"2 Orb Walkers","floor":41.0,"turns":4.0},{"damage":8.0,"enemies":"Maw","floor":45.0,"turns":3.0},{"damage":15.0,"enemies":"4 Shapes","floor":47.0,"turns":8.0},{"damage":4.0,"enemies":"Donu and Deca","floor":50.0,"turns":5.0},{"damage":56,"enemies":"Time Eater","floor":51,"turns":12}],"seed_played":"6749040989708011005","potions_obtained":[{"floor":1.0,"key":"EssenceOfSteel"},{"floor":2.0,"key":"Block Potion"},{"floor":3.0,"key":"PowerPotion"},{"floor":10.0,"key":"PowerPotion"},{"floor":20.0,"key":"LiquidBronze"},{"floor":31.0,"key":"Dexterity Potion"},{"floor":38.0,"key":"SteroidPotion"},{"floor":47.0,"key":"PowerPotion"}],"is_trial":false,"path_per_floor":["M","M","M","M","M","R","E","R","T","E","R","M","?","?","R","B",null,"M","$","M","M","?","R","M","R","T","T","$","R","M","E","R","B",null,"M","?","?","M","$","R","E","R","T","R","M","R","M","?","R","B","B"],"character_chosen":"DEFECT","items_purchased":["Toxic Egg 2","Sunder","Hologram+1","Turbo+1"],"campfire_rested":2,"item_purchase_floors":[19,19,28,39],"current_hp_per_floor":[60,57,57,49,49,49,42,42,42,24,24,30,30,19,19,11,56,63,63,70,65,65,65,71,71,71,71,71,71,70,71,71,71,71,71,58,58,58,58,58,35,35,35,35,27,48,40,40,61,64,15],"gold":223,"neow_bonus":"UPGRADE_CARD","is_prod":false,"is_daily":false,"chose_seed":false,"campfire_upgraded":9,"win_rate":0,"timestamp":1535707805,"path_taken":["M","M","M","M","M","R","E","R","T","E","R","M","?","?","R","BOSS","M","$","?","M","?","R","M","R","T","?","$","R","M","E","R","BOSS","M","?","?","M","?","R","E","R","T","R","M","R","M","?","R","BOSS","BOSS"],"build_version":"2018-08-30","purchased_purges":1,"victory":true,"max_hp_per_floor":[71,71,71,71,71,71,71,71,71,71,71,71,71,71,71,71,71,71,71,71,71,71,71,71,71,71,71,71,71,71,71,71,71,71,71,71,71,71,71,71,71,71,71,71,71,71,71,71,71,71,71],"card_choices":[{"not_picked":["Heatsinks","Sweeping Beam","Stack"],"picked":"SKIP","floor":1.0},{"not_picked":["Rebound","Redo"],"picked":"Genetic Algorithm","floor":2.0},{"not_picked":["Ball Lightning","Coolheaded"],"picked":"Gash","floor":3.0},{"not_picked":["Leap","Redo"],"picked":"Self Repair","floor":4.0},{"not_picked":["Tempest","Turbo"],"picked":"Hologram","floor":5.0},{"not_picked":["Capacitor","Biased Cognition"],"picked":"Hologram","floor":7.0},{"not_picked":["Reprogram","BootSequence"],"picked":"Gash","floor":10.0},{"not_picked":["Ball Lightning","Rebound"],"picked":"FTL","floor":12.0},{"not_picked":["Seek","Multi-Cast"],"picked":"Buffer","floor":16.0},{"not_picked":["Double Energy","Stack"],"picked":"Compile Driver+1","floor":18.0},{"not_picked":["Cold Snap","Aggregate+1","Compile Driver"],"picked":"SKIP","floor":20.0},{"not_picked":["Defragment","FTL"],"picked":"Turbo+1","floor":21.0},{"not_picked":["Redo+1","Melter"],"picked":"Rebound","floor":24.0},{"not_picked":["Gash","Ball Lightning"],"picked":"Beam Cell","floor":30.0},{"not_picked":["Recycle+1","Turbo+1","Multi-Cast+1"],"picked":"SKIP","floor":31.0},{"not_picked":["Recycle+1","Turbo+1","Multi-Cast+1"],"picked":"SKIP","floor":31.0},{"not_picked":["Turbo+1","White Noise+1"],"picked":"Go for the Eyes","floor":34.0},{"not_picked":["Tempest+1","Biased Cognition"],"picked":"Conserve Battery+1","floor":34.0},{"not_picked":["Ball Lightning+1","Reprogram+1"],"picked":"Conserve Battery+1","floor":34.0},{"not_picked":["Loop","Genetic Algorithm+1"],"picked":"Hello World","floor":34.0},{"not_picked":["Defragment","Leap+1"],"picked":"Beam Cell","floor":35.0},{"not_picked":["Heatsinks","Static Discharge"],"picked":"Go for the Eyes","floor":38.0},{"not_picked":["Coolheaded+1","Leap+1"],"picked":"Gash","floor":41.0},{"not_picked":["Rebound","Go for the Eyes","Barrage+1"],"picked":"SKIP","floor":45.0},{"not_picked":["Leap+1","Force Field+1"],"picked":"Reinforced Body+1","floor":47.0},{"not_picked":["Beam Cell","Compile Driver"],"picked":"Cold Snap+1","floor":49.0}],"player_experience":945029,"relics_obtained":[{"floor":7.0,"key":"Peace Pipe"},{"floor":9.0,"key":"Vajra"},{"floor":10.0,"key":"Bag of Marbles"},{"floor":26.0,"key":"Dream Catcher"},{"floor":27.0,"key":"Bronze Scales"},{"floor":31.0,"key":"Blue Candle"},{"floor":41.0,"key":"Omamori"},{"floor":43.0,"key":"Bottled Tornado"}],"event_choices":[{"event_name":"Living Wall","player_choice":"Change","floor":13.0,"damage_taken":0.0},{"event_name":"Scrap Ooze","player_choice":"success","floor":14.0,"damage_taken":11.0},{"event_name":"The Library","player_choice":"Read","floor":22.0,"damage_taken":0.0},{"event_name":"Winding Halls","player_choice":"Embrace Madness","floor":36.0,"damage_taken":0.0},{"event_name":"Falling","player_choice":"Removed Power","floor":37.0,"damage_taken":0.0},{"event_name":"SecretPortal","player_choice":"Rejected Portal.","floor":48.0,"damage_taken":0.0}],"is_beta":true,"boss_relics":[{"not_picked":["Calling Bell","Busted Crown"],"picked":"Philosopher\u0027s Stone"},{"not_picked":["Black Star","Empty Cage"],"picked":"Orrery"}],"items_purged_floors":[28],"is_endless":false,"potions_floor_spawned":[1,2,3,10,20,31,38,47],"ascension_level":20}