{"gold_per_floor":[114,114,79,94,109,139,139,169,194,194],"floor_reached":10,"playtime":841,"items_purged":[],"score":76,"play_id":"9f6fb268-ac18-4d10-9243-a712b2119931","local_time":"20190227115722","daily_mods":["Chimera","Time Dilation","Elite Swarm"],"is_ascension_mode":false,"campfire_choices":[{"data":"Creative AI","floor":7,"key":"SMITH"}],"neow_cost":"","seed_source_timestamp":0,"circlet_count":0,"master_deck":["Bash","Survivor+1","Zap","Strike_R","Strike_G","Strike_B+1","Defend_R","Defend_G","Defend_B","Darkness","Hologram","Steam Power","Creative AI+1"],"special_seed":17954,"relics":["Cracked Core","Orichalcum","Torii","Centennial Puzzle"],"potions_floor_usage":[6],"damage_taken":[{"damage":1,"enemies":"Jaw Worm","floor":1,"turns":3},{"damage":1,"enemies":"Small Slimes","floor":4,"turns":3},{"damage":0,"enemies":"Cultist","floor":5,"turns":3},{"damage":34,"enemies":"3 Sentries","floor":6,"turns":9},{"damage":15,"enemies":"Lagavulin","floor":8,"turns":6},{"damage":35,"enemies":"Gremlin Nob","floor":10,"turns":5}],"seed_played":"8256108652723844663","potions_obtained":[{"floor":1,"key":"Swift Potion"},{"floor":4,"key":"Strength Potion"},{"floor":5,"key":"SteroidPotion"}],"is_trial":false,"path_per_floor":["M","?","?","M","M","E","R","E","T","E"],"character_chosen":"DEFECT","items_purchased":[],"campfire_rested":0,"item_purchase_floors":[],"current_hp_per_floor":[74,59,75,74,74,40,40,25,25,0],"gold":194,"neow_bonus":"","is_prod":false,"is_daily":true,"chose_seed":false,"campfire_upgraded":1,"win_rate":0,"timestamp":1551265042,"path_taken":["M","?","?","M","M","E","R","E","T","E"],"build_version":"2019-01-23","purchased_purges":0,"victory":false,"max_hp_per_floor":[75,75,75,75,75,75,75,75,75,75],"card_choices":[{"not_picked":["Ball Lightning","Hello World"],"picked":"Darkness","floor":1},{"not_picked":["Sweeping Beam","Lockon"],"picked":"Hologram","floor":4},{"not_picked":["Turbo","Rip and Tear"],"picked":"Steam Power","floor":5},{"not_picked":["Amplify","All For One"],"picked":"Creative AI","floor":6},{"not_picked":["Amplify","Fission","Creative AI"],"picked":"SKIP","floor":8}],"player_experience":242870,"relics_obtained":[{"floor":6,"key":"Orichalcum"},{"floor":8,"key":"Torii"},{"floor":9,"key":"Centennial Puzzle"}],"event_choices":[{"damage_healed":0,"gold_gain":0,"player_choice":"Entered Light","damage_taken":15,"max_hp_gain":0,"max_hp_loss":0,"event_name":"Shining Light","floor":2,"gold_loss":0,"cards_upgraded":["Strike_B","Survivor"]},{"damage_healed":18,"gold_gain":0,"player_choice":"Healed","damage_taken":0,"max_hp_gain":0,"max_hp_loss":0,"event_name":"The Cleric","floor":3,"gold_loss":35}],"is_beta":false,"boss_relics":[],"items_purged_floors":[],"is_endless":false,"potions_floor_spawned":[1,4,5],"killed_by":"Gremlin Nob","ascension_level":0}