{"gold_per_floor":[17,31,46,66,84,84,116,116,166,190,60,71,97,126,126,231,231,245,245,170,188,206,240,240,21,91,120,131,157,157,170,170,272,272,290,310,26,0,15,49,49,97,97,97,97,114,114,149,149,149,149,149,0,31,31],"floor_reached":55,"playtime":6545,"items_purged":["Strike_R","Strike_R"],"score":1142,"play_id":"a4c00f5d-89d7-4699-a70f-1694c5d52f33","local_time":"20190212111608","is_ascension_mode":true,"campfire_choices":[{"floor":6.0,"key":"REST"},{"floor":8.0,"key":"REST"},{"floor":15.0,"key":"REST"},{"data":"Spot Weakness","floor":24.0,"key":"SMITH"},{"data":"Disarm","floor":30.0,"key":"SMITH"},{"data":"Metallicize","floor":32.0,"key":"SMITH"},{"floor":41.0,"key":"REST"},{"floor":44.0,"key":"REST"},{"floor":49.0,"key":"RECALL"},{"data":"Metallicize","floor":52.0,"key":"SMITH"}],"neow_cost":"NO_GOLD","seed_source_timestamp":0,"circlet_count":0,"master_deck":["Strike_R","Strike_R","Strike_R","Defend_R","Defend_R","Defend_R","Defend_R","Bash","Offering","Havoc","Flame Barrier+1","Battle Trance","Inflame","Reaper","Whirlwind","Spot Weakness+1","Shrug It Off+1","True Grit","Disarm+1","Heavy Blade","Flame Barrier","Inflame","Metallicize+1","Feed","Shrug It Off+1","Spot Weakness+1","Metallicize+1","Apotheosis+1","Spot Weakness+1","Reaper","Metallicize"],"special_seed":0,"relics":["Burning Blood","Pantograph","Oddly Smooth Stone","Lantern","Odd Mushroom","Sundial","Velvet Choker","Juzu Bracelet","Vajra","Toxic Egg 2","Charon\u0027s Ashes","Strawberry","Runic Cube","Red Mask","War Paint","FossilizedHelix","Bronze Scales","Anchor"],"potions_floor_usage":[54,55],"damage_taken":[{"damage":7.0,"enemies":"Cultist","floor":1.0,"turns":4.0},{"damage":20.0,"enemies":"Small Slimes","floor":2.0,"turns":4.0},{"damage":8.0,"enemies":"2 Louse","floor":3.0,"turns":4.0},{"damage":21.0,"enemies":"Exordium Thugs","floor":4.0,"turns":8.0},{"damage":16.0,"enemies":"Lots of Slimes","floor":5.0,"turns":4.0},{"damage":41.0,"enemies":"3 Sentries","floor":7.0,"turns":13.0},{"damage":11.0,"enemies":"Large Slime","floor":12.0,"turns":6.0},{"damage":6.0,"enemies":"The Mushroom Lair","floor":13.0,"turns":2.0},{"damage":56.0,"enemies":"Lagavulin","floor":14.0,"turns":8.0},{"damage":53.0,"enemies":"The Guardian","floor":16.0,"turns":10.0},{"damage":6.0,"enemies":"Chosen","floor":18.0,"turns":3.0},{"damage":0.0,"enemies":"3 Byrds","floor":21.0,"turns":4.0},{"damage":21.0,"enemies":"Snecko","floor":22.0,"turns":5.0},{"damage":36.0,"enemies":"Slavers","floor":23.0,"turns":7.0},{"damage":23.0,"enemies":"Book of Stabbing","floor":27.0,"turns":7.0},{"damage":3.0,"enemies":"Cultist and Chosen","floor":28.0,"turns":7.0},{"damage":32.0,"enemies":"Slavers","floor":29.0,"turns":6.0},{"damage":42.0,"enemies":"Centurion and Healer","floor":31.0,"turns":6.0},{"damage":70.0,"enemies":"Automaton","floor":33.0,"turns":11.0},{"damage":21.0,"enemies":"3 Shapes","floor":35.0,"turns":6.0},{"damage":6.0,"enemies":"Orb Walker","floor":36.0,"turns":5.0},{"damage":12.0,"enemies":"4 Shapes","floor":39.0,"turns":2.0},{"damage":76.0,"enemies":"Reptomancer","floor":40.0,"turns":7.0},{"damage":66.0,"enemies":"2 Orb Walkers","floor":42.0,"turns":6.0},{"damage":6.0,"enemies":"Maw","floor":46.0,"turns":8.0},{"damage":22.0,"enemies":"Nemesis","floor":48.0,"turns":7.0},{"damage":116.0,"enemies":"Donu and Deca","floor":50.0,"turns":10.0},{"damage":64,"enemies":"Shield and Spear","floor":54,"turns":7},{"damage":116,"enemies":"The Heart","floor":55,"turns":8}],"seed_played":"4561869152504905255","potions_obtained":[{"floor":2.0,"key":"Fire Potion"},{"floor":5.0,"key":"GamblersBrew"},{"floor":7.0,"key":"SteroidPotion"},{"floor":12.0,"key":"SteroidPotion"},{"floor":14.0,"key":"Fire Potion"},{"floor":18.0,"key":"Explosive Potion"},{"floor":21.0,"key":"Energy Potion"},{"floor":27.0,"key":"Regen Potion"},{"floor":28.0,"key":"Weak Potion"},{"floor":40.0,"key":"AttackPotion"},{"floor":46.0,"key":"LiquidBronze"}],"is_trial":false,"path_per_floor":["M","M","M","M","M","R","E","R","T","T","$","M","?","E","R","B",null,"M","?","$","M","M","E","R","$","T","E","M","E","R","M","R","B",null,"M","M","$","?","M","E","R","?","T","R","?","M","?","E","R","B",null,"R","$","E","B"],"character_chosen":"IRONCLAD","items_purchased":["Spot Weakness","Shrug It Off","Vajra","Metallicize","Spot Weakness+1","Metallicize","Apotheosis+1","Energy Potion"],"campfire_rested":5,"item_purchase_floors":[11,11,25,25,37,37,37,53],"current_hp_per_floor":[71,57,55,40,30,54,37,61,61,61,61,64,80,30,54,32,68,68,90,90,90,75,74,74,74,74,70,90,84,84,76,76,48,85,85,88,88,88,82,33,63,13,13,43,43,63,63,85,85,78,100,100,100,76,0],"gold":31,"neow_bonus":"THREE_RARE_CARDS","is_prod":false,"is_daily":false,"chose_seed":false,"campfire_upgraded":4,"win_rate":0,"timestamp":1549988168,"path_taken":["M","?","M","M","M","R","E","R","T","?","$","M","?","E","R","BOSS","M","?","?","M","?","E","R","$","T","E","M","E","R","M","R","BOSS","M","M","$","?","M","E","R","?","T","R","?","M","?","E","R","BOSS","R","$","E","BOSS"],"build_version":"2019-01-23","purchased_purges":2,"victory":false,"max_hp_per_floor":[80,80,80,80,80,80,80,80,80,80,80,80,80,80,80,80,80,80,90,90,90,90,90,90,90,90,90,90,97,97,97,97,97,97,100,103,103,103,103,103,103,103,103,103,103,103,103,103,103,107,107,107,107,107,107],"card_choices":[{"not_picked":["Exhume","Immolate"],"picked":"Offering","floor":0.0},{"not_picked":["Headbutt","Sword Boomerang"],"picked":"Havoc","floor":1.0},{"not_picked":["Rupture","Corruption"],"picked":"Flame Barrier","floor":2.0},{"not_picked":["Headbutt","Fire Breathing"],"picked":"Battle Trance","floor":3.0},{"not_picked":["Wild Strike","Clash"],"picked":"Inflame","floor":4.0},{"not_picked":["Perfected Strike","Clothesline"],"picked":"Reaper","floor":5.0},{"not_picked":["Entrench","Anger"],"picked":"Whirlwind","floor":7.0},{"not_picked":["Anger","Burning Pact"],"picked":"True Grit","floor":12.0},{"not_picked":["Fiend Fire","True Grit","Clash"],"picked":"SKIP","floor":14.0},{"not_picked":["Bludgeon","Dark Embrace"],"picked":"Fiend Fire","floor":16.0},{"not_picked":["Thunderclap","Flex"],"picked":"Disarm","floor":18.0},{"not_picked":["Warcry","Heavy Blade","Sword Boomerang+1"],"picked":"SKIP","floor":21.0},{"not_picked":["Warcry","Sword Boomerang+1"],"picked":"Heavy Blade","floor":21.0},{"not_picked":["Bludgeon","Wild Strike"],"picked":"Flame Barrier","floor":22.0},{"not_picked":["Dropkick+1","Feel No Pain"],"picked":"Inflame","floor":23.0},{"not_picked":["Headbutt","Entrench+1","Wild Strike"],"picked":"SKIP","floor":27.0},{"not_picked":["Warcry+1","Pommel Strike","Cleave"],"picked":"SKIP","floor":28.0},{"not_picked":["Battle Trance+1","Entrench+1"],"picked":"Inflame","floor":29.0},{"not_picked":["Clash","Cleave","Thunderclap"],"picked":"SKIP","floor":31.0},{"not_picked":["Double Tap+1","Juggernaut"],"picked":"Feed","floor":33.0},{"not_picked":["Clash","Anger+1"],"picked":"Shrug It Off+1","floor":35.0},{"not_picked":["Headbutt+1","Pommel Strike+1","Sword Boomerang+1"],"picked":"SKIP","floor":36.0},{"not_picked":["Rampage+1","Battle Trance+1"],"picked":"Spot Weakness+1","floor":39.0},{"not_picked":["Sentinel+1","Sword Boomerang+1","Cleave"],"picked":"SKIP","floor":40.0},{"not_picked":["Pummel+1","Iron Wave+1"],"picked":"Reaper","floor":42.0},{"not_picked":["Clash","Intimidate+1","Second Wind+1"],"picked":"SKIP","floor":46.0},{"not_picked":["Anger+1","Havoc+1","Blood for Blood"],"picked":"SKIP","floor":48.0},{"not_picked":["Armaments+1","Cleave"],"picked":"Metallicize","floor":54}],"player_experience":865604,"relics_obtained":[{"floor":7.0,"key":"Pantograph"},{"floor":9.0,"key":"Oddly Smooth Stone"},{"floor":10.0,"key":"Lantern"},{"floor":13.0,"key":"Odd Mushroom"},{"floor":14.0,"key":"Sundial"},{"floor":23.0,"key":"Juzu Bracelet"},{"floor":26.0,"key":"Toxic Egg 2"},{"floor":27.0,"key":"Charon\u0027s Ashes"},{"floor":29.0,"key":"Strawberry"},{"floor":40.0,"key":"War Paint"},{"floor":42.0,"key":"FossilizedHelix"},{"floor":48.0,"key":"Bronze Scales"},{"floor":54,"key":"Anchor"}],"event_choices":[{"damage_healed":0.0,"max_hp_gain":0.0,"max_hp_loss":0.0,"gold_gain":0.0,"event_name":"Mushrooms","player_choice":"Fought Mushrooms","floor":13.0,"gold_loss":0.0,"damage_taken":0.0},{"cards_removed":["Fiend Fire"],"damage_healed":12.0,"max_hp_gain":10.0,"max_hp_loss":0.0,"gold_gain":0.0,"event_name":"Bonfire Elementals","player_choice":"Offered Rare","floor":19.0,"gold_loss":0.0,"damage_taken":0.0},{"damage_healed":0.0,"max_hp_gain":0.0,"max_hp_loss":0.0,"gold_gain":0.0,"event_name":"Tomb of Lord Red Mask","player_choice":"Paid","floor":38.0,"gold_loss":26.0,"damage_taken":0.0,"relics_obtained":["Red Mask"]},{"damage_healed":0.0,"max_hp_gain":0.0,"max_hp_loss":0.0,"gold_gain":0.0,"event_name":"Mysterious Sphere","player_choice":"Fight","floor":42.0,"gold_loss":0.0,"damage_taken":0.0},{"cards_removed":["Inflame"],"damage_healed":0.0,"max_hp_gain":0.0,"max_hp_loss":0.0,"gold_gain":0.0,"event_name":"Falling","player_choice":"Removed Power","floor":45.0,"gold_loss":0.0,"damage_taken":0.0},{"damage_healed":0.0,"max_hp_gain":0.0,"max_hp_loss":0.0,"gold_gain":0.0,"event_name":"SensoryStone","player_choice":"Memory 1","floor":47.0,"gold_loss":0.0,"damage_taken":0.0}],"is_beta":false,"boss_relics":[{"not_picked":["Cursed Key","Empty Cage"],"picked":"Velvet Choker"},{"not_picked":["Snecko Eye","Busted Crown"],"picked":"Runic Cube"}],"items_purged_floors":[20,53],"is_endless":false,"potions_floor_spawned":[2,5,7,12,14,18,21,27,28,40,46],"killed_by":"The Heart","ascension_level":9}