{"gold_per_floor":[111,130,130,16,16,16,16,16,16,16,34,34,64,79,79,150,150,162,162,77,77,77,77,92,92,143,172,188,188,49,49,49,122,172,186,234,234,71,90,125,125,153,153,186,205,215,56,69,69,69,69,69,32,67,67],"floor_reached":55,"playtime":2133,"items_purged":["Regret","Strike_R+1","Strike_R+1"],"score":1376,"play_id":"b31682da-9b76-471b-b7f1-48fea96eacc8","local_time":"20190428011739","is_ascension_mode":true,"campfire_choices":[{"data":"Body Slam","floor":6,"key":"SMITH"},{"data":"Combust","floor":10,"key":"SMITH"},{"data":"Body Slam","floor":12,"key":"SMITH"},{"data":"Clash","floor":15,"key":"SMITH"},{"floor":23,"key":"RECALL"},{"floor":25,"key":"REST"},{"floor":29,"key":"REST"},{"floor":32,"key":"REST"},{"floor":41,"key":"REST"},{"floor":49,"key":"REST"},{"data":"1","floor":52,"key":"LIFT"}],"neow_cost":"NONE","seed_source_timestamp":310809125993600,"circlet_count":0,"master_deck":["AscendersBane","Strike_R+1","Strike_R+1","Strike_R+1","Defend_R+1","Defend_R+1","Defend_R+1","Defend_R+1","Bash+1","Clash+1","Body Slam+1","Combust+1","Body Slam+1","Impervious+1","Intimidate+1","Intimidate+1","Dual Wield+1","Metallicize+1","Offering+1","Warcry+1","Flex+1","Disarm+1","Rupture","Limit Break+1","Flex+1","Battle Trance+1","Shrug It Off+1","Limit Break+1","Entrench+1","Rupture","Rupture"],"relics":["Burning Blood","Art of War","Matryoshka","Toxic Egg 2","Kunai","Bronze Scales","Runic Pyramid","Mummified Hand","Anchor","Orichalcum","Vajra","Tiny House","Girya","Gremlin Horn","Pear","Dodecahedron","War Paint"],"potions_floor_usage":[16,16,33,33,50,50],"damage_taken":[{"damage":7,"enemies":"2 Louse","floor":1,"turns":4},{"damage":4,"enemies":"Jaw Worm","floor":2,"turns":3},{"damage":1,"enemies":"Small Slimes","floor":11,"turns":3},{"damage":29,"enemies":"Gremlin Nob","floor":13,"turns":4},{"damage":0,"enemies":"Blue Slaver","floor":14,"turns":1},{"damage":6,"enemies":"Slime Boss","floor":16,"turns":8},{"damage":14,"enemies":"Shell Parasite","floor":18,"turns":3},{"damage":10,"enemies":"3 Byrds","floor":24,"turns":3},{"damage":25,"enemies":"Book of Stabbing","floor":27,"turns":5},{"damage":1,"enemies":"Sentry and Sphere","floor":28,"turns":4},{"damage":26,"enemies":"Collector","floor":33,"turns":11},{"damage":5,"enemies":"3 Shapes","floor":35,"turns":3},{"damage":16,"enemies":"2 Orb Walkers","floor":36,"turns":4},{"damage":13,"enemies":"3 Darklings","floor":39,"turns":3},{"damage":31,"enemies":"Nemesis","floor":40,"turns":5},{"damage":17,"enemies":"Giant Head","floor":42,"turns":6},{"damage":6,"enemies":"Reptomancer","floor":44,"turns":4},{"damage":22,"enemies":"Maw","floor":45,"turns":5},{"damage":14,"enemies":"Jaw Worm Horde","floor":46,"turns":5},{"damage":10,"enemies":"Sphere and 2 Shapes","floor":48,"turns":4},{"damage":24,"enemies":"Awakened One","floor":50,"turns":6},{"damage":57,"enemies":"Shield and Spear","floor":54,"turns":4},{"damage":62,"enemies":"The Heart","floor":55,"turns":3}],"seed_played":"1219901124393934521","potions_obtained":[{"floor":13,"key":"Explosive Potion"},{"floor":14,"key":"Ancient Potion"},{"floor":24,"key":"PowerPotion"},{"floor":27,"key":"SkillPotion"},{"floor":34,"key":"Dexterity Potion"},{"floor":35,"key":"Block Potion"}],"is_trial":false,"path_per_floor":["M","M","?","$","?","R","?","$","T","R","M","R","E","M","R","B",null,"M","?","?","?","?","R","M","R","T","E","M","R","$","?","R","B",null,"M","?","?","$","M","E","R","E","T","E","M","M","$","M","R","B",null,"R","$","E","B"],"character_chosen":"IRONCLAD","items_purchased":["Combust","Metallicize","Disarm+1","Limit Break+1","Rupture"],"campfire_rested":5,"item_purchase_floors":[4,30,38,47,53],"current_hp_per_floor":[71,73,73,73,73,73,66,66,66,66,71,71,48,54,54,54,74,66,66,66,66,66,66,62,80,80,61,66,80,80,80,80,60,80,81,71,71,71,64,39,64,63,63,63,47,39,39,35,63,45,83,83,83,32,0],"gold":67,"neow_bonus":"UPGRADE_CARD","is_prod":false,"is_daily":false,"chose_seed":false,"campfire_upgraded":4,"win_rate":0,"timestamp":1556428659,"path_taken":["M","M","?","$","?","R","?","?","T","R","M","R","E","M","R","BOSS","M","?","?","?","?","R","M","R","T","E","M","R","$","?","R","BOSS","M","?","?","$","M","E","R","E","T","E","M","M","$","M","R","BOSS","R","$","E","BOSS"],"build_version":"2019-01-23","purchased_purges":3,"victory":false,"max_hp_per_floor":[80,80,80,80,80,80,80,80,80,80,80,80,80,80,80,80,80,80,80,80,80,80,80,80,80,80,80,80,80,80,80,80,80,85,85,85,85,85,85,85,85,95,95,95,95,95,95,95,95,95,95,95,95,95,95],"card_choices":[{"not_picked":["Heavy Blade","Blood for Blood"],"picked":"Clash","floor":1},{"not_picked":["True Grit","Blood for Blood"],"picked":"Body Slam","floor":2},{"not_picked":["Sword Boomerang","Flex+1"],"picked":"Body Slam","floor":11},{"not_picked":["Infernal Blade+1","Second Wind+1"],"picked":"Impervious+1","floor":13},{"not_picked":["Armaments+1","Whirlwind"],"picked":"Intimidate+1","floor":14},{"not_picked":["Sword Boomerang+1","Havoc+1","Combust"],"picked":"SKIP","floor":18},{"not_picked":["Clothesline","Cleave"],"picked":"Intimidate+1","floor":24},{"not_picked":["Flex+1","Evolve"],"picked":"Dual Wield+1","floor":27},{"not_picked":["Sever Soul","Sword Boomerang","Clash"],"picked":"SKIP","floor":28},{"not_picked":["Demon Form","Feed"],"picked":"Offering+1","floor":33},{"not_picked":["Shrug It Off+1","Havoc+1"],"picked":"Warcry+1","floor":34},{"not_picked":["Bloodletting+1","Perfected Strike","Thunderclap"],"picked":"SKIP","floor":35},{"not_picked":["Perfected Strike","Cleave"],"picked":"Flex+1","floor":36},{"not_picked":["Armaments+1","Combust","Dropkick"],"picked":"SKIP","floor":39},{"not_picked":["Clash","Bludgeon"],"picked":"Rupture","floor":40},{"not_picked":["Havoc+1","Offering+1"],"picked":"Limit Break+1","floor":42},{"not_picked":["Pommel Strike+1","Flame Barrier+1"],"picked":"Flex+1","floor":44},{"not_picked":["Pommel Strike","Twin Strike"],"picked":"Battle Trance+1","floor":45},{"not_picked":["Havoc+1","Armaments+1"],"picked":"Shrug It Off+1","floor":46},{"not_picked":["Warcry+1","Thunderclap+1"],"picked":"Entrench+1","floor":48},{"not_picked":["Sword Boomerang","Metallicize"],"picked":"Rupture","floor":54}],"player_experience":396288,"relics_obtained":[{"floor":9,"key":"Toxic Egg 2"},{"floor":9,"key":"Kunai"},{"floor":13,"key":"Bronze Scales"},{"floor":26,"key":"Anchor"},{"floor":26,"key":"Orichalcum"},{"floor":27,"key":"Vajra"},{"floor":36,"key":"Girya"},{"floor":40,"key":"Gremlin Horn"},{"floor":42,"key":"Pear"},{"floor":44,"key":"Dodecahedron"},{"floor":54,"key":"War Paint"}],"event_choices":[{"damage_healed":0,"gold_gain":0,"player_choice":"Box","damage_taken":0,"relics_obtained":["Art of War"],"max_hp_gain":0,"max_hp_loss":0,"event_name":"Big Fish","floor":3,"gold_loss":0,"cards_obtained":["Regret"]},{"damage_healed":0,"gold_gain":0,"player_choice":"Leave","damage_taken":0,"max_hp_gain":0,"max_hp_loss":0,"event_name":"The Cleric","floor":5,"gold_loss":0},{"damage_healed":0,"gold_gain":0,"player_choice":"Success","damage_taken":7,"relics_obtained":["Matryoshka"],"max_hp_gain":0,"max_hp_loss":0,"event_name":"Scrap Ooze","floor":7,"gold_loss":0},{"damage_healed":0,"gold_gain":0,"player_choice":"Simplicity","damage_taken":0,"max_hp_gain":0,"max_hp_loss":0,"event_name":"Back to Basics","floor":19,"gold_loss":0,"cards_upgraded":["Strike_R","Strike_R","Strike_R","Strike_R","Strike_R","Defend_R","Defend_R","Defend_R","Defend_R"]},{"damage_healed":0,"gold_gain":0,"player_choice":"Obtained Relic","damage_taken":0,"relics_obtained":["Mummified Hand"],"max_hp_gain":0,"max_hp_loss":0,"event_name":"Addict","floor":20,"gold_loss":85},{"damage_healed":0,"gold_gain":0,"player_choice":"Ignored","damage_taken":0,"max_hp_gain":0,"max_hp_loss":0,"event_name":"Ghosts","floor":21,"gold_loss":0},{"damage_healed":0,"gold_gain":0,"player_choice":"Ignored","damage_taken":0,"max_hp_gain":0,"max_hp_loss":0,"event_name":"Vampires","floor":22,"gold_loss":0},{"damage_healed":0,"gold_gain":0,"player_choice":"Ignored","damage_taken":0,"max_hp_gain":0,"max_hp_loss":0,"event_name":"Beggar","floor":31,"gold_loss":0},{"damage_healed":0,"gold_gain":0,"player_choice":"Fight","damage_taken":0,"max_hp_gain":0,"max_hp_loss":0,"event_name":"Mysterious Sphere","floor":36,"gold_loss":0},{"damage_healed":0,"gold_gain":0,"player_choice":"Ignored","damage_taken":0,"max_hp_gain":0,"max_hp_loss":0,"event_name":"Tomb of Lord Red Mask","floor":37,"gold_loss":0}],"is_beta":false,"boss_relics":[{"not_picked":["Calling Bell","Pandora\u0027s Box"],"picked":"Runic Pyramid"},{"not_picked":["Coffee Dripper","Snecko Eye"],"picked":"Tiny House"}],"items_purged_floors":[4,30,38],"is_endless":false,"potions_floor_spawned":[13,14,24,27,35,39,40,44,45],"killed_by":"The Heart","ascension_level":13}