{"gold_per_floor":[140,140,140,215,231,231,245,261,287,287,301,301,301,27,27,131,131,141,151,164,164,164,164,89,101,126,161,61,79,79,104,104,104],"floor_reached":33,"playtime":1912,"items_purged":["Defend_B","Loop"],"score":464,"play_id":"db20201f-211e-4703-b84e-0dcabd055303","local_time":"20190612164214","is_ascension_mode":true,"campfire_choices":[{"data":"Zap","floor":6,"key":"SMITH"},{"data":"Conserve Battery","floor":10,"key":"SMITH"},{"floor":15,"key":"REST"},{"data":"Hyperbeam","floor":23,"key":"SMITH"},{"data":"Sunder","floor":30,"key":"SMITH"},{"data":"Conserve Battery","floor":32,"key":"SMITH"}],"neow_cost":"NONE","seed_source_timestamp":50889144800500,"circlet_count":0,"master_deck":["Strike_B+1","Strike_B","Strike_B","Strike_B+1","Defend_B+1","Defend_B+1","Zap+1","Dualcast","Sweeping Beam+1","Leap","Conserve Battery+1","Sunder+1","Hyperbeam+1","Conserve Battery+1","Self Repair","Ghostly","Ghostly","Ghostly","Ghostly","Ghostly","Rebound+1","Fusion+1"],"relics":["Cracked Core","Tiny Chest","Toolbox","Nuclear Battery","Nloth\u0027s Gift","Whetstone","Strawberry","Omamori"],"potions_floor_usage":[7,33,33],"damage_taken":[{"damage":16,"enemies":"Small Slimes","floor":1,"turns":3},{"damage":1,"enemies":"2 Louse","floor":5,"turns":2},{"damage":0,"enemies":"Cultist","floor":7,"turns":3},{"damage":13,"enemies":"Exordium Wildlife","floor":8,"turns":5},{"damage":3,"enemies":"Gremlin Gang","floor":11,"turns":3},{"damage":0,"enemies":"Slime Boss","floor":16,"turns":6},{"damage":13,"enemies":"2 Thieves","floor":18,"turns":2},{"damage":0,"enemies":"Spheric Guardian","floor":19,"turns":3},{"damage":9,"enemies":"Snecko","floor":20,"turns":4},{"damage":2,"enemies":"Cultist and Chosen","floor":25,"turns":6},{"damage":5,"enemies":"Gremlin Leader","floor":27,"turns":7},{"damage":1,"enemies":"Centurion and Healer","floor":29,"turns":6},{"damage":3,"enemies":"Slavers","floor":31,"turns":3},{"damage":49,"enemies":"Champ","floor":33,"turns":12}],"seed_played":"-472102953952262656","potions_obtained":[{"floor":5,"key":"LiquidBronze"},{"floor":7,"key":"Fruit Juice"},{"floor":11,"key":"SkillPotion"},{"floor":18,"key":"GamblersBrew"}],"is_trial":false,"path_per_floor":["M","?","?","?","M","R","M","M","T","R","M","?","?","$","R","B",null,"M","M","M","?","?","R","$","M","T","E","$","M","R","E","R","B"],"character_chosen":"DEFECT","items_purchased":["Sunder","Toolbox"],"campfire_rested":1,"item_purchase_floors":[14,14],"current_hp_per_floor":[52,52,52,41,40,40,45,32,32,32,29,34,27,27,52,52,77,64,64,62,42,42,42,42,40,40,49,49,49,49,49,49,0],"gold":104,"neow_bonus":"RANDOM_COMMON_RELIC","is_prod":false,"is_daily":false,"chose_seed":false,"campfire_upgraded":5,"win_rate":0,"timestamp":1560382934,"path_taken":["M","?","?","?","M","R","M","M","T","R","M","?","?","?","R","BOSS","M","M","M","?","?","R","$","M","T","E","$","?","R","E","R","BOSS"],"build_version":"2019-01-23","purchased_purges":2,"victory":false,"max_hp_per_floor":[75,75,75,75,75,75,80,80,80,80,80,85,85,85,85,85,85,85,85,85,42,42,42,42,42,42,49,49,49,49,49,49,49],"card_choices":[{"not_picked":["Redo","Double Energy"],"picked":"Sweeping Beam","floor":1},{"not_picked":["Barrage","Double Energy"],"picked":"Loop","floor":5},{"not_picked":["Steam","Aggregate"],"picked":"Leap","floor":7},{"not_picked":["Reinforced Body","Gash"],"picked":"Conserve Battery","floor":8},{"not_picked":["Leap","Blizzard","Sweeping Beam"],"picked":"SKIP","floor":11},{"not_picked":["Creative AI","Biased Cognition"],"picked":"Hyperbeam","floor":16},{"not_picked":["Ball Lightning","Storm"],"picked":"Conserve Battery","floor":18},{"not_picked":["Ball Lightning","Sunder"],"picked":"Self Repair","floor":19},{"not_picked":["Cold Snap","Rebound","Ball Lightning"],"picked":"SKIP","floor":20},{"not_picked":["Chaos+1","Streamline","Storm"],"picked":"SKIP","floor":25},{"not_picked":["Turbo+1","Go for the Eyes+1"],"picked":"Rebound+1","floor":27},{"not_picked":["Beam Cell","Gash+1"],"picked":"Fusion+1","floor":29},{"not_picked":["Fission","Steam","Ball Lightning"],"picked":"SKIP","floor":31}],"player_experience":561230,"relics_obtained":[{"floor":9,"key":"War Paint"},{"floor":26,"key":"Whetstone"},{"floor":27,"key":"Strawberry"},{"floor":31,"key":"Omamori"}],"event_choices":[{"damage_healed":0,"gold_gain":0,"player_choice":"Grow","damage_taken":0,"max_hp_gain":0,"max_hp_loss":0,"event_name":"Living Wall","floor":2,"gold_loss":0,"cards_upgraded":["Sweeping Beam"]},{"damage_healed":0,"gold_gain":0,"player_choice":"Ignored","damage_taken":0,"max_hp_gain":0,"max_hp_loss":0,"event_name":"Liars Game","floor":3,"gold_loss":0},{"damage_healed":0,"gold_gain":75,"player_choice":"Gather Gold","damage_taken":11,"max_hp_gain":0,"max_hp_loss":0,"event_name":"World of Goop","floor":4,"gold_loss":0},{"damage_healed":0,"gold_gain":0,"player_choice":"Donut","damage_taken":0,"max_hp_gain":5,"max_hp_loss":0,"event_name":"Big Fish","floor":12,"gold_loss":0},{"cards_removed":["Defend_B"],"damage_healed":0,"gold_gain":0,"player_choice":"Card Removal","damage_taken":7,"max_hp_gain":0,"max_hp_loss":0,"event_name":"Golden Wing","floor":13,"gold_loss":0},{"damage_healed":0,"gold_gain":0,"player_choice":"Became a Ghost","damage_taken":0,"max_hp_gain":0,"max_hp_loss":43,"event_name":"Ghosts","floor":21,"gold_loss":0,"cards_obtained":["Ghostly","Ghostly","Ghostly","Ghostly","Ghostly"]},{"damage_healed":0,"gold_gain":0,"player_choice":"Traded Relic","damage_taken":0,"relics_obtained":["Nloth\u0027s Gift"],"max_hp_gain":0,"max_hp_loss":0,"event_name":"N\u0027loth","floor":22,"relics_lost":["War Paint"],"gold_loss":0}],"is_beta":false,"boss_relics":[{"not_picked":["FrozenCore","Inserter"],"picked":"Nuclear Battery"}],"items_purged_floors":[24,28],"is_endless":false,"potions_floor_spawned":[5,7,11,18,25,27],"killed_by":"Champ","ascension_level":7}