{"gold_per_floor":[118,134,134,134,149,178,189,189,214,224,255,265,278,305,305,408,408,420,430,440,450,466,466,501,11,11,111,71,71,71,71,71,71],"floor_reached":33,"playtime":6199,"items_purged":[],"score":318,"play_id":"c63f7810-70d8-4072-807e-cbe845ef6093","local_time":"20181202115757","is_ascension_mode":true,"campfire_choices":[{"floor":8,"key":"REST"},{"floor":15,"key":"RECALL"},{"floor":23,"key":"REST"},{"floor":29,"key":"REST"},{"floor":32,"key":"REST"}],"neow_cost":"NONE","seed_source_timestamp":1425314935860593,"circlet_count":0,"master_deck":["Defend_G+1","Defend_G+1","Defend_G+1","Defend_G+1","Defend_G+1","Strike_G+1","Strike_G+1","Strike_G+1","Strike_G+1","Strike_G+1","Survivor+1","Neutralize","Cloak And Dagger","Dash+1","Backflip","Cloak And Dagger","Envenom","Infinite Blades","Cloak And Dagger","Adrenaline","Escape Plan","Backflip","Adrenaline","PiercingWail+1","Crippling Poison"],"relics":["Ring of the Serpent","PreservedInsect","Blood Vial","Happy Flower","Ice Cream","Omamori","MawBank","TwistedFunnel","Oddly Smooth Stone","Juzu Bracelet","Boot","Girya","Bottled Lightning","Lantern"],"potions_floor_usage":[16,22,24,27,27,27,27,33,33],"damage_taken":[{"damage":3,"enemies":"2 Louse","floor":1,"turns":3},{"damage":4,"enemies":"Small Slimes","floor":2,"turns":5},{"damage":0,"enemies":"Cultist","floor":5,"turns":4},{"damage":24,"enemies":"Gremlin Nob","floor":6,"turns":5},{"damage":14,"enemies":"Gremlin Gang","floor":7,"turns":6},{"damage":0,"enemies":"Exordium Wildlife","floor":10,"turns":5},{"damage":9,"enemies":"3 Sentries","floor":11,"turns":8},{"damage":0,"enemies":"3 Louse","floor":12,"turns":3},{"damage":0,"enemies":"2 Fungi Beasts","floor":13,"turns":3},{"damage":1,"enemies":"Lagavulin","floor":14,"turns":5},{"damage":14,"enemies":"The Guardian","floor":16,"turns":12},{"damage":1,"enemies":"3 Byrds","floor":18,"turns":6},{"damage":20,"enemies":"Spheric Guardian","floor":19,"turns":6},{"damage":3,"enemies":"Centurion and Healer","floor":20,"turns":7},{"damage":5,"enemies":"Snecko","floor":21,"turns":6},{"damage":27,"enemies":"Snake Plant","floor":22,"turns":8},{"damage":12,"enemies":"Book of Stabbing","floor":24,"turns":9},{"damage":0,"enemies":"Colosseum Slavers","floor":27,"turns":6},{"damage":33,"enemies":"Colosseum Nobs","floor":27,"turns":5},{"damage":52,"enemies":"Champ","floor":33,"turns":14}],"seed_played":"3896184937229475786","potions_obtained":[{"floor":1,"key":"Weak Potion"},{"floor":5,"key":"GhostInAJar"},{"floor":7,"key":"GhostInAJar"},{"floor":12,"key":"GhostInAJar"},{"floor":16,"key":"EntropicBrew"},{"floor":22,"key":"Fire Potion"},{"floor":24,"key":"GhostInAJar"}],"is_trial":false,"path_per_floor":["M","M","?","?","M","E","M","R","T","M","E","M","M","E","R","B",null,"M","M","M","M","M","R","E","$","T","?","$","R","?","?","R","B"],"character_chosen":"THE_SILENT","items_purchased":["TwistedFunnel","Oddly Smooth Stone","Juzu Bracelet","Crippling Poison"],"campfire_rested":4,"item_purchase_floors":[25,25,25,28],"current_hp_per_floor":[67,63,63,63,63,39,27,48,48,50,43,45,47,48,48,36,70,69,50,49,46,21,42,32,32,32,3,3,24,24,24,45,0],"gold":71,"neow_bonus":"UPGRADE_CARD","is_prod":false,"is_daily":false,"chose_seed":false,"campfire_upgraded":0,"win_rate":0,"timestamp":1543769877,"path_taken":["M","M","?","?","M","E","M","R","T","M","E","M","M","E","R","BOSS","M","M","M","?","M","R","E","$","T","?","$","R","?","?","R","BOSS"],"build_version":"2018-11-15","purchased_purges":0,"victory":false,"max_hp_per_floor":[70,70,70,70,70,70,70,70,70,70,70,70,70,70,70,70,70,70,70,70,70,70,70,70,70,70,70,70,70,70,70,70,70],"card_choices":[{"not_picked":["Accuracy","PiercingWail"],"picked":"Cloak And Dagger","floor":1},{"not_picked":["Deadly Poison","Quick Slash"],"picked":"Dash","floor":2},{"not_picked":["Bane","Dodge and Roll"],"picked":"Backflip","floor":5},{"not_picked":["Eviscerate","Dagger Throw"],"picked":"Cloak And Dagger","floor":6},{"not_picked":["Endless Agony","Expertise","Heel Hook"],"picked":"SKIP","floor":7},{"not_picked":["Sucker Punch","Deflect","Underhanded Strike"],"picked":"SKIP","floor":10},{"not_picked":["Bouncing Flask","Calculated Gamble"],"picked":"Envenom","floor":11},{"not_picked":["Backflip","Deadly Poison"],"picked":"Infinite Blades","floor":12},{"not_picked":["Eviscerate","Poisoned Stab"],"picked":"Cloak And Dagger","floor":13},{"not_picked":["Underhanded Strike","Calculated Gamble","Skewer"],"picked":"SKIP","floor":14},{"not_picked":["Unload","Die Die Die"],"picked":"Adrenaline","floor":16},{"not_picked":["Flying Knee","Dagger Spray","Bane"],"picked":"SKIP","floor":18},{"not_picked":["PiercingWail","Reflex"],"picked":"Escape Plan","floor":19},{"not_picked":["Expertise","Masterful Stab","Skewer"],"picked":"SKIP","floor":20},{"not_picked":["Distraction","Dagger Throw"],"picked":"Backflip","floor":21},{"not_picked":["All Out Attack","Expertise","Eviscerate"],"picked":"SKIP","floor":22},{"not_picked":["Catalyst","Choke+1"],"picked":"Adrenaline","floor":24},{"not_picked":["Dodge and Roll+1","All Out Attack+1"],"picked":"PiercingWail+1","floor":27}],"player_experience":368897,"relics_obtained":[{"floor":6,"key":"Blood Vial"},{"floor":9,"key":"Happy Flower"},{"floor":11,"key":"Ice Cream"},{"floor":14,"key":"Omamori"},{"floor":24,"key":"MawBank"},{"floor":26,"key":"Boot"},{"floor":27,"key":"Girya"},{"floor":27,"key":"Bottled Lightning"}],"event_choices":[{"damage_healed":0,"gold_gain":0,"player_choice":"Grow","damage_taken":0,"max_hp_gain":0,"max_hp_loss":0,"event_name":"Living Wall","floor":3,"gold_loss":0,"cards_upgraded":["Dash"]},{"damage_healed":0,"gold_gain":0,"player_choice":"Gave Potion","damage_taken":0,"relics_obtained":["PreservedInsect"],"max_hp_gain":0,"max_hp_loss":0,"event_name":"WeMeetAgain","floor":4,"gold_loss":0},{"damage_healed":0,"gold_gain":0,"player_choice":"Fight","damage_taken":0,"max_hp_gain":0,"max_hp_loss":0,"event_name":"Colosseum","floor":27,"gold_loss":0},{"damage_healed":0,"gold_gain":0,"player_choice":"Fought Nobs","damage_taken":0,"max_hp_gain":0,"max_hp_loss":0,"event_name":"Colosseum","floor":27,"gold_loss":0},{"damage_healed":0,"gold_gain":0,"player_choice":"Simplicity","damage_taken":0,"max_hp_gain":0,"max_hp_loss":0,"event_name":"Back to Basics","floor":30,"gold_loss":0,"cards_upgraded":["Defend_G","Defend_G","Defend_G","Defend_G","Defend_G","Strike_G","Strike_G","Strike_G","Strike_G","Strike_G"]},{"damage_healed":0,"gold_gain":0,"player_choice":"Opened","damage_taken":0,"relics_obtained":["Lantern"],"max_hp_gain":0,"max_hp_loss":0,"event_name":"The Mausoleum","floor":31,"gold_loss":0}],"is_beta":false,"boss_relics":[{"not_picked":["Philosopher\u0027s Stone","Astrolabe"],"picked":"Ring of the Serpent"}],"items_purged_floors":[],"is_endless":false,"potions_floor_spawned":[1,5,7,12,16,22,24,27],"killed_by":"Champ","ascension_level":2}