{"gold_per_floor":[115,126,140,154,104,104,115,133,133,133,161,161,186,202,202,299,299,272,272,282,44,55,55,69,69,92,92,104,30,30],"floor_reached":30,"playtime":2320,"items_purged":["Strike_G"],"score":441,"play_id":"474124bd-6bc3-498d-a368-3b33e6bff39c","local_time":"20190324195544","is_ascension_mode":true,"campfire_choices":[{"data":"Neutralize","floor":6,"key":"SMITH"},{"data":"Bouncing Flask","floor":10,"key":"SMITH"},{"data":"Well Laid Plans","floor":12,"key":"SMITH"},{"data":"Bullet Time","floor":15,"key":"SMITH"},{"data":"Chrysalis","floor":23,"key":"SMITH"},{"data":"Acrobatics","floor":25,"key":"SMITH"},{"data":"Bouncing Flask","floor":27,"key":"SMITH"}],"neow_cost":"NONE","seed_source_timestamp":337386686258800,"circlet_count":0,"master_deck":["AscendersBane","Defend_G","Defend_G","Defend_G","Strike_G","Strike_G","Strike_G","Survivor","Neutralize+1","Venomology","Blade Dance","Well Laid Plans+1","Backflip","Bouncing Flask+1","Bullet Time+1","Escape Plan","Night Terror","Backflip","Doppelganger","Acrobatics+1","PiercingWail","Chrysalis+1","Bouncing Flask+1","Noxious Fumes"],"relics":["Ring of the Snake","Blue Candle","Oddly Smooth Stone","Potion Belt","Empty Cage","Regal Pillow"],"potions_floor_usage":[4,7,11,11,13,13,13,13,14,16,16,16,18,20,20,20,22,22,22,24,28,28,28,30,30],"damage_taken":[{"damage":7,"enemies":"Small Slimes","floor":1,"turns":6},{"damage":0,"enemies":"2 Louse","floor":2,"turns":5},{"damage":2,"enemies":"Jaw Worm","floor":3,"turns":4},{"damage":0,"enemies":"3 Louse","floor":4,"turns":3},{"damage":7,"enemies":"Red Slaver","floor":7,"turns":6},{"damage":9,"enemies":"2 Fungi Beasts","floor":8,"turns":4},{"damage":11,"enemies":"Gremlin Nob","floor":11,"turns":4},{"damage":1,"enemies":"Lagavulin","floor":13,"turns":7},{"damage":4,"enemies":"3 Louse","floor":14,"turns":5},{"damage":0,"enemies":"Hexaghost","floor":16,"turns":9},{"damage":16,"enemies":"2 Thieves","floor":18,"turns":5},{"damage":10,"enemies":"Shell Parasite","floor":20,"turns":5},{"damage":12,"enemies":"Shelled Parasite and Fungi","floor":22,"turns":8},{"damage":6,"enemies":"Snecko","floor":24,"turns":10},{"damage":29,"enemies":"Chosen and Byrds","floor":28,"turns":8},{"damage":11,"enemies":"Centurion and Healer","floor":30,"turns":4}],"seed_played":"-181048679485734171","potions_obtained":[{"floor":2,"key":"Block Potion"},{"floor":11,"key":"Fruit Juice"},{"floor":18,"key":"Weak Potion"}],"is_trial":false,"path_per_floor":["M","M","M","M","?","R","M","M","T","R","E","R","E","M","R","B",null,"M","$","M","$","M","R","M","R","T","R","M","$","M"],"character_chosen":"THE_SILENT","items_purchased":["Chrysalis","Noxious Fumes"],"campfire_rested":0,"item_purchase_floors":[21,29],"current_hp_per_floor":[56,56,54,54,54,54,62,53,53,53,42,42,46,42,42,42,67,51,51,56,56,44,44,38,38,38,38,9,9,0],"gold":30,"neow_bonus":"ONE_RANDOM_RARE_CARD","is_prod":false,"is_daily":false,"chose_seed":false,"campfire_upgraded":7,"win_rate":0,"timestamp":1553471744,"path_taken":["M","M","M","M","?","R","M","M","T","R","E","R","E","M","R","BOSS","M","$","M","$","M","R","M","R","T","R","M","$","M"],"build_version":"2019-01-23","purchased_purges":1,"victory":false,"max_hp_per_floor":[70,70,70,70,70,70,70,70,70,70,70,70,75,75,75,75,75,75,75,75,75,75,75,75,75,75,75,75,75,75],"card_choices":[{"not_picked":["Outmaneuver","Flying Knee"],"picked":"Blade Dance","floor":1},{"not_picked":["Poisoned Stab","Prepared"],"picked":"Well Laid Plans","floor":2},{"not_picked":["Dagger Throw","Bane"],"picked":"Backflip","floor":3},{"not_picked":["Cloak And Dagger","Backflip"],"picked":"Bouncing Flask","floor":4},{"not_picked":["Dagger Throw","Dodge and Roll"],"picked":"Bullet Time","floor":7},{"not_picked":["Endless Agony","Prepared"],"picked":"Escape Plan","floor":8},{"not_picked":["Grand Finale","Dodge and Roll"],"picked":"Night Terror","floor":11},{"not_picked":["Flying Knee","Underhanded Strike"],"picked":"Backflip","floor":13},{"not_picked":["Flying Knee","Bane","Underhanded Strike"],"picked":"SKIP","floor":14},{"not_picked":["Tools of the Trade","Bullet Time"],"picked":"Doppelganger","floor":16},{"not_picked":["Flying Knee","Bane"],"picked":"Acrobatics","floor":18},{"not_picked":["Dagger Throw","Setup"],"picked":"PiercingWail","floor":20},{"not_picked":["Crippling Poison","Unload","Dodge and Roll"],"picked":"SKIP","floor":22},{"not_picked":["Slice","Blade Dance+1"],"picked":"Bouncing Flask","floor":24},{"not_picked":["Dagger Spray","Blade Dance","Slice"],"picked":"SKIP","floor":28}],"player_experience":347888,"relics_obtained":[{"floor":9,"key":"Blue Candle"},{"floor":11,"key":"Oddly Smooth Stone"},{"floor":13,"key":"Potion Belt"},{"floor":26,"key":"Regal Pillow"}],"event_choices":[{"cards_removed":["Defend_G"],"damage_healed":0,"gold_gain":0,"player_choice":"Card Removal","damage_taken":0,"max_hp_gain":0,"max_hp_loss":0,"event_name":"The Cleric","floor":5,"gold_loss":50}],"is_beta":false,"boss_relics":[{"not_picked":["Fusion Hammer","Sozu"],"picked":"Empty Cage"}],"items_purged_floors":[21],"is_endless":false,"potions_floor_spawned":[2,7,8,11,18,20],"killed_by":"Centurion and Healer","ascension_level":10}