{"gold_per_floor":[114,132,132,132,146,146,15,15,15,15,41,55,55,72,72,72],"floor_reached":16,"playtime":492,"items_purged":["Defend_R"],"score":190,"play_id":"0e9642bd-f73c-41c0-ab76-017844a58f7f","local_time":"20190522024017","is_ascension_mode":true,"campfire_choices":[{"data":"Bash","floor":6,"key":"SMITH"},{"data":"Clothesline","floor":8,"key":"SMITH"},{"data":"Shrug It Off","floor":13,"key":"SMITH"},{"data":"Cleave","floor":15,"key":"SMITH"}],"neow_cost":"TEN_PERCENT_HP_LOSS","seed_source_timestamp":102195235508800,"circlet_count":0,"master_deck":["AscendersBane","Strike_R","Strike_R","Strike_R","Defend_R","Defend_R","Bash+1","Shrug It Off+1","Clothesline+1","Cleave+1","Corruption"],"relics":["Burning Blood","Meat on the Bone","Toxic Egg 2","Ice Cream"],"potions_floor_usage":[16],"damage_taken":[{"damage":8,"enemies":"Cultist","floor":1,"turns":5},{"damage":11,"enemies":"2 Louse","floor":2,"turns":3},{"damage":9,"enemies":"Jaw Worm","floor":5,"turns":3},{"damage":35,"enemies":"Lagavulin","floor":11,"turns":8},{"damage":10,"enemies":"Exordium Wildlife","floor":12,"turns":3},{"damage":8,"enemies":"Blue Slaver","floor":14,"turns":4},{"damage":53,"enemies":"Hexaghost","floor":16,"turns":12}],"seed_played":"-2788652439442678219","potions_obtained":[{"floor":1,"key":"SteroidPotion"},{"floor":11,"key":"SpeedPotion"}],"is_trial":false,"path_per_floor":["M","M","?","?","M","R","$","R","T","T","E","M","R","M","R","B"],"character_chosen":"IRONCLAD","items_purchased":["Cleave"],"campfire_rested":0,"item_purchase_floors":[7],"current_hp_per_floor":[66,61,61,66,63,63,63,63,63,63,46,54,54,52,52,0],"gold":72,"neow_bonus":"REMOVE_TWO","is_prod":false,"is_daily":false,"chose_seed":false,"campfire_upgraded":4,"win_rate":0,"timestamp":1558507217,"path_taken":["M","?","?","?","M","R","?","R","T","?","E","M","R","M","R","BOSS"],"build_version":"2019-01-23","purchased_purges":1,"victory":false,"max_hp_per_floor":[68,68,68,73,73,73,73,73,73,73,73,73,73,73,73,73],"card_choices":[{"not_picked":["Pummel","Iron Wave"],"picked":"Shrug It Off","floor":1},{"not_picked":["Second Wind","Fire Breathing"],"picked":"Clothesline","floor":2},{"not_picked":["Warcry","Armaments","Perfected Strike"],"picked":"SKIP","floor":5},{"not_picked":["Shrug It Off+1","Pommel Strike"],"picked":"Corruption","floor":11},{"not_picked":["Body Slam","Pommel Strike","Heavy Blade"],"picked":"SKIP","floor":12},{"not_picked":["Clash","Exhume+1","Anger"],"picked":"SKIP","floor":14}],"player_experience":469679,"relics_obtained":[{"floor":9,"key":"Meat on the Bone"},{"floor":10,"key":"Toxic Egg 2"},{"floor":11,"key":"Ice Cream"}],"event_choices":[{"cards_removed":["Strike_R"],"damage_healed":0,"gold_gain":0,"player_choice":"Forget","damage_taken":0,"max_hp_gain":0,"max_hp_loss":0,"event_name":"Living Wall","floor":3,"gold_loss":0},{"damage_healed":0,"gold_gain":0,"player_choice":"Donut","damage_taken":0,"max_hp_gain":5,"max_hp_loss":0,"event_name":"Big Fish","floor":4,"gold_loss":0}],"is_beta":false,"boss_relics":[],"items_purged_floors":[7],"is_endless":false,"potions_floor_spawned":[1,11,12],"killed_by":"Hexaghost","ascension_level":18}