{"gold_per_floor":[365,375,375,395,31,48,66,66,66,77,77,52,72,103,103,199,199,214,232,182,202,202,233,233,247,274,300,300,180,196,26,26,26],"floor_reached":33,"playtime":2149,"items_purged":["Pain","Strike_B","Strike_B","Strike_B"],"score":289,"play_id":"e9bf034a-6977-465d-aa15-396bea9441d8","local_time":"20181229150104","is_ascension_mode":false,"campfire_choices":[{"data":"Static Discharge","floor":11.0,"key":"SMITH"},{"floor":15.0,"key":"REST"},{"floor":28,"key":"REST"},{"floor":32,"key":"REST"}],"neow_cost":"CURSE","seed_source_timestamp":0,"circlet_count":0,"master_deck":["Defend_B","Defend_B","Defend_B","Defend_B","Zap+1","Dualcast+1","Leap","Ball Lightning","Static Discharge+1","FTL","Consume","Self Repair","Buffer","Streamline+1","Double Energy","FTL","Conserve Battery","Defragment+1","Tempest","Conserve Battery","Defragment"],"special_seed":0,"relics":["Cracked Core","Mummified Hand","Smiling Mask","Bronze Scales","Nuclear Battery","MutagenicStrength","Question Card","Happy Flower","Incense Burner"],"potions_floor_usage":[19,19,23,23,27],"damage_taken":[{"damage":0.0,"enemies":"2 Louse","floor":1.0,"turns":1.0},{"damage":9.0,"enemies":"Jaw Worm","floor":2.0,"turns":2.0},{"damage":3.0,"enemies":"Small Slimes","floor":4.0,"turns":2.0},{"damage":0.0,"enemies":"3 Louse","floor":6.0,"turns":3.0},{"damage":4.0,"enemies":"2 Fungi Beasts","floor":7.0,"turns":4.0},{"damage":13.0,"enemies":"Red Slaver","floor":10.0,"turns":2.0},{"damage":1.0,"enemies":"Large Slime","floor":13.0,"turns":4.0},{"damage":17.0,"enemies":"3 Sentries","floor":14.0,"turns":6.0},{"damage":25.0,"enemies":"Hexaghost","floor":16.0,"turns":4.0},{"damage":9,"enemies":"Shell Parasite","floor":18,"turns":5},{"damage":2,"enemies":"Spheric Guardian","floor":19,"turns":4},{"damage":11,"enemies":"Snecko","floor":21,"turns":4},{"damage":33,"enemies":"Slavers","floor":23,"turns":4},{"damage":14,"enemies":"3 Cultists","floor":25,"turns":4},{"damage":28,"enemies":"Gremlin Leader","floor":27,"turns":10},{"damage":18,"enemies":"Centurion and Healer","floor":30,"turns":6},{"damage":62,"enemies":"Collector","floor":33,"turns":7}],"seed_played":"-6405207265557948201","potions_obtained":[{"floor":1.0,"key":"LiquidBronze"},{"floor":6.0,"key":"Block Potion"},{"floor":14.0,"key":"Block Potion"},{"floor":16.0,"key":"PowerPotion"},{"floor":18,"key":"LiquidBronze"},{"floor":21,"key":"Poison Potion"},{"floor":23,"key":"Strength Potion"},{"floor":30,"key":"GamblersBrew"}],"is_trial":false,"path_per_floor":["M","M","?","M","$","M","M","?","T","M","R","?","M","E","R","B",null,"M","M","$","M","?","E","?","M","T","E","R","$","M","$","R","B"],"character_chosen":"DEFECT","items_purchased":["Mummified Hand","Static Discharge","Tempest","Conserve Battery","Defragment"],"campfire_rested":3,"item_purchase_floors":[5,5,29,31,31],"current_hp_per_floor":[75,66,66,63,63,63,59,44,44,31,31,31,30,20,42,24,75,73,75,75,71,71,45,45,38,38,17,39,39,28,28,50,0],"gold":26,"neow_bonus":"TWO_FIFTY_GOLD","is_prod":false,"is_daily":false,"chose_seed":false,"campfire_upgraded":1,"win_rate":0.0,"timestamp":1546124464,"path_taken":["M","M","?","M","$","M","M","?","T","M","R","?","M","E","R","BOSS","M","M","$","M","?","E","?","M","T","E","R","$","?","$","R","BOSS"],"build_version":"2018-12-20","purchased_purges":4,"victory":false,"max_hp_per_floor":[75,75,75,75,75,75,75,75,75,75,75,75,75,75,75,75,75,75,75,75,75,75,75,75,75,75,75,75,75,75,75,75,75],"card_choices":[{"not_picked":["Beam Cell","Cold Snap","Compile Driver"],"picked":"SKIP","floor":1.0},{"not_picked":["Redo","Blizzard"],"picked":"Leap","floor":2.0},{"not_picked":["Redo","Cold Snap"],"picked":"Ball Lightning","floor":4.0},{"not_picked":["Genetic Algorithm","Conserve Battery"],"picked":"FTL","floor":6.0},{"not_picked":["Hello World","Chaos"],"picked":"Consume","floor":7.0},{"not_picked":["Auto Shields","Undo","Reprogram"],"picked":"SKIP","floor":10.0},{"not_picked":["FTL","Streamline"],"picked":"Self Repair","floor":13.0},{"not_picked":["Consume","Darkness","Cold Snap"],"picked":"SKIP","floor":14.0},{"not_picked":["Biased Cognition","Meteor Strike"],"picked":"Buffer","floor":16.0},{"not_picked":["Genetic Algorithm","Heatsinks","Hello World"],"picked":"SKIP","floor":18},{"not_picked":["Conserve Battery","Leap+1"],"picked":"Streamline+1","floor":19},{"not_picked":["Beam Cell","Redo"],"picked":"Double Energy","floor":21},{"not_picked":["Electrodynamics","Turbo"],"picked":"FTL","floor":23},{"not_picked":["Steam","Hologram+1","Coolheaded+1"],"picked":"Conserve Battery","floor":25},{"not_picked":["Turbo+1","Hologram+1","Sweeping Beam"],"picked":"Defragment+1","floor":27},{"not_picked":["Barrage","Sweeping Beam","Scrape","Hologram"],"picked":"SKIP","floor":30}],"player_experience":278464,"relics_obtained":[{"floor":9.0,"key":"Smiling Mask"},{"floor":14.0,"key":"Bronze Scales"},{"floor":23,"key":"Question Card"},{"floor":26,"key":"Happy Flower"},{"floor":27,"key":"Incense Burner"}],"event_choices":[{"damage_healed":0.0,"max_hp_gain":0.0,"max_hp_loss":0.0,"gold_gain":0.0,"event_name":"Liars Game","player_choice":"Ignored","floor":3.0,"gold_loss":0.0,"damage_taken":0.0},{"damage_healed":0.0,"max_hp_gain":0.0,"max_hp_loss":0.0,"gold_gain":0.0,"event_name":"Shining Light","player_choice":"Entered Light","floor":8.0,"gold_loss":0.0,"damage_taken":15.0,"cards_upgraded":["Dualcast","Zap"]},{"damage_healed":0.0,"max_hp_gain":0.0,"max_hp_loss":0.0,"gold_gain":0.0,"event_name":"World of Goop","player_choice":"Left Gold","floor":12.0,"gold_loss":25.0,"damage_taken":0.0},{"damage_healed":0,"gold_gain":0,"player_choice":"Inject Mutagens","damage_taken":0,"relics_obtained":["MutagenicStrength"],"max_hp_gain":0,"max_hp_loss":0,"event_name":"Drug Dealer","floor":22,"gold_loss":0},{"cards_removed":["Strike_B"],"damage_healed":0,"gold_gain":0,"player_choice":"Offered Basic","damage_taken":0,"max_hp_gain":0,"max_hp_loss":0,"event_name":"Bonfire Elementals","floor":24,"gold_loss":0}],"is_beta":false,"boss_relics":[{"not_picked":["Lizard Tail","FrozenCore"],"picked":"Nuclear Battery"}],"items_purged_floors":[5,20,29,31],"is_endless":false,"potions_floor_spawned":[1,6,14,16,18,21,23,30],"killed_by":"Collector","ascension_level":0}