{"gold_per_floor":[16,16,36,54,54,54,89,101,113,125,148,178,207,233,245,329,341,366,391,5,23,39,39,70,90,90,125,140,140,165,165,165,239,239,249,264,214,263,363,363,363,363,363,58,58,0,0,18,18,18,18],"floor_reached":52,"playtime":3639,"items_purged":["Strike_B","Strike_B","Strike_B"],"score":1899,"play_id":"af844615-e85f-450b-a71c-84bfd5af31c3","local_time":"20181120034533","is_ascension_mode":true,"campfire_choices":[{"data":"Zap","floor":6.0,"key":"SMITH"},{"data":"Secret Technique","floor":8.0,"key":"SMITH"},{"data":"Dualcast","floor":10.0,"key":"SMITH"},{"data":"Coolheaded","floor":15.0,"key":"SMITH"},{"data":"Turbo","floor":23.0,"key":"SMITH"},{"floor":29.0,"key":"REST"},{"data":"Sunder","floor":32.0,"key":"SMITH"},{"data":"Reinforced Body","floor":40.0,"key":"SMITH"},{"floor":41.0,"key":"REST"},{"data":"Defend_B","floor":42.0,"key":"SMITH"},{"data":"Defend_B","floor":45.0,"key":"SMITH"},{"data":"Defend_B","floor":47.0,"key":"SMITH"},{"data":"Defend_B","floor":49.0,"key":"SMITH"}],"neow_cost":"NO_GOLD","seed_source_timestamp":0,"circlet_count":0,"master_deck":["AscendersBane","Defend_B+1","Defend_B+1","Defend_B+1","Defend_B+1","Zap+1","Dualcast+1","Panache","Secret Technique+1","Gash","Compile Driver","Gash","Glacier","Coolheaded+1","Turbo+1","Gash","Reinforced Body+1","All For One","Compile Driver+1","Hologram+1","Hologram+1","FTL","Chill+1","Gash","Stack+1","Sunder+1","Seek+1","Compile Driver","Stack+1","All For One","Hologram+1","Gash","Recycle+1"],"special_seed":0,"relics":["Cracked Core","MawBank","Matryoshka","Runic Dome","Toxic Egg 2","Centennial Puzzle","Smiling Mask","Bronze Scales","Darkstone Periapt","PreservedInsect","Strawberry","Sozu","WingedGreaves","Dead Branch","Omamori","DollysMirror"],"potions_floor_usage":[51],"damage_taken":[{"damage":0.0,"enemies":"Cultist","floor":1.0,"turns":3.0},{"damage":1.0,"enemies":"2 Louse","floor":3.0,"turns":2.0},{"damage":3.0,"enemies":"Small Slimes","floor":4.0,"turns":3.0},{"damage":20.0,"enemies":"Lagavulin","floor":7.0,"turns":6.0},{"damage":3.0,"enemies":"Red Slaver","floor":11.0,"turns":4.0},{"damage":0.0,"enemies":"Exordium Wildlife","floor":12.0,"turns":5.0},{"damage":1.0,"enemies":"3 Louse","floor":13.0,"turns":2.0},{"damage":3.0,"enemies":"Large Slime","floor":14.0,"turns":4.0},{"damage":0.0,"enemies":"Slime Boss","floor":16.0,"turns":6.0},{"damage":11.0,"enemies":"Shell Parasite","floor":18.0,"turns":3.0},{"damage":0.0,"enemies":"Spheric Guardian","floor":19.0,"turns":3.0},{"damage":9.0,"enemies":"Chosen and Byrds","floor":21.0,"turns":7.0},{"damage":2.0,"enemies":"Cultist and Chosen","floor":22.0,"turns":4.0},{"damage":2.0,"enemies":"Gremlin Leader","floor":24.0,"turns":5.0},{"damage":0.0,"enemies":"Snake Plant","floor":25.0,"turns":2.0},{"damage":5.0,"enemies":"Book of Stabbing","floor":27.0,"turns":3.0},{"damage":0.0,"enemies":"Sentry and Sphere","floor":28.0,"turns":3.0},{"damage":26.0,"enemies":"Gremlin Leader","floor":30.0,"turns":3.0},{"damage":9.0,"enemies":"Automaton","floor":33.0,"turns":7.0},{"damage":0.0,"enemies":"3 Shapes","floor":35.0,"turns":3.0},{"damage":0.0,"enemies":"Orb Walker","floor":36.0,"turns":2.0},{"damage":18.0,"enemies":"2 Orb Walkers","floor":38.0,"turns":2.0},{"damage":0.0,"enemies":"Mind Bloom Boss Battle","floor":39.0,"turns":2.0},{"damage":0.0,"enemies":"Maw","floor":48.0,"turns":4.0},{"damage":17.0,"enemies":"Awakened One","floor":50.0,"turns":4.0},{"damage":27,"enemies":"Time Eater","floor":51,"turns":4}],"seed_played":"-7596432963691045251","potions_obtained":[{"floor":1.0,"key":"SteroidPotion"},{"floor":4.0,"key":"Fire Potion"},{"floor":18.0,"key":"Fire Potion"},{"floor":22.0,"key":"Weak Potion"},{"floor":30.0,"key":"SmokeBomb"},{"floor":33.0,"key":"Ancient Potion"}],"is_trial":false,"path_per_floor":["M","?","M","M","?","R","E","R","T","R","M","M","M","M","R","B",null,"M","M","$","M","M","R","E","M","T","E","M","R","E","?","R","B",null,"M","M","$","?","?","R","R","R","T","$","R","$","R","M","R","B","B",null],"character_chosen":"DEFECT","items_purchased":["Toxic Egg 2","Hologram+1","DollysMirror","Hologram+1","Gash"],"campfire_rested":2,"item_purchase_floors":[20,20,44,44,46],"current_hp_per_floor":[64,64,63,60,60,60,40,40,40,40,37,37,36,33,33,33,62,51,51,51,42,40,40,38,38,38,33,33,54,28,35,35,26,65,65,65,65,47,47,47,70,70,70,70,70,70,70,70,70,53,26],"gold":18,"neow_bonus":"RANDOM_COLORLESS_2","is_prod":false,"is_daily":false,"chose_seed":false,"campfire_upgraded":11,"win_rate":0,"timestamp":1542681933,"path_taken":["M","?","M","M","?","R","E","R","T","R","M","M","M","?","R","BOSS","M","M","$","M","?","R","E","M","T","E","M","R","E","?","R","BOSS","M","M","$","?","?","R","R","R","T","?","R","$","R","M","R","BOSS","BOSS"],"build_version":"2018-11-15","purchased_purges":3,"victory":true,"max_hp_per_floor":[71,71,71,71,71,71,71,71,71,71,71,71,71,71,71,71,71,71,71,71,71,71,71,71,71,71,71,71,71,71,78,78,78,78,78,78,78,78,78,78,78,78,78,78,78,78,78,78,78,78,78],"card_choices":[{"not_picked":["Hologram","Beam Cell"],"picked":"Gash","floor":1.0},{"not_picked":["Turbo","Loop"],"picked":"Compile Driver","floor":3.0},{"not_picked":["Fusion","Coolheaded"],"picked":"Gash","floor":4.0},{"not_picked":["Ball Lightning","Blizzard"],"picked":"Glacier","floor":7.0},{"not_picked":["Compile Driver","Steam Power"],"picked":"Coolheaded","floor":11.0},{"not_picked":["Chaos","Amplify"],"picked":"Turbo","floor":12.0},{"not_picked":["Reprogram","Sweeping Beam"],"picked":"Gash","floor":13.0},{"not_picked":["Rip and Tear","Doom and Gloom"],"picked":"Reinforced Body","floor":14.0},{"not_picked":["Fission","Biased Cognition"],"picked":"All For One","floor":16.0},{"not_picked":["Melter","Capacitor","Reprogram+1"],"picked":"SKIP","floor":18.0},{"not_picked":["Rebound","Coolheaded"],"picked":"Compile Driver+1","floor":19.0},{"not_picked":["Turbo+1","Gash"],"picked":"Hologram+1","floor":21.0},{"not_picked":["Turbo+1","Lockon"],"picked":"FTL","floor":22.0},{"not_picked":["Multi-Cast+1","Double Energy+1"],"picked":"Chill+1","floor":24.0},{"not_picked":["Capacitor+1","Streamline"],"picked":"Gash","floor":25.0},{"not_picked":["Genetic Algorithm+1","Chill+1"],"picked":"Stack+1","floor":27.0},{"not_picked":["Steam+1","Storm","Rebound"],"picked":"SKIP","floor":28.0},{"not_picked":["Steam+1","Storm","Rebound"],"picked":"SKIP","floor":28.0},{"not_picked":["Steam+1","Stack+1"],"picked":"Sunder","floor":30.0},{"not_picked":["Core Surge","Multi-Cast+1"],"picked":"Seek+1","floor":33.0},{"not_picked":["Glacier+1","Steam+1"],"picked":"Compile Driver","floor":35.0},{"not_picked":["Self Repair+1","Redo+1","Glacier+1"],"picked":"SKIP","floor":36.0},{"not_picked":["Steam+1","White Noise+1"],"picked":"Stack+1","floor":39.0},{"not_picked":["Hello World","Gash+1"],"picked":"Recycle+1","floor":48.0}],"player_experience":1062791,"relics_obtained":[{"floor":7.0,"key":"MawBank"},{"floor":9.0,"key":"Matryoshka"},{"floor":24.0,"key":"Centennial Puzzle"},{"floor":26.0,"key":"Smiling Mask"},{"floor":26.0,"key":"Bronze Scales"},{"floor":27.0,"key":"Darkstone Periapt"},{"floor":30.0,"key":"PreservedInsect"},{"floor":38.0,"key":"WingedGreaves"},{"floor":39.0,"key":"Dead Branch"},{"floor":43.0,"key":"Omamori"}],"event_choices":[{"cards_removed":["Strike_B"],"damage_healed":0.0,"max_hp_gain":0.0,"max_hp_loss":0.0,"gold_gain":0.0,"event_name":"Living Wall","player_choice":"Forget","floor":2.0,"gold_loss":0.0,"damage_taken":0.0},{"damage_healed":0.0,"max_hp_gain":0.0,"max_hp_loss":0.0,"gold_gain":0.0,"event_name":"Lab","player_choice":"Got Potions","floor":5.0,"gold_loss":0.0,"damage_taken":0.0},{"damage_healed":0.0,"max_hp_gain":0.0,"max_hp_loss":0.0,"gold_gain":0.0,"event_name":"WeMeetAgain","player_choice":"Gave Potion","floor":31.0,"gold_loss":0.0,"damage_taken":0.0,"relics_obtained":["Strawberry"]},{"damage_healed":0.0,"max_hp_gain":0.0,"max_hp_loss":0.0,"gold_gain":0.0,"event_name":"Mysterious Sphere","player_choice":"Fight","floor":38.0,"gold_loss":0.0,"damage_taken":0.0},{"damage_healed":0.0,"max_hp_gain":0.0,"max_hp_loss":0.0,"gold_gain":0.0,"event_name":"MindBloom","player_choice":"Fight","floor":39.0,"gold_loss":0.0,"damage_taken":0.0}],"is_beta":true,"boss_relics":[{"not_picked":["Black Star","White Beast Statue"],"picked":"Runic Dome"},{"not_picked":["Lizard Tail","Snecko Eye"],"picked":"Sozu"}],"items_purged_floors":[20,37,44],"is_endless":false,"potions_floor_spawned":[1,4,11,13,14,18,22,30,33,36,38,48],"ascension_level":20}