{"gold_per_floor":[16,16,31,50,70,70,104,104,104,118,118,118],"floor_reached":12,"playtime":597,"items_purged":[],"score":160,"play_id":"eb26028b-06b6-4347-8e1f-00befa908191","local_time":"20181119155835","is_ascension_mode":true,"campfire_choices":[{"data":"Zap","floor":6.0,"key":"SMITH"},{"data":"Self Repair","floor":8.0,"key":"SMITH"},{"data":"Dualcast","floor":11,"key":"SMITH"}],"neow_cost":"NO_GOLD","seed_source_timestamp":71343118707734,"circlet_count":0,"master_deck":["AscendersBane","Strike_B","Strike_B","Defend_B","Defend_B","Defend_B","Defend_B","Zap+1","Dualcast+1","Gash","Turbo","Self Repair+1","Compile Driver","Compile Driver","Glacier"],"special_seed":0,"relics":["Cracked Core","Boot","Darkstone Periapt"],"potions_floor_usage":[],"damage_taken":[{"damage":2.0,"enemies":"Jaw Worm","floor":1.0,"turns":4.0},{"damage":6.0,"enemies":"Cultist","floor":3.0,"turns":4.0},{"damage":3.0,"enemies":"Small Slimes","floor":4.0,"turns":3.0},{"damage":9.0,"enemies":"Exordium Thugs","floor":5.0,"turns":5.0},{"damage":35.0,"enemies":"Lagavulin","floor":7.0,"turns":8.0},{"damage":11.0,"enemies":"3 Louse","floor":10.0,"turns":3.0},{"damage":25,"enemies":"Large Slime","floor":12,"turns":4}],"seed_played":"-1526306651389388092","potions_obtained":[{"floor":2.0,"key":"LiquidBronze"},{"floor":2.0,"key":"Ancient Potion"},{"floor":7.0,"key":"LiquidBronze"},{"floor":10.0,"key":"Energy Potion"}],"is_trial":false,"path_per_floor":["M","?","M","M","M","R","E","R","T","M","R","M"],"character_chosen":"DEFECT","items_purchased":[],"campfire_rested":0,"item_purchase_floors":[],"current_hp_per_floor":[62,62,56,53,51,51,23,23,23,22,22,0],"gold":118,"neow_bonus":"REMOVE_TWO","is_prod":false,"is_daily":false,"chose_seed":false,"campfire_upgraded":3,"win_rate":0,"timestamp":1542639515,"path_taken":["M","?","M","M","M","R","E","R","T","?","R","M"],"build_version":"2018-11-15","purchased_purges":0,"victory":false,"max_hp_per_floor":[71,71,71,71,71,71,71,71,71,71,71,71],"card_choices":[{"not_picked":["Stack","Coolheaded"],"picked":"Gash","floor":1.0},{"not_picked":["Barrage","Double Energy"],"picked":"Turbo","floor":3.0},{"not_picked":["Seek","Chaos"],"picked":"Self Repair","floor":4.0},{"not_picked":["Rebound","Cold Snap"],"picked":"Compile Driver","floor":5.0},{"not_picked":["Defragment","Storm"],"picked":"Compile Driver","floor":7.0},{"not_picked":["Scrape","Turbo"],"picked":"Glacier","floor":10.0}],"player_experience":1060437,"relics_obtained":[{"floor":7.0,"key":"Boot"},{"floor":9.0,"key":"Darkstone Periapt"}],"event_choices":[{"damage_healed":0.0,"max_hp_gain":0.0,"max_hp_loss":0.0,"gold_gain":0.0,"event_name":"Lab","player_choice":"Got Potions","floor":2.0,"gold_loss":0.0,"damage_taken":0.0}],"is_beta":true,"boss_relics":[],"items_purged_floors":[],"is_endless":false,"potions_floor_spawned":[3,7,10],"killed_by":"Large Slime","ascension_level":20}