{"gold_per_floor":[116,41,61,61,71,71,99,99,123,123,154,154,154,183,183,254,254,272,42,62,82,82,82,99,99],"floor_reached":25,"playtime":1170,"items_purged":["Strike_B"],"score":383,"play_id":"c5ffd0ad-4eed-4b51-87b2-6b4c067c4547","local_time":"20190309230622","is_ascension_mode":true,"campfire_choices":[{"floor":6.0,"key":"REST"},{"floor":8.0,"key":"REST"},{"floor":10.0,"key":"REST"},{"floor":13.0,"key":"REST"},{"floor":15.0,"key":"REST"},{"floor":23,"key":"REST"}],"neow_cost":"NONE","seed_source_timestamp":657455515411100,"circlet_count":0,"master_deck":["AscendersBane","Strike_B","Strike_B+1","Defend_B","Defend_B+1","Defend_B","Defend_B","Zap","Dualcast","BootSequence","Beam Cell","Cold Snap","Sweeping Beam","Electrodynamics","Ball Lightning+1","Decay","Biased Cognition"],"special_seed":0,"relics":["Cracked Core","NeowsBlessing","Potion Belt","Anchor","Bottled Lightning","Sundial","Philosopher\u0027s Stone","Strawberry"],"potions_floor_usage":[19],"damage_taken":[{"damage":0.0,"enemies":"Small Slimes","floor":1.0,"turns":1.0},{"damage":0.0,"enemies":"Jaw Worm","floor":3.0,"turns":1.0},{"damage":0.0,"enemies":"Cultist","floor":5.0,"turns":1.0},{"damage":30.0,"enemies":"Gremlin Nob","floor":7.0,"turns":5.0},{"damage":37.0,"enemies":"3 Sentries","floor":11.0,"turns":9.0},{"damage":34.0,"enemies":"Lagavulin","floor":14.0,"turns":7.0},{"damage":43.0,"enemies":"The Guardian","floor":16.0,"turns":14.0},{"damage":2,"enemies":"Spheric Guardian","floor":18,"turns":3},{"damage":24,"enemies":"2 Thieves","floor":20,"turns":4},{"damage":21,"enemies":"3 Cultists","floor":21,"turns":4},{"damage":16,"enemies":"Centurion and Healer","floor":24,"turns":5},{"damage":45,"enemies":"Shelled Parasite and Fungi","floor":25,"turns":4}],"seed_played":"8523065120256084115","potions_obtained":[{"floor":7.0,"key":"Strength Potion"},{"floor":14.0,"key":"Fruit Juice"},{"floor":16.0,"key":"Poison Potion"},{"floor":18,"key":"Fruit Juice"}],"is_trial":false,"path_per_floor":["M","?","M","?","M","R","E","R","T","R","E","?","R","E","R","B",null,"M","$","M","M","?","R","M","M"],"character_chosen":"DEFECT","items_purchased":["Strawberry"],"campfire_rested":6,"item_purchase_floors":[19],"current_hp_per_floor":[64,64,64,43,43,64,34,55,55,71,34,34,55,21,48,5,58,56,68,44,23,23,49,33,0],"gold":99,"neow_bonus":"THREE_ENEMY_KILL","is_prod":false,"is_daily":false,"chose_seed":false,"campfire_upgraded":0,"win_rate":0,"timestamp":1552190782,"path_taken":["M","?","M","?","M","R","E","R","T","R","E","?","R","E","R","BOSS","M","$","M","M","?","R","M","M"],"build_version":"2019-01-23","purchased_purges":1,"victory":false,"max_hp_per_floor":[71,71,71,71,71,71,71,71,71,71,71,71,71,71,76,76,76,76,88,88,88,88,88,88,88],"card_choices":[{"not_picked":["Turbo","Redo","Rip and Tear"],"picked":"SKIP","floor":1.0},{"not_picked":["Stack","Consume","Doom and Gloom"],"picked":"SKIP","floor":3.0},{"not_picked":["Beam Cell","Coolheaded"],"picked":"BootSequence","floor":5.0},{"not_picked":["Aggregate","Turbo"],"picked":"Beam Cell","floor":7.0},{"not_picked":["Aggregate","Melter"],"picked":"Cold Snap","floor":11.0},{"not_picked":["Genetic Algorithm","Turbo"],"picked":"Sweeping Beam","floor":14.0},{"not_picked":["Core Surge","Hyperbeam"],"picked":"Electrodynamics","floor":16.0},{"not_picked":["Recycle","Sweeping Beam","Streamline"],"picked":"SKIP","floor":18},{"not_picked":["Coolheaded","Loop"],"picked":"Ball Lightning+1","floor":20},{"not_picked":["Beam Cell","Streamline","Leap"],"picked":"SKIP","floor":21},{"not_picked":["Go for the Eyes","Hologram"],"picked":"Biased Cognition","floor":24}],"player_experience":965486,"relics_obtained":[{"floor":7.0,"key":"Potion Belt"},{"floor":9.0,"key":"Anchor"},{"floor":11.0,"key":"Bottled Lightning"},{"floor":14.0,"key":"Sundial"}],"event_choices":[{"cards_removed":["Strike_B"],"damage_healed":0.0,"max_hp_gain":0.0,"max_hp_loss":0.0,"gold_gain":0.0,"event_name":"The Cleric","player_choice":"Card Removal","floor":2.0,"gold_loss":75.0,"damage_taken":0.0},{"damage_healed":0.0,"max_hp_gain":0.0,"max_hp_loss":0.0,"gold_gain":0.0,"event_name":"Shining Light","player_choice":"Entered Light","floor":4.0,"gold_loss":0.0,"damage_taken":21.0,"cards_upgraded":["Defend_B","Strike_B"]},{"damage_healed":0.0,"max_hp_gain":0.0,"max_hp_loss":0.0,"gold_gain":0.0,"event_name":"Liars Game","player_choice":"Ignored","floor":12.0,"gold_loss":0.0,"damage_taken":0.0},{"damage_healed":0,"gold_gain":0,"player_choice":"Smashed Altar","damage_taken":0,"max_hp_gain":0,"max_hp_loss":0,"event_name":"Forgotten Altar","floor":22,"gold_loss":0,"cards_obtained":["Decay"]}],"is_beta":false,"boss_relics":[{"not_picked":["Busted Crown","Runic Pyramid"],"picked":"Philosopher\u0027s Stone"}],"items_purged_floors":[19],"is_endless":false,"potions_floor_spawned":[7,14,16,18],"killed_by":"Shelled Parasite and Fungi","ascension_level":15}