{"gold_per_floor":[109,34,34,50,75,75,94,127,127,127,127,127],"floor_reached":12,"playtime":392,"items_purged":["Strike_R"],"score":148,"play_id":"f831275a-96f3-4d90-998d-184f8d03ca04","local_time":"20190522024659","is_ascension_mode":true,"campfire_choices":[{"data":"Rampage","floor":6,"key":"SMITH"},{"floor":11,"key":"REST"}],"neow_cost":"CURSE","seed_source_timestamp":102696994755400,"circlet_count":0,"master_deck":["AscendersBane","Strike_R","Strike_R","Strike_R","Strike_R","Defend_R","Defend_R","Defend_R","Bash","Clumsy","Offering","Rampage+1","Clothesline","Seeing Red"],"relics":["Burning Blood","Golden Idol","Juzu Bracelet"],"potions_floor_usage":[8,12],"damage_taken":[{"damage":12,"enemies":"Cultist","floor":1,"turns":3},{"damage":15,"enemies":"Jaw Worm","floor":4,"turns":3},{"damage":5,"enemies":"Small Slimes","floor":5,"turns":3},{"damage":16,"enemies":"Red Slaver","floor":7,"turns":3},{"damage":31,"enemies":"Lagavulin","floor":8,"turns":6},{"damage":41,"enemies":"3 Sentries","floor":12,"turns":8}],"seed_played":"-897839031919422430","potions_obtained":[{"floor":1,"key":"SteroidPotion"},{"floor":4,"key":"GamblersBrew"}],"is_trial":false,"path_per_floor":["M","$","?","M","M","R","M","E","T","?","R","E"],"character_chosen":"IRONCLAD","items_purchased":[],"campfire_rested":1,"item_purchase_floors":[],"current_hp_per_floor":[62,62,62,53,54,54,44,19,19,12,32,0],"gold":127,"neow_bonus":"THREE_RARE_CARDS","is_prod":false,"is_daily":false,"chose_seed":false,"campfire_upgraded":1,"win_rate":0,"timestamp":1558507619,"path_taken":["M","$","?","M","M","R","M","E","T","?","R","E"],"build_version":"2019-01-23","purchased_purges":1,"victory":false,"max_hp_per_floor":[75,75,68,68,68,68,68,68,68,68,68,68],"card_choices":[{"not_picked":["Impervious","Reaper"],"picked":"Offering","floor":0},{"not_picked":["Power Through","True Grit"],"picked":"Rampage","floor":1},{"not_picked":["Sentinel","Heavy Blade","Iron Wave"],"picked":"SKIP","floor":4},{"not_picked":["Wild Strike","Sword Boomerang"],"picked":"Clothesline","floor":5},{"not_picked":["Intimidate","Entrench"],"picked":"Seeing Red","floor":7},{"not_picked":["Blood for Blood","Heavy Blade","Rupture"],"picked":"SKIP","floor":8}],"player_experience":470171,"relics_obtained":[{"floor":8,"key":"Juzu Bracelet"}],"event_choices":[{"damage_healed":0,"gold_gain":0,"player_choice":"Lose Max HP","damage_taken":0,"relics_obtained":["Golden Idol"],"max_hp_gain":0,"max_hp_loss":7,"event_name":"Golden Idol","floor":3,"gold_loss":0},{"cards_removed":["Defend_R"],"damage_healed":0,"gold_gain":0,"player_choice":"Card Removal","damage_taken":7,"max_hp_gain":0,"max_hp_loss":0,"event_name":"Golden Wing","floor":10,"gold_loss":0}],"is_beta":false,"boss_relics":[],"items_purged_floors":[2],"is_endless":false,"potions_floor_spawned":[1,4],"killed_by":"3 Sentries","ascension_level":18}