{"gold_per_floor":[115,125,200,215,215,251,251,271,271,140,140,153,171,184,184,305,305,330,345,470,470,470,470,470,493,493,512,427,427,40,84,84,208,208,231,23,23,0,0,73,73,1,27,27,54,68,81,81,81,81],"floor_reached":51,"playtime":4038,"items_purged":["Injury","Normality"],"score":847,"play_id":"e0858712-1d56-441c-a509-3366e0a8b618","local_time":"20180903215449","is_ascension_mode":true,"campfire_choices":[{"floor":11,"key":"REST"},{"floor":15,"key":"REST"},{"floor":23,"key":"REST"},{"floor":29,"key":"REST"},{"floor":32,"key":"REST"},{"floor":41,"key":"REST"},{"data":"A Thousand Cuts","floor":44,"key":"SMITH"},{"floor":49,"key":"REST"}],"neow_cost":"","seed_source_timestamp":1697689465057732,"circlet_count":0,"master_deck":["Defend_G+1","Defend_G+1","Defend_G+1","Defend_G+1","Defend_G+1","Strike_G+1","Strike_G+1","Strike_G+1","Strike_G+1","Strike_G+1","Survivor","Neutralize+1","Deflect","Infinite Blades","Backflip","Crippling Poison+1","Dodge and Roll","Footwork","A Thousand Cuts+1","Bane","Backflip","Deflect+1","Noxious Fumes","Corpse Explosion","Setup+1","Dash","Blade Dance+1","Dagger Spray+1","PiercingWail+1","Blade Dance+1","Deflect+1","Backstab+1","Quick Slash+1","Predator+1","Die Die Die","Footwork+1","Finesse","Caltrops","Bouncing Flask","Jack Of All Trades","Blade Dance+1","Blur","Burst","Infinite Blades","Normality","Regret","Cloak And Dagger+1","Noxious Fumes+1","Madness","Madness","PiercingWail+1"],"relics":["Ring of the Snake","Golden Idol","Dream Catcher","Smiling Mask","Cursed Key","Unceasing Top","Mummified Hand","GremlinMask","MutagenicStrength","Boot","Du-Vu Doll","Kunai","War Paint","White Beast Statue","Red Mask","StoneCalendar","Tiny Chest","Bag of Preparation","Whetstone"],"potions_floor_usage":[6,6,6,14,16,19,20,20,33,39,40,46,50,50,50],"damage_taken":[{"damage":0,"enemies":"Cultist","floor":1,"turns":4},{"damage":1,"enemies":"Small Slimes","floor":2,"turns":4},{"damage":0,"enemies":"2 Louse","floor":4,"turns":3},{"damage":30,"enemies":"3 Sentries","floor":6,"turns":7},{"damage":1,"enemies":"Blue Slaver","floor":8,"turns":7},{"damage":0,"enemies":"2 Fungi Beasts","floor":12,"turns":5},{"damage":6,"enemies":"Large Slime","floor":13,"turns":9},{"damage":9,"enemies":"Exordium Thugs","floor":14,"turns":8},{"damage":8,"enemies":"Hexaghost","floor":16,"turns":11},{"damage":9,"enemies":"Spheric Guardian","floor":18,"turns":7},{"damage":2,"enemies":"Shell Parasite","floor":19,"turns":6},{"damage":9,"enemies":"Colosseum Slavers","floor":20,"turns":4},{"damage":29,"enemies":"Colosseum Nobs","floor":20,"turns":4},{"damage":8,"enemies":"Centurion and Healer","floor":25,"turns":4},{"damage":10,"enemies":"Snecko","floor":27,"turns":5},{"damage":2,"enemies":"Book of Stabbing","floor":31,"turns":6},{"damage":25,"enemies":"Champ","floor":33,"turns":12},{"damage":6,"enemies":"3 Shapes","floor":35,"turns":2},{"damage":6,"enemies":"Mind Bloom Boss Battle","floor":39,"turns":6},{"damage":3,"enemies":"Nemesis","floor":40,"turns":6},{"damage":7,"enemies":"3 Darklings","floor":46,"turns":3},{"damage":1,"enemies":"Sphere and 2 Shapes","floor":47,"turns":4},{"damage":58,"enemies":"Time Eater","floor":50,"turns":12}],"seed_played":"216076731938945583","potions_obtained":[{"floor":2,"key":"Explosive Potion"},{"floor":4,"key":"EntropicBrew"},{"floor":6,"key":"PowerPotion"},{"floor":16,"key":"SpeedPotion"},{"floor":18,"key":"Fire Potion"},{"floor":20,"key":"GhostInAJar"},{"floor":31,"key":"PowerPotion"},{"floor":33,"key":"FearPotion"},{"floor":35,"key":"SteroidPotion"},{"floor":39,"key":"SteroidPotion"},{"floor":40,"key":"Weak Potion"},{"floor":46,"key":"EssenceOfSteel"},{"floor":47,"key":"Weak Potion"}],"is_trial":false,"path_per_floor":["M","M","?","M","?","E","?","M","T","$","R","M","M","M","R","B",null,"M","M","?","?","?","R","?","M","T","M","?","R","$","E","R","B",null,"M","$","?","?","?","E","R","$","T","R","T","M","M","?","R","B"],"character_chosen":"THE_SILENT","items_purchased":["Footwork","Kunai","Backstab","Finesse","Caltrops","Bouncing Flask","Infinite Blades"],"campfire_rested":7,"item_purchase_floors":[10,30,30,36,36,36,42],"current_hp_per_floor":[70,69,58,58,58,28,14,13,13,13,34,34,28,19,40,32,70,61,59,21,21,21,42,42,34,34,24,24,45,45,43,64,39,70,64,64,64,64,58,55,70,70,70,70,70,63,62,53,70,12],"gold":81,"neow_bonus":"","is_prod":false,"is_daily":false,"chose_seed":false,"campfire_upgraded":1,"win_rate":0,"timestamp":1536026089,"path_taken":["M","M","?","?","?","E","?","M","T","$","R","M","M","M","R","BOSS","M","M","?","?","?","R","?","?","T","?","?","R","$","E","R","BOSS","M","$","?","?","?","E","R","?","T","R","?","?","M","?","R","BOSS"],"build_version":"2018-08-30","purchased_purges":2,"victory":true,"max_hp_per_floor":[70,70,70,70,70,70,70,70,70,70,70,70,70,70,70,70,70,70,70,70,70,70,70,70,70,70,70,70,70,70,70,70,70,70,70,70,70,70,70,70,70,70,70,70,70,70,70,70,70,70],"card_choices":[{"not_picked":["Outmaneuver","Poisoned Stab"],"picked":"Deflect","floor":1},{"not_picked":["Eviscerate","Unload"],"picked":"Infinite Blades","floor":2},{"not_picked":["Bane","Poisoned Stab"],"picked":"Backflip","floor":4},{"not_picked":["Endless Agony","Catalyst"],"picked":"Crippling Poison","floor":6},{"not_picked":["Calculated Gamble","Dagger Spray"],"picked":"Dodge and Roll","floor":8},{"not_picked":["Quick Slash","Escape Plan"],"picked":"A Thousand Cuts","floor":11},{"not_picked":["Slice","Setup"],"picked":"Bane","floor":12},{"not_picked":["Dodge and Roll","Caltrops"],"picked":"Backflip","floor":13},{"not_picked":["Dodge and Roll","Bane"],"picked":"Deflect","floor":14},{"not_picked":["Escape Plan","Sucker Punch"],"picked":"Noxious Fumes","floor":15},{"not_picked":["Night Terror","Wraith Form v2"],"picked":"Corpse Explosion","floor":16},{"not_picked":["Quick Slash","Distraction"],"picked":"Setup+1","floor":18},{"not_picked":["Sucker Punch","Blade Dance"],"picked":"Dash","floor":19},{"not_picked":["Sucker Punch","Backflip"],"picked":"Blade Dance+1","floor":20},{"not_picked":["Prepared","Grand Finale"],"picked":"Dagger Spray+1","floor":23},{"not_picked":["Poisoned Stab","Deflect"],"picked":"PiercingWail+1","floor":25},{"not_picked":["Prepared","Dagger Spray"],"picked":"Blade Dance+1","floor":27},{"not_picked":["Bullet Time","Flying Knee"],"picked":"Deflect+1","floor":29},{"not_picked":["Prepared+1","Slice"],"picked":"Quick Slash+1","floor":31},{"not_picked":["Eviscerate+1","Expertise"],"picked":"Predator+1","floor":32},{"not_picked":["Unload","Grand Finale"],"picked":"Die Die Die","floor":33},{"not_picked":["PiercingWail","Dagger Spray"],"picked":"Footwork+1","floor":35},{"not_picked":["Magnetism","Dark Shackles"],"picked":"Jack Of All Trades","floor":37},{"not_picked":["Slice+1","Acrobatics"],"picked":"Blade Dance+1","floor":39},{"not_picked":["Bane+1","Prepared"],"picked":"Blur","floor":40},{"not_picked":["Cloak And Dagger+1","Underhanded Strike+1"],"picked":"Burst","floor":41},{"not_picked":["Heel Hook+1","Prepared+1"],"picked":"Cloak And Dagger+1","floor":46},{"not_picked":["Sucker Punch","Expertise+1"],"picked":"Noxious Fumes+1","floor":47},{"not_picked":["Slice","Accuracy"],"picked":"PiercingWail+1","floor":49}],"player_experience":142783,"relics_obtained":[{"floor":6,"key":"Dream Catcher"},{"floor":9,"key":"Smiling Mask"},{"floor":20,"key":"Unceasing Top"},{"floor":20,"key":"Mummified Hand"},{"floor":26,"key":"Boot"},{"floor":31,"key":"War Paint"},{"floor":39,"key":"StoneCalendar"},{"floor":40,"key":"Tiny Chest"},{"floor":43,"key":"Bag of Preparation"},{"floor":45,"key":"Whetstone"}],"event_choices":[{"event_name":"World of Goop","player_choice":"Gather Gold","floor":3,"damage_taken":0},{"event_name":"Golden Idol","player_choice":"Take Wound","floor":5,"damage_taken":0},{"event_name":"Shining Light","player_choice":"Entered Light","floor":7,"damage_taken":0},{"event_name":"Colosseum","player_choice":"Fight","floor":20,"damage_taken":0},{"event_name":"Colosseum","player_choice":"Fought Nobs","floor":20,"damage_taken":0},{"event_name":"FaceTrader","player_choice":"Trade","floor":21,"damage_taken":0},{"event_name":"Drug Dealer","player_choice":"Inject Mutagens","floor":22,"damage_taken":0},{"event_name":"Back to Basics","player_choice":"Simplicity","floor":24,"damage_taken":0},{"event_name":"Addict","player_choice":"Obtained Relic","floor":28,"damage_taken":0},{"event_name":"SensoryStone","player_choice":"Memory 1","floor":37,"damage_taken":0},{"event_name":"Tomb of Lord Red Mask","player_choice":"Paid","floor":38,"damage_taken":0},{"event_name":"MindBloom","player_choice":"Fight","floor":39,"damage_taken":0},{"event_name":"Winding Halls","player_choice":"Embrace Madness","floor":48,"damage_taken":0}],"is_beta":false,"boss_relics":[{"not_picked":["Calling Bell","Velvet Choker"],"picked":"Cursed Key"},{"not_picked":["Runic Dome","Coffee Dripper"],"picked":"White Beast Statue"}],"items_purged_floors":[10,30],"is_endless":false,"potions_floor_spawned":[2,4,6,16,18,20,20,31,33,35,39,40,46,47],"ascension_level":4}