{"gold_per_floor":[109,109,35,49,49,78,78,98,152,152,123,154,168,182,182,281,281,299,319,34,34,34,61,78,78,105,137,137,137,137,149,149,250,250,260,260,260,260,278,278,304,304,327,327,373,373,389,409,409,409,409,409,32,60,60],"floor_reached":55,"playtime":3807,"items_purged":["Strike_G"],"score":1237,"play_id":"1b4097f4-49a8-4298-bda4-0955902dc2cf","local_time":"20190610192334","is_ascension_mode":true,"campfire_choices":[{"data":"Noxious Fumes","floor":7,"key":"SMITH"},{"data":"Footwork","floor":10,"key":"SMITH"},{"data":"Cloak And Dagger","floor":15,"key":"SMITH"},{"data":"Backflip","floor":25,"key":"SMITH"},{"floor":30,"key":"REST"},{"data":"Well Laid Plans","floor":32,"key":"SMITH"},{"data":"Deadly Poison","floor":40,"key":"SMITH"},{"data":"Cloak And Dagger","floor":42,"key":"SMITH"},{"data":"Acrobatics","floor":44,"key":"SMITH"},{"data":"Backflip","floor":46,"key":"SMITH"},{"floor":49,"key":"RECALL"},{"data":"Footwork","floor":52,"key":"SMITH"}],"neow_cost":"NONE","seed_source_timestamp":0,"circlet_count":0,"master_deck":["AscendersBane","Defend_G","Defend_G","Defend_G","Defend_G","Defend_G","Strike_G+1","Strike_G","Strike_G+1","Strike_G","Survivor","Neutralize+1","Footwork+1","Noxious Fumes+1","Backflip+1","Cloak And Dagger+1","Cloak And Dagger+1","Envenom","Dodge and Roll","Deadly Poison+1","Adrenaline","Dagger Spray","Backflip+1","Well Laid Plans+1","Acrobatics+1","Blade Dance+1","Ghostly","Ghostly","Ghostly","Ghostly","Ghostly","Tools of the Trade","Underhanded Strike+1","Finesse","Caltrops+1","Footwork+1","Backflip+1","Calculated Gamble","Footwork"],"relics":["Ring of the Snake","Bag of Marbles","Orichalcum","Whetstone","Pantograph","Sozu","TwistedFunnel","Omamori","Bag of Preparation","Dodecahedron","Enchiridion","Eternal Feather","Sundial","Unceasing Top","Snake Skull","Ginger"],"potions_floor_usage":[12,16,50,55],"damage_taken":[{"damage":0,"enemies":"Cultist","floor":1,"turns":4},{"damage":1,"enemies":"Jaw Worm","floor":4,"turns":6},{"damage":14,"enemies":"3 Sentries","floor":6,"turns":8},{"damage":0,"enemies":"2 Louse","floor":8,"turns":5},{"damage":15,"enemies":"Gremlin Nob","floor":12,"turns":6},{"damage":0,"enemies":"2 Fungi Beasts","floor":13,"turns":5},{"damage":1,"enemies":"Blue Slaver","floor":14,"turns":4},{"damage":0,"enemies":"Slime Boss","floor":16,"turns":10},{"damage":11,"enemies":"Spheric Guardian","floor":18,"turns":5},{"damage":12,"enemies":"Chosen","floor":19,"turns":6},{"damage":6,"enemies":"Gremlin Leader","floor":23,"turns":7},{"damage":10,"enemies":"Shelled Parasite and Fungi","floor":24,"turns":6},{"damage":1,"enemies":"Book of Stabbing","floor":27,"turns":6},{"damage":0,"enemies":"Centurion and Healer","floor":31,"turns":7},{"damage":17,"enemies":"Champ","floor":33,"turns":17},{"damage":0,"enemies":"3 Darklings","floor":35,"turns":6},{"damage":0,"enemies":"Orb Walker","floor":39,"turns":4},{"damage":0,"enemies":"Nemesis","floor":41,"turns":7},{"damage":0,"enemies":"2 Orb Walkers","floor":45,"turns":7},{"damage":0,"enemies":"Transient","floor":47,"turns":5},{"damage":0,"enemies":"Writhing Mass","floor":48,"turns":8},{"damage":16,"enemies":"Time Eater","floor":50,"turns":16},{"damage":0,"enemies":"Shield and Spear","floor":54,"turns":7},{"damage":38,"enemies":"The Heart","floor":55,"turns":9}],"seed_played":"622887774402085182","potions_obtained":[{"floor":1,"key":"Weak Potion"},{"floor":8,"key":"Energy Potion"},{"floor":14,"key":"Weak Potion"},{"floor":16,"key":"Dexterity Potion"}],"is_trial":false,"path_per_floor":["M","?","$","M","T","E","R","M","T","R","?","E","M","M","R","B",null,"M","M","$","?","?","E","M","R","T","E","?","?","R","M","R","B",null,"M","?","?","?","M","R","E","R","T","R","?","R","M","M","R","B",null,"R","$","E","B"],"character_chosen":"THE_SILENT","items_purchased":["Noxious Fumes","TwistedFunnel","Well Laid Plans","Snake Skull","Calculated Gamble","Footwork"],"campfire_rested":1,"item_purchase_floors":[3,20,20,53,53,53],"current_hp_per_floor":[63,56,56,55,55,41,41,41,41,41,41,26,26,25,25,50,65,54,42,42,42,42,36,26,26,26,25,25,9,19,19,19,18,31,31,31,31,26,26,33,33,33,33,33,33,33,33,33,33,17,29,33,33,33,0],"gold":60,"neow_bonus":"UPGRADE_CARD","is_prod":false,"is_daily":false,"chose_seed":true,"campfire_upgraded":10,"win_rate":0,"timestamp":1560219814,"path_taken":["M","?","$","M","?","E","R","M","T","R","?","E","M","M","R","BOSS","M","M","$","?","?","E","M","R","T","E","?","?","R","M","R","BOSS","M","?","?","?","?","R","E","R","T","R","?","R","M","M","R","BOSS","R","$","E","BOSS"],"build_version":"2019-01-23","purchased_purges":1,"victory":false,"max_hp_per_floor":[70,70,70,70,70,70,70,70,70,70,70,70,70,70,70,70,70,70,70,70,70,70,70,70,70,70,70,35,35,35,35,35,35,35,35,33,33,33,33,33,33,33,33,33,33,33,33,33,33,33,33,33,33,33,33],"card_choices":[{"not_picked":["Flechettes","Eviscerate"],"picked":"Footwork","floor":1},{"not_picked":["Setup","Concentrate"],"picked":"Backflip","floor":4},{"not_picked":["Quick Slash","Choke"],"picked":"Cloak And Dagger","floor":6},{"not_picked":["Blade Dance","Infinite Blades"],"picked":"Cloak And Dagger","floor":8},{"not_picked":["Well Laid Plans","Endless Agony"],"picked":"Envenom","floor":12},{"not_picked":["Riddle With Holes","Sucker Punch"],"picked":"Dodge and Roll","floor":13},{"not_picked":["Backflip","Flying Knee"],"picked":"Deadly Poison","floor":14},{"not_picked":["Doppelganger","Night Terror"],"picked":"Adrenaline","floor":16},{"not_picked":["Blade Dance","Dagger Throw"],"picked":"Dagger Spray","floor":18},{"not_picked":["Poisoned Stab","Tactician"],"picked":"Backflip","floor":19},{"not_picked":["Envenom","Distraction","Cloak And Dagger"],"picked":"SKIP","floor":23},{"not_picked":["Outmaneuver","Dagger Throw"],"picked":"Acrobatics","floor":24},{"not_picked":["PiercingWail","Glass Knife"],"picked":"Blade Dance+1","floor":27},{"not_picked":["Sucker Punch","Quick Slash","Underhanded Strike"],"picked":"SKIP","floor":31},{"not_picked":["Unload","Glass Knife"],"picked":"Tools of the Trade","floor":33},{"not_picked":["Deadly Poison+1","Dagger Throw"],"picked":"Underhanded Strike+1","floor":35},{"not_picked":["PanicButton","Swift Strike"],"picked":"Finesse","floor":38},{"not_picked":["Prepared","Dagger Throw","Outmaneuver+1"],"picked":"SKIP","floor":39},{"not_picked":["Endless Agony+1","All Out Attack+1"],"picked":"Caltrops+1","floor":41},{"not_picked":["Distraction+1","Slice"],"picked":"Footwork","floor":45},{"not_picked":["Infinite Blades+1","Flying Knee+1"],"picked":"Backflip+1","floor":47},{"not_picked":["Masterful Stab","Backflip+1","Unload"],"picked":"SKIP","floor":48},{"not_picked":["Flying Knee+1","Backflip","Grand Finale"],"picked":"SKIP","floor":54}],"player_experience":555544,"relics_obtained":[{"floor":5,"key":"Bag of Marbles"},{"floor":6,"key":"Orichalcum"},{"floor":9,"key":"Whetstone"},{"floor":12,"key":"Pantograph"},{"floor":23,"key":"Omamori"},{"floor":26,"key":"Bag of Preparation"},{"floor":27,"key":"Dodecahedron"},{"floor":29,"key":"Enchiridion"},{"floor":41,"key":"Sundial"},{"floor":45,"key":"Unceasing Top"},{"floor":54,"key":"Ginger"}],"event_choices":[{"damage_healed":0,"gold_gain":0,"player_choice":"Fled","damage_taken":7,"max_hp_gain":0,"max_hp_loss":0,"event_name":"Scrap Ooze","floor":2,"gold_loss":0},{"damage_healed":0,"gold_gain":0,"player_choice":"Left Gold","damage_taken":0,"max_hp_gain":0,"max_hp_loss":0,"event_name":"World of Goop","floor":11,"gold_loss":29},{"damage_healed":0,"gold_gain":0,"player_choice":"Ignored","damage_taken":0,"max_hp_gain":0,"max_hp_loss":0,"event_name":"Vampires","floor":21,"gold_loss":0},{"damage_healed":0,"gold_gain":0,"player_choice":"Ignored","damage_taken":0,"max_hp_gain":0,"max_hp_loss":0,"event_name":"Beggar","floor":22,"gold_loss":0},{"damage_healed":0,"gold_gain":0,"player_choice":"Became a Ghost","damage_taken":0,"max_hp_gain":0,"max_hp_loss":35,"event_name":"Ghosts","floor":28,"gold_loss":0,"cards_obtained":["Ghostly","Ghostly","Ghostly","Ghostly","Ghostly"]},{"damage_healed":0,"gold_gain":0,"player_choice":"Obtained Book","damage_taken":16,"max_hp_gain":0,"max_hp_loss":0,"event_name":"Cursed Tome","floor":29,"gold_loss":0},{"damage_healed":0,"gold_gain":0,"player_choice":"Max HP","damage_taken":0,"max_hp_gain":0,"max_hp_loss":2,"event_name":"Winding Halls","floor":36,"gold_loss":0},{"damage_healed":0,"gold_gain":0,"player_choice":"Ignored","damage_taken":0,"max_hp_gain":0,"max_hp_loss":0,"event_name":"Tomb of Lord Red Mask","floor":37,"gold_loss":0},{"damage_healed":0,"gold_gain":0,"player_choice":"Memory 2","damage_taken":5,"max_hp_gain":0,"max_hp_loss":0,"event_name":"SensoryStone","floor":38,"gold_loss":0},{"damage_healed":0,"gold_gain":0,"player_choice":"Fight","damage_taken":0,"max_hp_gain":0,"max_hp_loss":0,"event_name":"Mysterious Sphere","floor":45,"gold_loss":0}],"is_beta":false,"boss_relics":[{"not_picked":["Snecko Eye","Empty Cage"],"picked":"Sozu"},{"not_picked":["HoveringKite","Runic Dome"],"picked":"Eternal Feather"}],"items_purged_floors":[53],"is_endless":false,"potions_floor_spawned":[1,8,14,16,18,23,24,27,39,48],"killed_by":"The Heart","ascension_level":10}