{"gold_per_floor":[111,121,37,37,51,51,51,51,74,36,70,70,82,116,116,215,215,233,233,245,255,266,266,266,266,347,347,359,26,45,11,11,11],"floor_reached":33,"playtime":1259,"items_purged":[],"score":344,"play_id":"d838d211-7c51-40dd-af5e-6fe549bafad1","local_time":"20190612174058","is_ascension_mode":true,"campfire_choices":[{"data":"Genetic Algorithm","floor":6,"key":"SMITH"},{"data":"Zap","floor":8,"key":"SMITH"},{"floor":15,"key":"REST"},{"floor":23,"key":"REST"},{"floor":25,"key":"REST"},{"data":"Buffer","floor":27,"key":"SMITH"},{"floor":32,"key":"REST"}],"neow_cost":"NONE","seed_source_timestamp":55065526345500,"circlet_count":0,"master_deck":["Strike_B","Strike_B","Strike_B","Strike_B","Defend_B","Defend_B","Defend_B","Zap+1","Dualcast","Conserve Battery","Sweeping Beam+1","Good Instincts","Genetic Algorithm+1","Doom and Gloom","Steam","Electrodynamics","Buffer+1","Chill+1","Skim","Fusion","Reboot","Trip","Coolheaded","Glacier"],"relics":["Cracked Core","NeowsBlessing","Boot","WingedGreaves","Emotion Chip","Sozu","Enchiridion","Frozen Egg 2","Membership Card"],"potions_floor_usage":[16,16,22],"damage_taken":[{"damage":0,"enemies":"Cultist","floor":1,"turns":1},{"damage":0,"enemies":"Small Slimes","floor":2,"turns":1},{"damage":0,"enemies":"2 Louse","floor":5,"turns":1},{"damage":19,"enemies":"3 Sentries","floor":11,"turns":5},{"damage":0,"enemies":"2 Fungi Beasts","floor":13,"turns":3},{"damage":41,"enemies":"Gremlin Nob","floor":14,"turns":5},{"damage":12,"enemies":"Slime Boss","floor":16,"turns":7},{"damage":17,"enemies":"2 Thieves","floor":18,"turns":3},{"damage":16,"enemies":"3 Byrds","floor":20,"turns":3},{"damage":14,"enemies":"Centurion and Healer","floor":21,"turns":6},{"damage":7,"enemies":"Snake Plant","floor":22,"turns":5},{"damage":13,"enemies":"Snecko","floor":28,"turns":4},{"damage":7,"enemies":"Centurion and Healer","floor":30,"turns":4},{"damage":37,"enemies":"Collector","floor":33,"turns":11}],"seed_played":"8004040824872206995","potions_obtained":[{"floor":13,"key":"Swift Potion"},{"floor":14,"key":"Weak Potion"},{"floor":16,"key":"GamblersBrew"}],"is_trial":false,"path_per_floor":["M","M","$","?","M","R","?","R","T","$","E","?","M","E","R","B",null,"M","?","M","M","M","R","?","R","T","R","M","$","M","$","R","B"],"character_chosen":"DEFECT","items_purchased":["Good Instincts","Doom and Gloom","Membership Card","Reboot","Trip","Glacier"],"campfire_rested":4,"item_purchase_floors":[3,10,29,29,29,31],"current_hp_per_floor":[68,68,68,61,61,61,61,61,61,61,42,42,42,1,23,11,59,42,42,26,12,5,27,11,33,33,33,20,20,13,13,35,0],"gold":11,"neow_bonus":"THREE_ENEMY_KILL","is_prod":false,"is_daily":false,"chose_seed":false,"campfire_upgraded":3,"win_rate":0,"timestamp":1560386458,"path_taken":["M","?","$","?","M","R","?","R","T","$","E","?","M","E","R","BOSS","M","?","M","M","?","R","?","R","T","R","M","$","M","$","R","BOSS"],"build_version":"2019-01-23","purchased_purges":0,"victory":false,"max_hp_per_floor":[75,75,75,75,75,75,75,75,75,75,75,75,75,75,75,75,75,75,75,75,75,75,75,75,75,75,75,75,75,75,75,75,75],"card_choices":[{"not_picked":["Steam","Glacier"],"picked":"Conserve Battery","floor":1},{"not_picked":["Rebound","Beam Cell"],"picked":"Sweeping Beam","floor":2},{"not_picked":["Hologram","Meteor Strike"],"picked":"Genetic Algorithm","floor":5},{"not_picked":["Reprogram","Barrage"],"picked":"Steam","floor":11},{"not_picked":["Melter","Hologram","Redo"],"picked":"SKIP","floor":13},{"not_picked":["Redo","Glacier"],"picked":"Electrodynamics","floor":14},{"not_picked":["Amplify","Machine Learning"],"picked":"Buffer","floor":16},{"not_picked":["Capacitor","Redo+1","Rebound"],"picked":"SKIP","floor":18},{"not_picked":["Gash","Cold Snap+1"],"picked":"Chill+1","floor":20},{"not_picked":["Cold Snap","Storm"],"picked":"Skim","floor":21},{"not_picked":["Aggregate","Streamline+1","Cold Snap"],"picked":"SKIP","floor":22},{"not_picked":["Turbo","Coolheaded"],"picked":"Fusion","floor":28},{"not_picked":["Force Field","Gash"],"picked":"Coolheaded","floor":30}],"player_experience":565275,"relics_obtained":[{"floor":9,"key":"Boot"},{"floor":11,"key":"WingedGreaves"},{"floor":14,"key":"Emotion Chip"},{"floor":24,"key":"Enchiridion"},{"floor":26,"key":"Frozen Egg 2"}],"event_choices":[{"cards_removed":["Defend_B"],"damage_healed":0,"gold_gain":0,"player_choice":"Card Removal","damage_taken":7,"max_hp_gain":0,"max_hp_loss":0,"event_name":"Golden Wing","floor":4,"gold_loss":0},{"damage_healed":0,"gold_gain":0,"player_choice":"Grow","damage_taken":0,"max_hp_gain":0,"max_hp_loss":0,"event_name":"Living Wall","floor":7,"gold_loss":0,"cards_upgraded":["Sweeping Beam"]},{"damage_healed":0,"gold_gain":0,"player_choice":"Ignored","damage_taken":0,"max_hp_gain":0,"max_hp_loss":0,"event_name":"Liars Game","floor":12,"gold_loss":0},{"damage_healed":0,"gold_gain":0,"player_choice":"Bought 0 Potions","damage_taken":0,"max_hp_gain":0,"max_hp_loss":0,"event_name":"The Woman in Blue","floor":19,"gold_loss":0},{"damage_healed":0,"gold_gain":0,"player_choice":"Obtained Book","damage_taken":16,"max_hp_gain":0,"max_hp_loss":0,"event_name":"Cursed Tome","floor":24,"gold_loss":0}],"is_beta":false,"boss_relics":[{"not_picked":["Ectoplasm","Black Star"],"picked":"Sozu"}],"items_purged_floors":[],"is_endless":false,"potions_floor_spawned":[13,14,16,22,28,30],"killed_by":"Collector","ascension_level":7}