{"gold_per_floor":[109,120,170,180,27,27,60,5,51,77,77,149,160,180,180,256,256,270,282,282,282],"floor_reached":21,"playtime":636,"items_purged":["Parasite"],"score":359,"play_id":"079b384e-830c-468b-9ae9-0e4824af6ce8","local_time":"20190514004632","is_ascension_mode":true,"campfire_choices":[{"data":"Carnage","floor":6,"key":"SMITH"},{"data":"Feed","floor":11,"key":"SMITH"},{"floor":15,"key":"REST"}],"neow_cost":"CURSE","seed_source_timestamp":339201191433500,"circlet_count":0,"master_deck":["AscendersBane","Strike_R+1","Strike_R","Strike_R","Strike_R","Strike_R+1","Defend_R","Defend_R","Defend_R","Defend_R","Bash","Disarm","Twin Strike","Feed+1","Carnage+1","Metallicize","Shrug It Off","Metallicize","Immolate","Intimidate"],"relics":["Burning Blood","StoneCalendar","PreservedInsect","Whetstone","Regal Pillow","Bottled Flame","Philosopher\u0027s Stone"],"potions_floor_usage":[16,18,21],"damage_taken":[{"damage":1,"enemies":"2 Louse","floor":1,"turns":3},{"damage":14,"enemies":"Cultist","floor":2,"turns":5},{"damage":11,"enemies":"Jaw Worm","floor":4,"turns":4},{"damage":31,"enemies":"Gremlin Nob","floor":7,"turns":4},{"damage":10,"enemies":"Lagavulin","floor":10,"turns":7},{"damage":11,"enemies":"Looter","floor":13,"turns":3},{"damage":16,"enemies":"Blue Slaver","floor":14,"turns":3},{"damage":28,"enemies":"Slime Boss","floor":16,"turns":10},{"damage":29,"enemies":"Shell Parasite","floor":18,"turns":7},{"damage":25,"enemies":"Spheric Guardian","floor":19,"turns":4},{"damage":31,"enemies":"Snake Plant","floor":21,"turns":2}],"seed_played":"-2492871658585900588","potions_obtained":[{"floor":4,"key":"GamblersBrew"},{"floor":16,"key":"SkillPotion"},{"floor":19,"key":"LiquidBronze"}],"is_trial":false,"path_per_floor":["M","M","?","M","$","R","E","$","T","E","R","T","M","M","R","B",null,"M","M","$","M"],"character_chosen":"IRONCLAD","items_purchased":["Carnage","Shrug It Off"],"campfire_rested":1,"item_purchase_floors":[5,8],"current_hp_per_floor":[73,65,65,60,60,60,35,35,35,31,31,31,30,20,57,35,66,47,28,28,0],"gold":282,"neow_bonus":"ONE_RARE_RELIC","is_prod":false,"is_daily":false,"chose_seed":false,"campfire_upgraded":2,"win_rate":0,"timestamp":1557809192,"path_taken":["M","M","?","M","$","R","E","?","T","E","R","?","M","M","R","BOSS","M","M","$","M"],"build_version":"2019-01-23","purchased_purges":1,"victory":false,"max_hp_per_floor":[75,75,75,75,72,72,72,72,72,72,72,72,76,76,76,76,76,80,80,80,80],"card_choices":[{"not_picked":["Perfected Strike","Havoc"],"picked":"Disarm","floor":1},{"not_picked":["Thunderclap","Havoc"],"picked":"Twin Strike","floor":2},{"not_picked":["Twin Strike","Sever Soul"],"picked":"Feed","floor":4},{"not_picked":["Heavy Blade","Ghostly Armor"],"picked":"Metallicize","floor":7},{"not_picked":["Clash","Anger"],"picked":"Metallicize","floor":10},{"not_picked":["Body Slam","Rampage","Heavy Blade"],"picked":"SKIP","floor":13},{"not_picked":["Warcry","Headbutt","Berserk"],"picked":"SKIP","floor":14},{"not_picked":["Fiend Fire","Impervious"],"picked":"Immolate","floor":16},{"not_picked":["True Grit","Headbutt","Clash+1"],"picked":"SKIP","floor":18},{"not_picked":["Warcry+1","Corruption+1"],"picked":"Intimidate","floor":19}],"player_experience":454985,"relics_obtained":[{"floor":7,"key":"PreservedInsect"},{"floor":9,"key":"Whetstone"},{"floor":10,"key":"Regal Pillow"},{"floor":12,"key":"Bottled Flame"}],"event_choices":[{"damage_healed":0,"gold_gain":50,"player_choice":"Pray","damage_taken":0,"max_hp_gain":0,"max_hp_loss":0,"event_name":"Golden Shrine","floor":3,"gold_loss":0}],"is_beta":false,"boss_relics":[{"not_picked":["Pandora\u0027s Box","Runic Pyramid"],"picked":"Philosopher\u0027s Stone"}],"items_purged_floors":[5],"is_endless":false,"potions_floor_spawned":[4,16,19],"killed_by":"Snake Plant","ascension_level":18}