{"gold_per_floor":[13,30,47,47,70,70,70,100,100,100,115,115,115],"floor_reached":13,"playtime":411,"items_purged":[],"score":170,"play_id":"db3751da-c146-4b2e-bf62-bfa1ce0d3a61","local_time":"20181010223044","is_ascension_mode":true,"campfire_choices":[{"data":"Zap","floor":6.0,"key":"SMITH"},{"data":"Defragment","floor":12,"key":"SMITH"}],"neow_cost":"NO_GOLD","seed_source_timestamp":93953120952769,"circlet_count":0,"master_deck":["Strike_B","Strike_B","Strike_B","Strike_B","Defend_B+1","Defend_B+1","Defend_B","Defend_B","Zap+1","Dualcast","AscendersBane","Creative AI","Conserve Battery","Defragment+1","Storm","Hologram"],"special_seed":0,"relics":["Cracked Core","Strawberry","Cables","Bottled Tornado"],"potions_floor_usage":[11],"damage_taken":[{"damage":14.0,"enemies":"Small Slimes","floor":1.0,"turns":4.0},{"damage":2.0,"enemies":"Jaw Worm","floor":2.0,"turns":3.0},{"damage":1.0,"enemies":"Cultist","floor":3.0,"turns":4.0},{"damage":3.0,"enemies":"Gremlin Nob","floor":8.0,"turns":4.0},{"damage":0.0,"enemies":"Exordium Wildlife","floor":10.0,"turns":1.0},{"damage":22,"enemies":"Exordium Thugs","floor":11,"turns":4}],"seed_played":"1087942131864002370","potions_obtained":[{"floor":1.0,"key":"SmokeBomb"},{"floor":7.0,"key":"PowerPotion"},{"floor":7.0,"key":"Energy Potion"},{"floor":8.0,"key":"FocusPotion"}],"is_trial":false,"path_per_floor":["M","M","M","?","T","R","?","E","T","M","M","R"],"character_chosen":"DEFECT","items_purchased":[],"campfire_rested":0,"item_purchase_floors":[],"current_hp_per_floor":[50,48,47,26,33,33,33,30,30,30,8,8,0],"gold":115,"neow_bonus":"THREE_RARE_CARDS","is_prod":false,"is_daily":false,"chose_seed":false,"campfire_upgraded":2,"win_rate":0,"timestamp":1539203444,"path_taken":["M","M","M","?","?","R","?","E","T","?","M","R","?"],"build_version":"2018-10-09","purchased_purges":0,"victory":false,"max_hp_per_floor":[71,71,71,71,78,78,78,78,78,78,78,78,78],"card_choices":[{"not_picked":["Machine Learning","Meteor Strike"],"picked":"Creative AI","floor":0.0},{"not_picked":["Gash","Melter"],"picked":"Conserve Battery","floor":1.0},{"not_picked":["Capacitor","Stack"],"picked":"Defragment","floor":2.0},{"not_picked":["Turbo","Stack","Sweeping Beam"],"picked":"SKIP","floor":3.0},{"not_picked":["Turbo","Redo"],"picked":"Storm","floor":8.0},{"not_picked":["Cold Snap","Redo"],"picked":"Hologram","floor":11}],"player_experience":1008986,"relics_obtained":[{"floor":5.0,"key":"Strawberry"},{"floor":8.0,"key":"Cables"},{"floor":9.0,"key":"Bottled Tornado"}],"event_choices":[{"event_name":"Shining Light","player_choice":"Entered Light","floor":4.0,"damage_taken":0.0},{"event_name":"The Lab","player_choice":"Got Potions","floor":7.0,"damage_taken":0.0}],"is_beta":true,"boss_relics":[],"items_purged_floors":[],"is_endless":false,"potions_floor_spawned":[1,8,10],"ascension_level":20}