{"gold_per_floor":[113,113,127,26,26,56,56,66,66,80,110,135,60,70,70,70],"floor_reached":16,"playtime":2248,"items_purged":["Strike_B"],"score":236,"play_id":"36f6374e-3d37-47e6-8ec0-d2615af4b76c","local_time":"20190220153630","is_ascension_mode":true,"campfire_choices":[{"floor":7.0,"key":"REST"},{"floor":15.0,"key":"REST"}],"neow_cost":"NONE","seed_source_timestamp":426654687434500,"circlet_count":0,"master_deck":["AscendersBane","Strike_B","Strike_B","Strike_B+1","Defend_B","Defend_B+1","Defend_B","Zap","Dualcast","Sunder","Chill","Coolheaded","Chill","BootSequence","Glacier","Capacitor"],"special_seed":0,"relics":["Cracked Core","NeowsBlessing","Cables","Centennial Puzzle","Anchor","Bottled Lightning","Odd Mushroom"],"potions_floor_usage":[],"damage_taken":[{"damage":0.0,"enemies":"Small Slimes","floor":1.0,"turns":1.0},{"damage":0.0,"enemies":"2 Louse","floor":3.0,"turns":1.0},{"damage":0.0,"enemies":"3 Sentries","floor":6.0,"turns":1.0},{"damage":0.0,"enemies":"Jaw Worm","floor":8.0,"turns":3.0},{"damage":0.0,"enemies":"Exordium Wildlife","floor":10.0,"turns":4.0},{"damage":16.0,"enemies":"Lagavulin","floor":11.0,"turns":6.0},{"damage":0.0,"enemies":"The Mushroom Lair","floor":12.0,"turns":5.0},{"damage":0.0,"enemies":"2 Fungi Beasts","floor":14.0,"turns":3.0},{"damage":69,"enemies":"Hexaghost","floor":16,"turns":18}],"seed_played":"5689921505212002363","potions_obtained":[{"floor":1.0,"key":"SpeedPotion"},{"floor":3.0,"key":"Explosive Potion"},{"floor":6.0,"key":"SpeedPotion"},{"floor":8.0,"key":"SteroidPotion"}],"is_trial":false,"path_per_floor":["M","?","M","$","?","E","R","M","T","M","E","?","?","M","R","B"],"character_chosen":"DEFECT","items_purchased":["Coolheaded"],"campfire_rested":2,"item_purchase_floors":[4],"current_hp_per_floor":[64,43,43,43,38,38,59,59,59,59,43,43,43,43,64,0],"gold":70,"neow_bonus":"THREE_ENEMY_KILL","is_prod":false,"is_daily":false,"chose_seed":false,"campfire_upgraded":0,"win_rate":0,"timestamp":1550694990,"path_taken":["M","?","M","$","?","E","R","M","T","M","E","?","?","M","R","BOSS"],"build_version":"2019-01-23","purchased_purges":1,"victory":false,"max_hp_per_floor":[71,71,71,71,71,71,71,71,71,71,71,71,71,71,71,71],"card_choices":[{"not_picked":["Barrage","Reinforced Body"],"picked":"Sunder","floor":1.0},{"not_picked":["Doom and Gloom","Redo"],"picked":"Chill","floor":3.0},{"not_picked":["FTL","Fusion"],"picked":"Chill","floor":6.0},{"not_picked":["Steam","Sweeping Beam","Ball Lightning"],"picked":"SKIP","floor":8.0},{"not_picked":["Storm","Gash"],"picked":"BootSequence","floor":10.0},{"not_picked":["Force Field","Sweeping Beam","Compile Driver"],"picked":"SKIP","floor":11.0},{"not_picked":["Gash","Loop"],"picked":"Glacier","floor":12.0},{"not_picked":["Ball Lightning","All For One"],"picked":"Capacitor","floor":14.0}],"player_experience":915866,"relics_obtained":[{"floor":6.0,"key":"Centennial Puzzle"},{"floor":9.0,"key":"Anchor"},{"floor":11.0,"key":"Bottled Lightning"},{"floor":12.0,"key":"Odd Mushroom"}],"event_choices":[{"damage_healed":0.0,"max_hp_gain":0.0,"max_hp_loss":0.0,"gold_gain":0.0,"event_name":"Shining Light","player_choice":"Entered Light","floor":2.0,"gold_loss":0.0,"damage_taken":21.0,"cards_upgraded":["Strike_B","Defend_B"]},{"damage_healed":0.0,"max_hp_gain":0.0,"max_hp_loss":0.0,"gold_gain":0.0,"event_name":"Scrap Ooze","player_choice":"Success","floor":5.0,"gold_loss":0.0,"damage_taken":5.0,"relics_obtained":["Cables"]},{"damage_healed":0.0,"max_hp_gain":0.0,"max_hp_loss":0.0,"gold_gain":0.0,"event_name":"Mushrooms","player_choice":"Fought Mushrooms","floor":12.0,"gold_loss":0.0,"damage_taken":0.0},{"cards_removed":["Defend_B"],"damage_healed":0.0,"max_hp_gain":0.0,"max_hp_loss":0.0,"gold_gain":0.0,"event_name":"The Cleric","player_choice":"Card Removal","floor":13.0,"gold_loss":75.0,"damage_taken":0.0}],"is_beta":false,"boss_relics":[],"items_purged_floors":[4],"is_endless":false,"potions_floor_spawned":[1,3,6,8],"killed_by":"Hexaghost","ascension_level":15}