{"gold_per_floor":[112,125,50,64,76,76,76,76,76,76,91,91,101,118,118,118],"floor_reached":16,"playtime":1270,"items_purged":["Strike_G"],"score":155,"play_id":"ab6131cc-5954-45e7-8d7c-999de563e2f3","local_time":"20190614005151","is_ascension_mode":true,"campfire_choices":[{"data":"Strike_G","floor":6,"key":"PURGE"},{"data":"Strike_G","floor":8,"key":"PURGE"},{"floor":10,"key":"REST"},{"data":"Crippling Poison","floor":15,"key":"SMITH"}],"neow_cost":"PERCENT_DAMAGE","seed_source_timestamp":111140218914375,"circlet_count":0,"master_deck":["AscendersBane","Defend_G","Defend_G","Defend_G","Defend_G","Strike_G","Strike_G","Survivor","Neutralize","Dagger Throw","PiercingWail","Dagger Throw","Backflip","Neutralize","Crippling Poison+1","Poisoned Stab"],"relics":["Ring of the Snake","Peace Pipe","Gremlin Horn"],"potions_floor_usage":[16],"damage_taken":[{"damage":1,"enemies":"Cultist","floor":1,"turns":4},{"damage":1,"enemies":"Small Slimes","floor":2,"turns":5},{"damage":2,"enemies":"Jaw Worm","floor":4,"turns":5},{"damage":30,"enemies":"Gremlin Gang","floor":5,"turns":8},{"damage":0,"enemies":"Looter","floor":11,"turns":4},{"damage":0,"enemies":"2 Fungi Beasts","floor":13,"turns":4},{"damage":6,"enemies":"Blue Slaver","floor":14,"turns":4},{"damage":34,"enemies":"Slime Boss","floor":16,"turns":5}],"seed_played":"-3710832536514016909","potions_obtained":[{"floor":5,"key":"FearPotion"},{"floor":13,"key":"Poison Potion"}],"is_trial":false,"path_per_floor":["M","M","$","M","M","R","?","R","T","R","M","?","M","M","R","B"],"character_chosen":"THE_SILENT","items_purchased":[],"campfire_rested":1,"item_purchase_floors":[],"current_hp_per_floor":[44,43,43,41,11,11,11,11,11,32,32,32,32,26,26,0],"gold":118,"neow_bonus":"ONE_RARE_RELIC","is_prod":false,"is_daily":false,"chose_seed":false,"campfire_upgraded":1,"win_rate":0,"timestamp":1560444711,"path_taken":["M","M","?","M","?","R","?","R","T","R","M","?","M","?","R","BOSS"],"build_version":"2019-01-23","purchased_purges":1,"victory":false,"max_hp_per_floor":[70,70,70,70,70,70,70,70,70,70,70,70,70,70,70,70],"card_choices":[{"not_picked":["Sucker Punch","Deflect","Quick Slash"],"picked":"SKIP","floor":1},{"not_picked":["Underhanded Strike","Poisoned Stab"],"picked":"Dagger Throw","floor":2},{"not_picked":["Blade Dance","Dagger Throw"],"picked":"PiercingWail","floor":4},{"not_picked":["Concentrate","Prepared"],"picked":"Dagger Throw","floor":5},{"not_picked":["Bane","Outmaneuver"],"picked":"Backflip","floor":11},{"not_picked":["Bane","Masterful Stab"],"picked":"Crippling Poison","floor":13},{"not_picked":["Sucker Punch","Blade Dance"],"picked":"Poisoned Stab","floor":14}],"player_experience":818145,"relics_obtained":[{"floor":9,"key":"Gremlin Horn"}],"event_choices":[{"cards_removed":["Defend_G"],"damage_healed":0,"gold_gain":0,"player_choice":"Forget","damage_taken":0,"max_hp_gain":0,"max_hp_loss":0,"event_name":"Living Wall","floor":7,"gold_loss":0},{"damage_healed":0,"gold_gain":0,"player_choice":"1 cards matched","damage_taken":0,"max_hp_gain":0,"max_hp_loss":0,"event_name":"Match and Keep!","floor":12,"gold_loss":0,"cards_obtained":["Neutralize"]}],"is_beta":false,"boss_relics":[],"items_purged_floors":[3],"is_endless":false,"potions_floor_spawned":[5,13,14],"killed_by":"Slime Boss","ascension_level":13}