{"gold_per_floor":[110,129,144,160,160,160,175,203,203,221,252,271,288,304,304,405,405,416,436,141,66,81,116,26,55,55,90,110,110],"floor_reached":29,"playtime":1016,"items_purged":[],"score":301,"play_id":"d8b7c683-6904-4868-970e-a53987bb7abe","local_time":"20190525143732","is_ascension_mode":false,"campfire_choices":[{"floor":6,"key":"REST"},{"floor":15,"key":"REST"}],"neow_cost":"NONE","seed_source_timestamp":414693240845600,"circlet_count":0,"master_deck":["Strike_R","Strike_R+1","Strike_R","Strike_R","Strike_R","Defend_R","Defend_R","Bash","Perfected Strike","Inflame","Disarm","Shockwave","Cleave","Disarm","Combust","Bloodletting","Shrug It Off","Reaper+1","Offering","Sword Boomerang+1","Bloodletting","Writhe","Juggernaut"],"relics":["Runic Cube","Mercury Hourglass","Self Forming Clay","Molten Egg 2","Cursed Key","Champion Belt","Singing Bowl","Girya","Anchor","StoneCalendar"],"potions_floor_usage":[8,10,10,11,13,16,19,27],"damage_taken":[{"damage":3,"enemies":"Small Slimes","floor":1,"turns":3},{"damage":6,"enemies":"Cultist","floor":2,"turns":3},{"damage":6,"enemies":"Jaw Worm","floor":3,"turns":3},{"damage":26,"enemies":"Exordium Thugs","floor":4,"turns":7},{"damage":10,"enemies":"Exordium Wildlife","floor":7,"turns":5},{"damage":18,"enemies":"Lagavulin","floor":8,"turns":7},{"damage":6,"enemies":"Large Slime","floor":10,"turns":4},{"damage":14,"enemies":"Gremlin Nob","floor":11,"turns":4},{"damage":5,"enemies":"Blue Slaver","floor":12,"turns":4},{"damage":1,"enemies":"Red Slaver","floor":13,"turns":3},{"damage":0,"enemies":"2 Fungi Beasts","floor":14,"turns":2},{"damage":10,"enemies":"Hexaghost","floor":16,"turns":10},{"damage":10,"enemies":"Chosen","floor":18,"turns":4},{"damage":7,"enemies":"3 Byrds","floor":19,"turns":3},{"damage":9,"enemies":"Snecko","floor":22,"turns":4},{"damage":26,"enemies":"Gremlin Leader","floor":23,"turns":4},{"damage":36,"enemies":"Slavers","floor":25,"turns":3},{"damage":17,"enemies":"Book of Stabbing","floor":27,"turns":5},{"damage":15,"enemies":"Sentry and Sphere","floor":28,"turns":4},{"damage":8,"enemies":"3 Cultists","floor":29,"turns":3}],"seed_played":"-1177498586628376967","potions_obtained":[{"floor":2,"key":"FearPotion"},{"floor":8,"key":"EntropicBrew"},{"floor":12,"key":"Block Potion"},{"floor":13,"key":"SpeedPotion"},{"floor":16,"key":"Poison Potion"},{"floor":25,"key":"Dexterity Potion"},{"floor":28,"key":"SteroidPotion"}],"is_trial":false,"path_per_floor":["M","M","M","M","?","R","M","E","T","M","E","M","M","M","R","B",null,"M","M","$","?","M","E","?","E","T","E","M","M"],"character_chosen":"IRONCLAD","items_purchased":["Champion Belt"],"campfire_rested":2,"item_purchase_floors":[20],"current_hp_per_floor":[77,71,65,39,39,63,53,35,35,29,15,10,9,9,33,30,80,70,73,73,73,71,45,45,26,26,19,6,0],"gold":110,"neow_bonus":"BOSS_RELIC","is_prod":false,"is_daily":false,"chose_seed":false,"campfire_upgraded":0,"win_rate":0,"timestamp":1558820252,"path_taken":["M","M","M","M","?","R","M","E","T","?","E","M","M","M","R","BOSS","M","M","$","?","M","E","?","E","T","E","M","M"],"build_version":"2019-01-23","purchased_purges":0,"victory":false,"max_hp_per_floor":[80,80,80,80,80,80,80,80,80,80,80,80,80,80,80,80,80,80,80,80,80,80,80,80,82,82,82,84,84],"card_choices":[{"not_picked":["Clothesline","Wild Strike"],"picked":"Perfected Strike","floor":1},{"not_picked":["Clash","Body Slam"],"picked":"Inflame","floor":2},{"not_picked":["Headbutt","Dropkick"],"picked":"Disarm","floor":3},{"not_picked":["True Grit","Seeing Red"],"picked":"Shockwave","floor":4},{"not_picked":["Iron Wave","True Grit"],"picked":"Disarm","floor":7},{"not_picked":["Warcry","Twin Strike","Flex"],"picked":"SKIP","floor":8},{"not_picked":["Corruption","Flex"],"picked":"Combust","floor":10},{"not_picked":["Heavy Blade","Sword Boomerang"],"picked":"Bloodletting","floor":11},{"not_picked":["Headbutt+1","Wild Strike+1"],"picked":"Shrug It Off","floor":12},{"not_picked":["Wild Strike+1","Anger+1","Flex"],"picked":"SKIP","floor":13},{"not_picked":["Havoc","Warcry"],"picked":"Reaper+1","floor":14},{"not_picked":["Fiend Fire+1","Double Tap"],"picked":"Offering","floor":16},{"not_picked":["Wild Strike+1","Anger+1"],"picked":"Sword Boomerang+1","floor":18},{"not_picked":["Sentinel","Cleave+1","Warcry+1"],"picked":"SKIP","floor":19},{"not_picked":["Reckless Charge+1","Sever Soul+1","Pummel+1"],"picked":"SKIP","floor":22},{"not_picked":["Cleave+1","Body Slam+1"],"picked":"Bloodletting","floor":23},{"not_picked":["Sword Boomerang+1","Headbutt+1","Clothesline+1"],"picked":"Singing Bowl","floor":25},{"not_picked":["Brutality","Seeing Red"],"picked":"Juggernaut","floor":27},{"not_picked":["Thunderclap+1","Pommel Strike+1","Reckless Charge+1"],"picked":"Singing Bowl","floor":28}],"player_experience":476141,"relics_obtained":[{"floor":8,"key":"Mercury Hourglass"},{"floor":9,"key":"Self Forming Clay"},{"floor":11,"key":"Molten Egg 2"},{"floor":23,"key":"Singing Bowl"},{"floor":25,"key":"Girya"},{"floor":26,"key":"Anchor"},{"floor":27,"key":"StoneCalendar"}],"event_choices":[{"damage_healed":0,"gold_gain":0,"player_choice":"1 cards matched","damage_taken":0,"max_hp_gain":0,"max_hp_loss":0,"event_name":"Match and Keep!","floor":5,"gold_loss":0,"cards_obtained":["Cleave"]},{"cards_removed":["Defend_R"],"damage_healed":0,"gold_gain":0,"player_choice":"Gave Gold","damage_taken":0,"max_hp_gain":0,"max_hp_loss":0,"event_name":"Beggar","floor":21,"gold_loss":75},{"cards_removed":["Defend_R"],"damage_healed":0,"gold_gain":0,"player_choice":"Upgrade and Remove","damage_taken":0,"max_hp_gain":0,"max_hp_loss":0,"event_name":"Designer","floor":24,"gold_loss":90,"cards_upgraded":["Strike_R"]}],"is_beta":false,"boss_relics":[{"not_picked":["Philosopher\u0027s Stone","White Beast Statue"],"picked":"Cursed Key"}],"items_purged_floors":[],"is_endless":false,"potions_floor_spawned":[2,8,12,13,16,25,28],"killed_by":"3 Cultists","ascension_level":0}