{"gold_per_floor":[112,126,126,143,155,187,187,202,254,287,306,321,3,13,13,118,118,131,131,144,144,144,171,191,290,290,290,290],"floor_reached":28,"playtime":4138,"items_purged":["Regret"],"score":252,"play_id":"cf9111e3-e8b3-49d1-85e6-25e53a1c2822","local_time":"20180718200947","is_ascension_mode":false,"campfire_choices":[{"floor":7,"key":"REST"},{"data":"Rupture","floor":15,"key":"SMITH"}],"neow_cost":"NONE","seed_source_timestamp":0,"circlet_count":0,"master_deck":["Strike_R","Strike_R","Strike_R","Strike_R","Strike_R","Defend_R","Defend_R+1","Defend_R","Defend_R","Bash","Carnage","Intimidate","Pummel","Clothesline","Metallicize","Rupture+1","Flame Barrier+1","Berserk","Reckless Charge","Hemokinesis","Rage","Offering","Anger","Demon Form","Hemokinesis","Reckless Charge","Hemokinesis","Shockwave+1","Twin Strike","Juggernaut","Battle Trance"],"special_seed":17730,"relics":["Burning Blood","Lantern","Omamori","Pantograph","Vajra","Blood Vial","OrangePellets","Orrery","Gambling Chip","War Paint","Gremlin Horn","Nilry\u0027s Codex"],"potions_floor_usage":[10,14,16,16,16,23,23,28],"damage_taken":[{"damage":0,"enemies":"Small Slimes","floor":1,"turns":3},{"damage":1,"enemies":"2 Louse","floor":2,"turns":2},{"damage":9,"enemies":"Jaw Worm","floor":4,"turns":4},{"damage":4,"enemies":"Blue Slaver","floor":5,"turns":3},{"damage":29,"enemies":"3 Sentries","floor":6,"turns":9},{"damage":10,"enemies":"Large Slime","floor":8,"turns":5},{"damage":14,"enemies":"Gremlin Nob","floor":10,"turns":5},{"damage":0,"enemies":"3 Louse","floor":11,"turns":3},{"damage":3,"enemies":"Looter","floor":12,"turns":4},{"damage":0,"enemies":"Large Slime","floor":14,"turns":3},{"damage":65,"enemies":"The Guardian","floor":16,"turns":10},{"damage":33,"enemies":"Shell Parasite","floor":18,"turns":4},{"damage":34,"enemies":"2 Thieves","floor":20,"turns":4},{"damage":33,"enemies":"Gremlin Leader","floor":23,"turns":5},{"damage":15,"enemies":"Snake Plant","floor":24,"turns":3},{"damage":7,"enemies":"3 Cultists","floor":28,"turns":2}],"seed_played":"-3893125077617489196","potions_obtained":[{"floor":1,"key":"Regen Potion"},{"floor":2,"key":"Block Potion"},{"floor":4,"key":"GamblersBrew"},{"floor":12,"key":"SkillPotion"},{"floor":14,"key":"LiquidBronze"},{"floor":16,"key":"Explosive Potion"},{"floor":18,"key":"Dexterity Potion"},{"floor":20,"key":"Regen Potion"}],"is_trial":false,"path_per_floor":["M","M","?","M","M","E","R","M","T","E","M","M","$","M","R","B",null,"M","?","M","?","T","E","M","?","T","?"],"character_chosen":"IRONCLAD","items_purchased":["OrangePellets","Hemokinesis"],"campfire_rested":1,"item_purchase_floors":[13,13],"current_hp_per_floor":[80,80,80,77,79,56,80,76,76,68,76,80,80,80,80,36,80,53,79,52,37,37,26,19,19,19,3,0],"gold":290,"neow_bonus":"RANDOM_COMMON_RELIC","is_prod":false,"is_daily":false,"chose_seed":false,"campfire_upgraded":1,"win_rate":0,"timestamp":1531958987,"path_taken":["M","M","?","M","M","E","R","M","T","E","M","M","$","M","R","BOSS","M","?","M","?","?","E","?","?","T","?","?"],"build_version":"2018-07-12","purchased_purges":1,"victory":false,"max_hp_per_floor":[80,80,80,80,80,80,80,80,80,80,80,80,80,80,80,80,80,80,80,80,85,85,85,85,85,85,85,85],"card_choices":[{"not_picked":["Entrench","Corruption"],"picked":"Carnage","floor":1},{"not_picked":["Sword Boomerang","Havoc"],"picked":"Intimidate","floor":2},{"not_picked":["Combust","Pommel Strike"],"picked":"Pummel","floor":4},{"not_picked":["Heavy Blade","Thunderclap"],"picked":"Clothesline","floor":5},{"not_picked":["Dropkick","Sentinel"],"picked":"Metallicize","floor":6},{"not_picked":["Inflame","Perfected Strike"],"picked":"Rupture","floor":8},{"not_picked":["Corruption","Whirlwind"],"picked":"Flame Barrier","floor":10},{"not_picked":["Flex","Headbutt"],"picked":"Berserk","floor":11},{"not_picked":["Cleave","Rampage"],"picked":"Reckless Charge","floor":12},{"not_picked":["Wild Strike","Iron Wave"],"picked":"Rage","floor":14},{"not_picked":["Barricade","Double Tap"],"picked":"Offering","floor":16},{"not_picked":["Evolve","Havoc"],"picked":"Anger","floor":17},{"not_picked":["Twin Strike","Thunderclap"],"picked":"Demon Form","floor":17},{"not_picked":["Anger","Burning Pact"],"picked":"Hemokinesis","floor":17},{"not_picked":["Thunderclap","Body Slam"],"picked":"Reckless Charge","floor":17},{"not_picked":["True Grit","Cleave"],"picked":"Hemokinesis","floor":17},{"not_picked":["Clothesline","True Grit"],"picked":"Shockwave+1","floor":18},{"not_picked":["Anger","Headbutt"],"picked":"Twin Strike","floor":20},{"not_picked":["Sword Boomerang+1","Corruption"],"picked":"Juggernaut","floor":23},{"not_picked":["Body Slam","Hemokinesis"],"picked":"Battle Trance","floor":24}],"player_experience":143309,"relics_obtained":[{"floor":6,"key":"Pantograph"},{"floor":9,"key":"Vajra"},{"floor":10,"key":"Blood Vial"},{"floor":22,"key":"Gambling Chip"},{"floor":23,"key":"War Paint"},{"floor":26,"key":"Gremlin Horn"},{"floor":27,"key":"Nilry\u0027s Codex"}],"event_choices":[{"event_name":"Big Fish","player_choice":"Box","floor":3,"damage_taken":0},{"event_name":"The Library","player_choice":"Heal","floor":19,"damage_taken":0},{"event_name":"Forgotten Altar","player_choice":"Shed Blood","floor":21,"damage_taken":0},{"event_name":"Nest","player_choice":"Stole From Cult","floor":25,"damage_taken":0},{"event_name":"Cursed Tome","player_choice":"Obtained Book","floor":27,"damage_taken":0}],"boss_relics":[{"not_picked":["Runic Dome","Tiny House"],"picked":"Orrery"}],"items_purged_floors":[13],"is_endless":false,"potions_floor_spawned":[1,2,4,8,12,14,16,18,20],"killed_by":"3 Cultists","ascension_level":0}