{"gold_per_floor":[11,11,11,28,28,28,28,98,123,142,142,183,196,196,196,196],"floor_reached":16,"playtime":2502,"items_purged":[],"score":119,"play_id":"890eacfa-ba02-49ea-980c-40bc83f9932b","local_time":"20181123085549","is_ascension_mode":true,"campfire_choices":[{"floor":6,"key":"REST"},{"floor":11,"key":"REST"},{"floor":15,"key":"REST"}],"neow_cost":"NO_GOLD","seed_source_timestamp":640296215718150,"circlet_count":0,"master_deck":["Defend_G","Defend_G","Defend_G+1","Defend_G+1","Defend_G","Strike_G","Strike_G","Strike_G","Strike_G+1","Survivor","Neutralize+1","Die Die Die","Dash","Dodge and Roll","Distraction","Terror"],"relics":["Ring of the Snake","War Paint","Golden Idol","Tiny Chest","Regal Pillow","Whetstone"],"potions_floor_usage":[12,12],"damage_taken":[{"damage":0,"enemies":"Jaw Worm","floor":1,"turns":5},{"damage":0,"enemies":"2 Louse","floor":4,"turns":1},{"damage":12,"enemies":"3 Sentries","floor":8,"turns":10},{"damage":0,"enemies":"Small Slimes","floor":10,"turns":3},{"damage":17,"enemies":"Lagavulin","floor":12,"turns":12},{"damage":0,"enemies":"Red Slaver","floor":13,"turns":3},{"damage":77,"enemies":"Hexaghost","floor":16,"turns":17}],"seed_played":"-6538494858980917379","potions_obtained":[{"floor":4,"key":"FearPotion"},{"floor":8,"key":"SteroidPotion"}],"is_trial":false,"path_per_floor":["M","?","?","M","?","R","?","E","T","M","R","E","M","$","R","B"],"character_chosen":"THE_SILENT","items_purchased":[],"campfire_rested":3,"item_purchase_floors":[],"current_hp_per_floor":[70,75,57,57,39,61,61,49,49,49,75,58,58,58,75,0],"gold":196,"neow_bonus":"THREE_RARE_CARDS","is_prod":false,"is_daily":false,"chose_seed":false,"campfire_upgraded":0,"win_rate":0,"timestamp":1542981349,"path_taken":["M","?","?","M","?","R","?","E","T","M","R","E","?","$","R","BOSS"],"build_version":"2018-11-15","purchased_purges":0,"victory":false,"max_hp_per_floor":[70,75,75,75,75,75,75,75,75,75,75,75,75,75,75,75],"card_choices":[{"not_picked":["Storm of Steel","Malaise"],"picked":"Die Die Die","floor":0},{"not_picked":["Prepared","Endless Agony"],"picked":"Dash","floor":1},{"not_picked":["PiercingWail","Flying Knee"],"picked":"Dodge and Roll","floor":4},{"not_picked":["Doppelganger","Wraith Form v2"],"picked":"Distraction","floor":8},{"not_picked":["PiercingWail","Choke","Dagger Throw"],"picked":"SKIP","floor":10},{"not_picked":["Dagger Spray","Underhanded Strike","Acrobatics"],"picked":"SKIP","floor":12},{"not_picked":["Eviscerate","Dagger Throw"],"picked":"Terror","floor":13}],"player_experience":296049,"relics_obtained":[{"floor":8,"key":"Tiny Chest"},{"floor":9,"key":"Regal Pillow"},{"floor":12,"key":"Whetstone"}],"event_choices":[{"damage_healed":0,"gold_gain":0,"player_choice":"Donut","damage_taken":0,"max_hp_gain":5,"max_hp_loss":0,"event_name":"Big Fish","floor":2,"gold_loss":0},{"damage_healed":0,"gold_gain":0,"player_choice":"Success","damage_taken":18,"relics_obtained":["War Paint"],"max_hp_gain":0,"max_hp_loss":0,"event_name":"Scrap Ooze","floor":3,"gold_loss":0},{"damage_healed":0,"gold_gain":0,"player_choice":"Take Damage","damage_taken":18,"relics_obtained":["Golden Idol"],"max_hp_gain":0,"max_hp_loss":0,"event_name":"Golden Idol","floor":5,"gold_loss":0},{"cards_removed":["Strike_G"],"damage_healed":0,"gold_gain":0,"player_choice":"Purged","damage_taken":0,"max_hp_gain":0,"max_hp_loss":0,"event_name":"Purifier","floor":7,"gold_loss":0}],"is_beta":false,"boss_relics":[],"items_purged_floors":[],"is_endless":false,"potions_floor_spawned":[4,8],"killed_by":"Hexaghost","ascension_level":2}