{"path_per_floor":["M","?","$","M","M","E","R","$","T","M","M","M","R","M","R"],"character_chosen":"IRONCLAD","items_purchased":["Blood Vial","Cleave","Carnage"],"gold_per_floor":[367,367,166,183,198,227,227,74,74,92,111,128,128,145,145,145],"floor_reached":16,"campfire_rested":1,"playtime":671,"item_purchase_floors":[3,3,8],"current_hp_per_floor":[46,39,39,47,53,23,47,47,47,41,36,38,38,39,39,0],"items_purged":["Strike_R"],"gold":145,"score":114,"play_id":"6c94bd2c-75e4-4a64-8cb6-bcf4a50ad0d4","local_time":"20180603202437","is_prod":false,"is_daily":false,"chose_seed":false,"is_ascension_mode":true,"campfire_upgraded":2,"win_rate":0,"timestamp":1528028677,"campfire_choices":[{"floor":7,"key":"REST"},{"data":"Rampage","floor":13,"key":"SMITH"},{"data":"True Grit","floor":15,"key":"SMITH"}],"path_taken":["M","?","$","M","M","E","R","$","T","M","M","M","R","M","R","BOSS"],"build_version":"2018-05-31","seed_source_timestamp":1322991904080123,"purchased_purges":1,"victory":false,"master_deck":["Strike_R","Strike_R","Strike_R","Defend_R","Defend_R","Defend_R","Defend_R","Bash","Iron Wave","Cleave","Pommel Strike","True Grit+1","Carnage","Rampage+1","True Grit"],"max_hp_per_floor":[80,80,80,80,80,80,80,80,80,80,80,80,80,80,80,80],"relics":["Burning Blood","Blood Vial","Champion Belt","Blue Candle"],"card_choices":[{"not_picked":["Havoc","Flex"],"picked":"Iron Wave","floor":1},{"not_picked":["Sword Boomerang","Havoc"],"picked":"Pommel Strike","floor":4},{"not_picked":["Heavy Blade","Sword Boomerang"],"picked":"True Grit","floor":5},{"not_picked":["Dual Wield","Combust","True Grit"],"picked":"SKIP","floor":6},{"not_picked":["Sever Soul","Clothesline","Dark Embrace"],"picked":"SKIP","floor":10},{"not_picked":["Corruption","Perfected Strike","Power Through"],"picked":"SKIP","floor":11},{"not_picked":["Sword Boomerang","Ghostly Armor"],"picked":"Rampage","floor":12},{"not_picked":["Twin Strike","Cleave"],"picked":"True Grit","floor":14}],"player_experience":68132,"potions_floor_usage":[],"damage_taken":[{"damage":0,"enemies":"2 Louse","floor":1,"turns":3},{"damage":0,"enemies":"Small Slimes","floor":4,"turns":3},{"damage":2,"enemies":"Jaw Worm","floor":5,"turns":5},{"damage":38,"enemies":"Lagavulin","floor":6,"turns":10},{"damage":14,"enemies":"Looter","floor":10,"turns":3},{"damage":13,"enemies":"Gremlin Gang","floor":11,"turns":4},{"damage":6,"enemies":"Exordium Wildlife","floor":12,"turns":3},{"damage":7,"enemies":"2 Fungi Beasts","floor":14,"turns":4},{"damage":45,"enemies":"Hexaghost","floor":16,"turns":11}],"relics_obtained":[{"floor":6,"key":"Champion Belt"},{"floor":9,"key":"Blue Candle"}],"event_choices":[{"event_name":"Golden Wing","player_choice":"Card Removal","floor":2,"damage_taken":0}],"boss_relics":[],"items_purged_floors":[8],"potions_floor_spawned":[1,5,6,14],"seed_played":"5147688376843893230","killed_by":"Hexaghost","ascension_level":2,"potions_obtained":[{"floor":1,"key":"PowerPotion"},{"floor":5,"key":"Strength Potion"},{"floor":6,"key":"GamblersBrew"},{"floor":14,"key":"Dexterity Potion"}],"is_trial":false}