{"gold_per_floor":[112,112,137,137,152,190,190,190,190,209,209,223,256,7,7,130,130,144,159,159,159,5,5,5,5,77,100,124,143,164,182,182,182],"floor_reached":33,"playtime":2338,"items_purged":[],"score":259,"play_id":"74a7f89f-f5b4-46d7-9aed-ffdc72400a3c","local_time":"20180703175934","is_ascension_mode":false,"campfire_choices":[{"floor":8,"key":"REST"},{"data":"Dualcast","floor":11,"key":"SMITH"},{"floor":15,"key":"REST"},{"floor":23,"key":"REST"},{"data":"Storm","floor":25,"key":"SMITH"},{"floor":32,"key":"REST"}],"neow_cost":"CURSE","seed_source_timestamp":110541291862728,"circlet_count":0,"master_deck":["Strike_B","Strike_B","Strike_B","Strike_B","Defend_B","Defend_B","Defend_B","Defend_B","Zap","Dualcast+1","Stack","Turbo","Conserve Battery","Ball Lightning","Doom and Gloom","Storm","Recycle","Auto Shields","Barrage","Reprogram","Double Energy","Self Repair","Panache","Storm+1","Biased Cognition","RitualDagger","Deep Breath","Conserve Battery","Heatsinks","Coolheaded","Storm","Stack"],"relics":["Cracked Core","Prayer Wheel","Golden Idol","Letter Opener","Strawberry","Kunai","Boot","Busted Crown","Molten Egg 2"],"potions_floor_usage":[16,16,16,16,16,28,29,30],"damage_taken":[{"damage":4,"enemies":"Jaw Worm","floor":1,"turns":4},{"damage":7,"enemies":"2 Louse","floor":3,"turns":3},{"damage":0,"enemies":"Small Slimes","floor":5,"turns":2},{"damage":19,"enemies":"Lagavulin","floor":6,"turns":5},{"damage":6,"enemies":"2 Fungi Beasts","floor":10,"turns":3},{"damage":0,"enemies":"Exordium Thugs","floor":12,"turns":3},{"damage":6,"enemies":"3 Sentries","floor":13,"turns":5},{"damage":40,"enemies":"Hexaghost","floor":16,"turns":8},{"damage":35,"enemies":"3 Byrds","floor":18,"turns":4},{"damage":21,"enemies":"Shell Parasite","floor":19,"turns":4},{"damage":10,"enemies":"Snecko","floor":27,"turns":3},{"damage":25,"enemies":"Snake Plant","floor":28,"turns":3},{"damage":15,"enemies":"Centurion and Healer","floor":29,"turns":4},{"damage":0,"enemies":"Cultist and Chosen","floor":30,"turns":5},{"damage":18,"enemies":"3 Cultists","floor":31,"turns":4},{"damage":46,"enemies":"Collector","floor":33,"turns":6}],"seed_played":"-2740336984539668869","potions_obtained":[{"floor":1,"key":"Explosive Potion"},{"floor":3,"key":"Strength Potion"},{"floor":5,"key":"EntropicBrew"},{"floor":12,"key":"GamblersBrew"},{"floor":27,"key":"Ancient Potion"},{"floor":28,"key":"Fruit Juice"},{"floor":29,"key":"Explosive Potion"}],"is_trial":false,"path_per_floor":["M","?","M","?","M","E","T","R","T","M","R","M","E","$","R","B",null,"M","M","?","?","$","R","$","R","T","M","M","M","M","M","R"],"character_chosen":"DEFECT","items_purchased":["Panache","Storm","Deep Breath","Conserve Battery"],"campfire_rested":4,"item_purchase_floors":[14,14,22,22],"current_hp_per_floor":[71,53,46,46,46,27,34,57,57,51,51,51,45,45,68,42,79,51,37,31,31,31,54,54,54,54,51,26,23,30,19,44,0],"gold":182,"neow_bonus":"ONE_RARE_RELIC","is_prod":false,"is_daily":false,"chose_seed":false,"campfire_upgraded":2,"win_rate":0,"timestamp":1530629974,"path_taken":["M","?","M","?","?","E","?","R","T","M","R","?","E","$","R","BOSS","M","M","?","?","?","R","$","R","T","M","M","M","M","?","R","BOSS"],"build_version":"2018-06-28","purchased_purges":0,"victory":false,"max_hp_per_floor":[75,75,75,72,72,72,79,79,79,79,79,79,79,79,79,79,79,79,79,79,79,79,79,79,79,79,79,79,84,84,84,84,84],"card_choices":[{"not_picked":["Streamline","Fusion"],"picked":"Stack","floor":1},{"not_picked":["Gash","Aggregate"],"picked":"Turbo","floor":1},{"not_picked":["Hello World","Coolheaded"],"picked":"Conserve Battery","floor":3},{"not_picked":["Reboot","Sweeping Beam"],"picked":"Ball Lightning","floor":3},{"not_picked":["Beam Cell","Compile Driver"],"picked":"Doom and Gloom","floor":5},{"not_picked":["Cold Snap","Darkness"],"picked":"Storm","floor":5},{"not_picked":["Gash","Undo"],"picked":"Recycle","floor":6},{"not_picked":["Compile Driver","Turbo"],"picked":"Auto Shields","floor":10},{"not_picked":["Turbo","Coolheaded"],"picked":"Barrage","floor":10},{"not_picked":["Go for the Eyes","Rip and Tear"],"picked":"Reprogram","floor":12},{"not_picked":["Streamline","Rebound"],"picked":"Double Energy","floor":12},{"not_picked":["Steam","Buffer"],"picked":"Self Repair","floor":13},{"not_picked":["Hyperbeam","Reboot"],"picked":"Biased Cognition","floor":16},{"not_picked":["Gash"],"picked":"SKIP","floor":18},{"not_picked":["Hologram"],"picked":"SKIP","floor":18},{"not_picked":["Melter"],"picked":"SKIP","floor":19},{"not_picked":["Barrage"],"picked":"SKIP","floor":19},{"not_picked":["Cold Snap+1"],"picked":"SKIP","floor":27},{"not_picked":["Steam"],"picked":"SKIP","floor":27},{"not_picked":[],"picked":"Heatsinks","floor":28},{"not_picked":["Leap"],"picked":"SKIP","floor":28},{"not_picked":[],"picked":"Coolheaded","floor":29},{"not_picked":["Glacier"],"picked":"SKIP","floor":29},{"not_picked":["Hologram"],"picked":"SKIP","floor":30},{"not_picked":["Barrage+1"],"picked":"SKIP","floor":30},{"not_picked":[],"picked":"Storm","floor":31},{"not_picked":[],"picked":"Stack","floor":31}],"player_experience":62131,"relics_obtained":[{"floor":6,"key":"Letter Opener"},{"floor":7,"key":"Strawberry"},{"floor":9,"key":"Kunai"},{"floor":13,"key":"Boot"},{"floor":26,"key":"Molten Egg 2"}],"event_choices":[{"event_name":"Golden Idol","player_choice":"Take Damage","floor":2,"damage_taken":0},{"event_name":"Purifier","player_choice":"One Purge","floor":4,"damage_taken":0},{"event_name":"Nest","player_choice":"Joined the Cult","floor":20,"damage_taken":0},{"event_name":"Ghosts","player_choice":"Ignored","floor":21,"damage_taken":0}],"boss_relics":[{"not_picked":["Cursed Key","Eternal Feather"],"picked":"Busted Crown"}],"items_purged_floors":[],"is_endless":false,"potions_floor_spawned":[1,3,5,12,27,28,29],"killed_by":"Collector","ascension_level":0}