{"gold_per_floor":[112,112,262,281,281,281,314,51,74,74,90,100,100,131,131,205,205,217,229,154,171,71,71,71,71,71,87,87,97,117,137,137,137],"floor_reached":33,"playtime":824,"items_purged":["Decay","Strike_R"],"score":536,"play_id":"bda60d63-c32a-4efa-9700-c33e3b5f9a52","local_time":"20190527125928","is_ascension_mode":true,"campfire_choices":[{"data":"Bash","floor":6,"key":"SMITH"},{"data":"Heavy Blade","floor":10,"key":"SMITH"},{"data":"Spot Weakness","floor":13,"key":"SMITH"},{"data":"Infernal Blade","floor":15,"key":"SMITH"},{"data":"Defend_R","floor":23,"key":"SMITH"},{"data":"Defend_R","floor":25,"key":"SMITH"},{"floor":32,"key":"REST"}],"neow_cost":"NONE","seed_source_timestamp":62200594386600,"circlet_count":0,"master_deck":["AscendersBane","Strike_R","Strike_R","Strike_R","Defend_R+1","Defend_R+1","Defend_R+1","Bash+1","Infernal Blade+1","Spot Weakness+1","Heavy Blade+1","Pummel+1","Reaper+1","Uppercut+1","Immolate+1","Bludgeon+1","Double Tap+1","Heavy Blade+1","Spot Weakness+1","Anger+1"],"relics":["Burning Blood","NeowsBlessing","Centennial Puzzle","Bronze Scales","Molten Egg 2","Happy Flower","Red Skull","Astrolabe","MutagenicStrength","Nunchaku"],"potions_floor_usage":[21,29,33,33],"damage_taken":[{"damage":0,"enemies":"2 Louse","floor":1,"turns":1},{"damage":0,"enemies":"Small Slimes","floor":4,"turns":2},{"damage":0,"enemies":"3 Sentries","floor":7,"turns":1},{"damage":10,"enemies":"Jaw Worm","floor":11,"turns":3},{"damage":6,"enemies":"Blue Slaver","floor":12,"turns":2},{"damage":40,"enemies":"Lagavulin","floor":14,"turns":4},{"damage":28,"enemies":"Slime Boss","floor":16,"turns":9},{"damage":14,"enemies":"Chosen","floor":18,"turns":3},{"damage":13,"enemies":"Spheric Guardian","floor":19,"turns":3},{"damage":31,"enemies":"Snake Plant","floor":21,"turns":3},{"damage":6,"enemies":"3 Cultists","floor":27,"turns":3},{"damage":14,"enemies":"Centurion and Healer","floor":29,"turns":2},{"damage":0,"enemies":"Snake Plant","floor":30,"turns":1},{"damage":10,"enemies":"Snecko","floor":31,"turns":3},{"damage":85,"enemies":"Collector","floor":33,"turns":5}],"seed_played":"4482808611164004550","potions_obtained":[{"floor":7,"key":"Weak Potion"},{"floor":11,"key":"SpeedPotion"},{"floor":18,"key":"Dexterity Potion"},{"floor":29,"key":"Fruit Juice"},{"floor":31,"key":"PowerPotion"}],"is_trial":false,"path_per_floor":["M","?","?","M","T","R","E","$","T","R","M","M","R","E","R","B",null,"M","M","$","M","$","R","?","R","T","M","?","M","M","M","R","B"],"character_chosen":"IRONCLAD","items_purchased":["Molten Egg 2"],"campfire_rested":1,"item_purchase_floors":[8],"current_hp_per_floor":[74,74,74,75,75,75,75,75,75,75,71,71,71,41,41,19,61,63,56,56,31,31,31,31,31,31,31,31,28,34,41,65,0],"gold":137,"neow_bonus":"THREE_ENEMY_KILL","is_prod":false,"is_daily":false,"chose_seed":false,"campfire_upgraded":6,"win_rate":0,"timestamp":1558987168,"path_taken":["M","?","?","M","?","R","E","?","T","R","M","?","R","E","R","BOSS","M","M","$","M","$","R","?","R","T","M","?","M","?","M","R","BOSS"],"build_version":"2019-01-23","purchased_purges":2,"victory":false,"max_hp_per_floor":[75,75,75,75,75,75,75,75,75,75,75,75,75,75,75,75,75,75,75,75,75,75,75,75,75,75,75,75,80,80,80,80,80],"card_choices":[{"not_picked":["Heavy Blade","Clash"],"picked":"Infernal Blade","floor":1},{"not_picked":["Havoc","Second Wind"],"picked":"Spot Weakness","floor":4},{"not_picked":["Headbutt","Clash"],"picked":"Heavy Blade","floor":7},{"not_picked":["Body Slam+1","Battle Trance"],"picked":"Pummel+1","floor":11},{"not_picked":["Sword Boomerang+1","Twin Strike+1"],"picked":"Reaper+1","floor":12},{"not_picked":["True Grit","Intimidate"],"picked":"Uppercut+1","floor":14},{"not_picked":["Barricade","Exhume"],"picked":"Immolate+1","floor":16},{"not_picked":["Perfected Strike+1","Flex"],"picked":"Heavy Blade+1","floor":18},{"not_picked":["Thunderclap+1","Warcry","Flex+1"],"picked":"SKIP","floor":19},{"not_picked":["Iron Wave+1","Flex","Uppercut+1"],"picked":"SKIP","floor":21},{"not_picked":["Dual Wield+1","Armaments"],"picked":"Spot Weakness+1","floor":27},{"not_picked":["Dual Wield","Warcry","Thunderclap+1"],"picked":"SKIP","floor":29},{"not_picked":["Sword Boomerang+1","Thunderclap+1","Havoc"],"picked":"SKIP","floor":30},{"not_picked":["Bloodletting","Pommel Strike+1"],"picked":"Anger+1","floor":31}],"player_experience":488061,"relics_obtained":[{"floor":5,"key":"Centennial Puzzle"},{"floor":7,"key":"Bronze Scales"},{"floor":9,"key":"Happy Flower"},{"floor":14,"key":"Red Skull"},{"floor":26,"key":"Nunchaku"}],"event_choices":[{"damage_healed":0,"gold_gain":0,"player_choice":"Leave","damage_taken":0,"max_hp_gain":0,"max_hp_loss":0,"event_name":"The Cleric","floor":2,"gold_loss":0},{"damage_healed":0,"gold_gain":150,"player_choice":"AGREE","damage_taken":0,"max_hp_gain":0,"max_hp_loss":0,"event_name":"Liars Game","floor":3,"gold_loss":0,"cards_obtained":["Doubt"]},{"damage_healed":0,"gold_gain":0,"player_choice":"Inject Mutagens","damage_taken":0,"relics_obtained":["MutagenicStrength"],"max_hp_gain":0,"max_hp_loss":0,"event_name":"Drug Dealer","floor":24,"gold_loss":0},{"damage_healed":0,"gold_gain":0,"player_choice":"Forge","damage_taken":0,"max_hp_gain":0,"max_hp_loss":0,"event_name":"Accursed Blacksmith","floor":28,"gold_loss":0,"cards_upgraded":["Defend_R"]}],"is_beta":false,"boss_relics":[{"not_picked":["Runic Dome","Busted Crown"],"picked":"Astrolabe"}],"items_purged_floors":[20,22],"is_endless":false,"potions_floor_spawned":[7,11,18,29,31],"killed_by":"Collector","ascension_level":18}