{"gold_per_floor":[119,138,155,167,167,167,183,60,60,85,10,30,46,66,66,168,168,93,93,93,107,124,154,154,182,182,182,196,196,142,161,161,266,266,280,280,290,290,290,290,216,216,269,288,334,353,353,363,363,363],"floor_reached":50,"playtime":8499,"items_purged":["Strike_G"],"score":789,"play_id":"e0902c3c-84ad-4ea0-8970-de1c84acef55","local_time":"20190606083819","is_ascension_mode":true,"campfire_choices":[{"floor":6,"key":"REST"},{"floor":15,"key":"REST"},{"floor":24,"key":"REST"},{"floor":27,"key":"REST"},{"data":"Catalyst","floor":29,"key":"SMITH"},{"floor":32,"key":"REST"},{"data":"Wraith Form v2","floor":40,"key":"SMITH"},{"data":"Secret Technique","floor":42,"key":"SMITH"},{"data":"Blur","floor":47,"key":"SMITH"},{"data":"Leg Sweep","floor":49,"key":"SMITH"}],"neow_cost":"TEN_PERCENT_HP_LOSS","seed_source_timestamp":854451900686300,"circlet_count":0,"master_deck":["AscendersBane","Defend_G+1","Defend_G+1","Defend_G+1","Defend_G+1","Strike_G+1","Strike_G+1","Strike_G+1","Survivor","Neutralize","Bouncing Flask","Deadly Poison","Blur","Deflect","Bane","Swift Strike","All Out Attack","Noxious Fumes","Dodge and Roll","Blur+1","Catalyst+1","Sucker Punch","Corpse Explosion","Backflip","Deadly Poison","Leg Sweep+1","Setup+1","Backflip","Wraith Form v2+1","Escape Plan+1","Secret Technique+1","Noxious Fumes","PiercingWail+1","Escape Plan","Leg Sweep"],"relics":["Ring of the Snake","Blue Candle","Shovel","Eternal Feather","Dodecahedron","Shuriken","Oddly Smooth Stone","Velvet Choker","Pen Nib","Pocketwatch"],"potions_floor_usage":[10,16,16,22,33,33,45,45,50],"damage_taken":[{"damage":6,"enemies":"Cultist","floor":1,"turns":6},{"damage":4,"enemies":"Jaw Worm","floor":2,"turns":3},{"damage":5,"enemies":"2 Louse","floor":3,"turns":4},{"damage":28,"enemies":"Large Slime","floor":4,"turns":12},{"damage":1,"enemies":"3 Louse","floor":7,"turns":5},{"damage":15,"enemies":"Gremlin Nob","floor":10,"turns":4},{"damage":6,"enemies":"Looter","floor":12,"turns":3},{"damage":5,"enemies":"Large Slime","floor":13,"turns":6},{"damage":2,"enemies":"Exordium Wildlife","floor":14,"turns":4},{"damage":12,"enemies":"Slime Boss","floor":16,"turns":10},{"damage":17,"enemies":"2 Thieves","floor":18,"turns":5},{"damage":8,"enemies":"Spheric Guardian","floor":21,"turns":5},{"damage":24,"enemies":"Centurion and Healer","floor":22,"turns":6},{"damage":42,"enemies":"Slavers","floor":23,"turns":3},{"damage":38,"enemies":"Gremlin Leader","floor":25,"turns":7},{"damage":20,"enemies":"Chosen and Byrds","floor":28,"turns":9},{"damage":30,"enemies":"Snake Plant","floor":31,"turns":6},{"damage":29,"enemies":"Champ","floor":33,"turns":14},{"damage":20,"enemies":"3 Darklings","floor":35,"turns":4},{"damage":4,"enemies":"Orb Walker","floor":37,"turns":3},{"damage":1,"enemies":"Sphere and 2 Shapes","floor":44,"turns":7},{"damage":39,"enemies":"2 Orb Walkers","floor":45,"turns":4},{"damage":0,"enemies":"3 Darklings","floor":46,"turns":4},{"damage":12,"enemies":"Writhing Mass","floor":48,"turns":6},{"damage":52,"enemies":"Awakened One","floor":50,"turns":15}],"seed_played":"8233732834151448068","potions_obtained":[{"floor":3,"key":"FairyPotion"},{"floor":4,"key":"Ancient Potion"},{"floor":13,"key":"Weak Potion"},{"floor":16,"key":"Fruit Juice"},{"floor":21,"key":"Regen Potion"},{"floor":22,"key":"FairyPotion"},{"floor":25,"key":"GhostInAJar"},{"floor":31,"key":"SteroidPotion"},{"floor":35,"key":"Energy Potion"},{"floor":37,"key":"GamblersBrew"},{"floor":44,"key":"Poison Potion"}],"is_trial":false,"path_per_floor":["M","M","M","M","?","R","M","$","T","E","$","M","M","M","R","B",null,"M","?","?","M","M","E","R","E","T","R","M","R","$","M","R","B",null,"M","?","M","?","?","R","$","R","T","M","?","M","R","M","R","B"],"character_chosen":"THE_SILENT","items_purchased":["Noxious Fumes","Dodge and Roll","Backflip","Noxious Fumes"],"campfire_rested":5,"item_purchase_floors":[8,8,30,41],"current_hp_per_floor":[57,53,48,20,20,38,37,37,37,22,22,16,11,9,27,20,56,39,39,39,31,22,6,41,3,3,38,18,33,33,3,38,9,53,33,33,29,29,29,47,47,65,65,64,25,25,43,31,52,0],"gold":363,"neow_bonus":"REMOVE_TWO","is_prod":false,"is_daily":false,"chose_seed":false,"campfire_upgraded":5,"win_rate":0,"timestamp":1559835499,"path_taken":["M","M","M","?","?","R","M","?","T","E","$","M","?","M","R","BOSS","M","?","?","M","M","E","R","E","T","R","M","R","$","M","R","BOSS","M","?","M","?","?","R","$","R","T","M","?","M","R","M","R","BOSS"],"build_version":"2019-01-23","purchased_purges":1,"victory":false,"max_hp_per_floor":[63,63,63,63,63,63,63,63,63,63,63,63,63,63,63,68,68,68,68,68,68,68,68,68,68,68,68,68,68,68,68,68,68,68,68,65,65,65,65,65,65,65,65,65,65,65,65,65,65,65],"card_choices":[{"not_picked":["Cloak And Dagger","Well Laid Plans"],"picked":"Bouncing Flask","floor":1},{"not_picked":["Slice","Blade Dance"],"picked":"Deadly Poison","floor":2},{"not_picked":["Dodge and Roll","Acrobatics"],"picked":"Blur","floor":3},{"not_picked":["Reflex","Setup"],"picked":"Deflect","floor":4},{"not_picked":["Distraction","Dagger Throw"],"picked":"All Out Attack","floor":7},{"not_picked":["Deadly Poison","Outmaneuver"],"picked":"Blur","floor":10},{"not_picked":["Slice","Outmaneuver","Cloak And Dagger"],"picked":"SKIP","floor":12},{"not_picked":["Sucker Punch","Bane"],"picked":"Catalyst","floor":13},{"not_picked":["Prepared","Skewer"],"picked":"Sucker Punch","floor":14},{"not_picked":["Glass Knife","Night Terror"],"picked":"Corpse Explosion","floor":16},{"not_picked":["Cloak And Dagger+1","Dagger Spray"],"picked":"Backflip","floor":18},{"not_picked":["Poisoned Stab","Flying Knee+1"],"picked":"Deadly Poison","floor":21},{"not_picked":["Tactician","Reflex"],"picked":"Leg Sweep","floor":22},{"not_picked":["Dagger Throw","Choke"],"picked":"Setup+1","floor":23},{"not_picked":["Tools of the Trade","Concentrate","Bouncing Flask"],"picked":"SKIP","floor":25},{"not_picked":["Predator","Underhanded Strike","Riddle With Holes"],"picked":"SKIP","floor":28},{"not_picked":["Slice","Blade Dance","Poisoned Stab"],"picked":"SKIP","floor":31},{"not_picked":["Night Terror","Burst"],"picked":"Wraith Form v2","floor":33},{"not_picked":["Deadly Poison","Bane+1","Blade Dance+1"],"picked":"SKIP","floor":35},{"not_picked":["Tactician","Backflip+1"],"picked":"Escape Plan+1","floor":37},{"not_picked":["Dramatic Entrance","Panache"],"picked":"Secret Technique","floor":38},{"not_picked":["Skewer+1","Dagger Throw"],"picked":"PiercingWail+1","floor":44},{"not_picked":["Outmaneuver","Quick Slash+1"],"picked":"Escape Plan","floor":45},{"not_picked":["Deadly Poison","Slice+1","Dagger Spray+1"],"picked":"SKIP","floor":46},{"not_picked":["Backflip","Sucker Punch+1"],"picked":"Leg Sweep","floor":48}],"player_experience":509401,"relics_obtained":[{"floor":9,"key":"Blue Candle"},{"floor":10,"key":"Shovel"},{"floor":23,"key":"Dodecahedron"},{"floor":25,"key":"Shuriken"},{"floor":26,"key":"Oddly Smooth Stone"},{"floor":43,"key":"Pen Nib"},{"floor":45,"key":"Pocketwatch"}],"event_choices":[{"damage_healed":0,"gold_gain":0,"player_choice":"2 cards matched","damage_taken":0,"max_hp_gain":0,"max_hp_loss":0,"event_name":"Match and Keep!","floor":5,"gold_loss":0,"cards_obtained":["Bane","Swift Strike"]},{"damage_healed":0,"gold_gain":0,"player_choice":"Ignored","damage_taken":0,"max_hp_gain":0,"max_hp_loss":0,"event_name":"The Mausoleum","floor":19,"gold_loss":0},{"damage_healed":0,"gold_gain":0,"player_choice":"Simplicity","damage_taken":0,"max_hp_gain":0,"max_hp_loss":0,"event_name":"Back to Basics","floor":20,"gold_loss":0,"cards_upgraded":["Defend_G","Defend_G","Defend_G","Defend_G","Strike_G","Strike_G","Strike_G"]},{"damage_healed":0,"gold_gain":0,"player_choice":"Max HP","damage_taken":0,"max_hp_gain":0,"max_hp_loss":3,"event_name":"Winding Halls","floor":36,"gold_loss":0},{"damage_healed":0,"gold_gain":0,"player_choice":"Memory 1","damage_taken":0,"max_hp_gain":0,"max_hp_loss":0,"event_name":"SensoryStone","floor":38,"gold_loss":0},{"damage_healed":0,"gold_gain":0,"player_choice":"Ignored","damage_taken":0,"max_hp_gain":0,"max_hp_loss":0,"event_name":"Tomb of Lord Red Mask","floor":39,"gold_loss":0},{"damage_healed":0,"gold_gain":0,"player_choice":"Fight","damage_taken":0,"max_hp_gain":0,"max_hp_loss":0,"event_name":"Mysterious Sphere","floor":45,"gold_loss":0}],"is_beta":false,"boss_relics":[{"not_picked":["Philosopher\u0027s Stone","Black Star"],"picked":"Eternal Feather"},{"not_picked":["Calling Bell","White Beast Statue"],"picked":"Velvet Choker"}],"items_purged_floors":[11],"is_endless":false,"potions_floor_spawned":[3,4,13,16,21,22,25,31,35,37,44],"killed_by":"Awakened One","ascension_level":10}