{"gold_per_floor":[114,126,139,139,158,184,184,211,211,245,262,187,198,225,225,299,299,312,312,322,219,236,236,151,151,151,151,22,33,67,85,85,85],"floor_reached":33,"playtime":1521,"items_purged":[],"score":744,"play_id":"453b7f27-d488-4adb-a0fd-6d5f34047a7a","local_time":"20180814223843","is_ascension_mode":true,"campfire_choices":[{"data":"Zap","floor":7.0,"key":"SMITH"},{"data":"Defragment","floor":15.0,"key":"SMITH"},{"data":"Storm","floor":23.0,"key":"SMITH"},{"data":"Turbo","floor":25.0,"key":"SMITH"},{"floor":32.0,"key":"REST"}],"neow_cost":"PERCENT_DAMAGE","seed_source_timestamp":67613058179238,"circlet_count":0,"master_deck":["Defend_B","Defend_B","Defend_B","Defend_B","Zap+1","Dualcast","AscendersBane","Biased Cognition","Rainbow","Compile Driver","Reinforced Body","Cold Snap","Turbo+1","Auto Shields","Cold Snap","Conserve Battery","Defragment+1","Cold Snap","Core Surge","Self Repair","Glacier","Storm+1","Capacitor","Defragment","Self Repair","Compile Driver","Redo","Multi-Cast"],"special_seed":0,"relics":["Cracked Core","Bottled Lightning","Bottled Flame","Bottled Tornado","Question Card","Symbiotic Virus","Sozu","Matryoshka","Bronze Scales","Kunai","Dream Catcher"],"potions_floor_usage":[],"damage_taken":[{"damage":5.0,"enemies":"Jaw Worm","floor":1.0,"turns":5.0},{"damage":0.0,"enemies":"Small Slimes","floor":2.0,"turns":3.0},{"damage":0.0,"enemies":"Cultist","floor":3.0,"turns":3.0},{"damage":3.0,"enemies":"2 Fungi Beasts","floor":5.0,"turns":4.0},{"damage":2.0,"enemies":"Lagavulin","floor":6.0,"turns":5.0},{"damage":3.0,"enemies":"3 Sentries","floor":8.0,"turns":4.0},{"damage":10.0,"enemies":"Gremlin Nob","floor":10.0,"turns":4.0},{"damage":0.0,"enemies":"Large Slime","floor":11.0,"turns":5.0},{"damage":0.0,"enemies":"3 Louse","floor":13.0,"turns":2.0},{"damage":13.0,"enemies":"3 Sentries","floor":14.0,"turns":10.0},{"damage":0.0,"enemies":"Slime Boss","floor":16.0,"turns":9.0},{"damage":6.0,"enemies":"3 Byrds","floor":18.0,"turns":5.0},{"damage":0.0,"enemies":"Chosen","floor":20.0,"turns":5.0},{"damage":32.0,"enemies":"Snake Plant","floor":22.0,"turns":3.0},{"damage":22.0,"enemies":"Snecko","floor":29.0,"turns":3.0},{"damage":0.0,"enemies":"Slavers","floor":30.0,"turns":1.0},{"damage":14.0,"enemies":"Centurion and Healer","floor":31.0,"turns":7.0},{"damage":45,"enemies":"Collector","floor":33,"turns":6}],"seed_played":"-3263043212580030923","potions_obtained":[{"floor":1.0,"key":"Explosive Potion"},{"floor":8.0,"key":"SteroidPotion"},{"floor":13.0,"key":"PowerPotion"},{"floor":14.0,"key":"PowerPotion"}],"is_trial":false,"path_per_floor":["M","M","M","?","M","E","R","E","T","E","M","?","M","E","R","B",null,"M","?","M","$","M","R","?","R","T","?","$","M","E","M","R"],"character_chosen":"DEFECT","items_purchased":["Storm","Self Repair","Compile Driver"],"campfire_rested":1,"item_purchase_floors":[21,28,28],"current_hp_per_floor":[41,41,41,41,38,36,36,33,33,23,23,23,23,10,10,10,56,50,50,57,57,32,32,32,32,32,32,32,17,24,24,45,0],"gold":85,"neow_bonus":"TRANSFORM_TWO_CARDS","is_prod":false,"is_daily":false,"chose_seed":false,"campfire_upgraded":4,"win_rate":0,"timestamp":1534279123,"path_taken":["M","M","M","?","M","E","R","E","T","E","?","?","?","E","R","BOSS","M","?","M","$","M","R","?","R","T","?","$","M","E","M","R","BOSS"],"build_version":"2018-08-13v2","purchased_purges":0,"victory":false,"max_hp_per_floor":[71,71,71,71,71,71,71,71,71,71,71,71,71,71,71,71,71,71,71,71,71,71,71,71,71,71,71,71,71,71,71,71,71],"card_choices":[{"not_picked":["White Noise","Streamline"],"picked":"Compile Driver","floor":1.0},{"not_picked":["Sweeping Beam","Melter"],"picked":"Reinforced Body","floor":2.0},{"not_picked":["Melter","Sweeping Beam","Streamline"],"picked":"SKIP","floor":3.0},{"not_picked":["Auto Shields","Go for the Eyes"],"picked":"Cold Snap","floor":5.0},{"not_picked":["Gash","Melter"],"picked":"Turbo","floor":6.0},{"not_picked":["Lockon","Aggregate"],"picked":"Auto Shields","floor":8.0},{"not_picked":["Compile Driver","Amplify"],"picked":"Cold Snap","floor":10.0},{"not_picked":["Sweeping Beam","Beam Cell","Rip and Tear"],"picked":"Conserve Battery","floor":11.0},{"not_picked":["Turbo","Gash","Compile Driver"],"picked":"Defragment","floor":13.0},{"not_picked":["Streamline","Aggregate","Sweeping Beam"],"picked":"Cold Snap","floor":14.0},{"not_picked":["Thunder Strike","Reboot","All For One"],"picked":"Core Surge","floor":16.0},{"not_picked":["Stack","Go for the Eyes","Leap"],"picked":"Self Repair","floor":18.0},{"not_picked":["Self Repair","Steam Power","Compile Driver"],"picked":"Glacier","floor":20.0},{"not_picked":["Cold Snap","Go for the Eyes","Gash"],"picked":"Capacitor","floor":22.0},{"not_picked":["Sweeping Beam","Leap","Loop"],"picked":"Redo","floor":29.0},{"not_picked":["Rebound","Ball Lightning","Sweeping Beam","Reinforced Body"],"picked":"SKIP","floor":30.0},{"not_picked":["Coolheaded","Heatsinks","Stack"],"picked":"Multi-Cast","floor":31.0}],"player_experience":880224,"relics_obtained":[{"floor":6.0,"key":"Bottled Lightning"},{"floor":8.0,"key":"Bottled Flame"},{"floor":9.0,"key":"Bottled Tornado"},{"floor":10.0,"key":"Question Card"},{"floor":14.0,"key":"Symbiotic Virus"},{"floor":26.0,"key":"Bronze Scales"},{"floor":26.0,"key":"Kunai"},{"floor":30.0,"key":"Dream Catcher"}],"event_choices":[{"event_name":"Living Wall","player_choice":"Forget","floor":4.0,"damage_taken":0.0},{"event_name":"The Cleric","player_choice":"Card Removal","floor":12.0,"damage_taken":0.0},{"event_name":"Vampires","player_choice":"Ignored","floor":19.0,"damage_taken":0.0},{"event_name":"Addict","player_choice":"Obtained Relic","floor":24.0,"damage_taken":0.0},{"event_name":"The Library","player_choice":"Read","floor":27.0,"damage_taken":0.0}],"is_beta":true,"boss_relics":[{"not_picked":["Coffee Dripper","Orrery"],"picked":"Sozu"}],"items_purged_floors":[],"is_endless":false,"potions_floor_spawned":[1,8,13,14,29,30],"killed_by":"Collector","ascension_level":20}