{"gold_per_floor":[109,59,59,70,50,77,77,95,95,95,25,40,40,59,59,136,136,109,109,41,41,52,52],"floor_reached":23,"playtime":1806,"items_purged":[],"score":312,"play_id":"bff0ca0f-8024-4715-a161-1318e2cd0939","local_time":"20190210095509","is_ascension_mode":true,"campfire_choices":[{"floor":7.0,"key":"REST"},{"data":"Zap","floor":10.0,"key":"SMITH"},{"data":"Dualcast","floor":15.0,"key":"SMITH"}],"neow_cost":"NONE","seed_source_timestamp":4360676171500,"circlet_count":0,"master_deck":["AscendersBane","Strike_B+1","Strike_B+1","Strike_B+1","Defend_B+1","Defend_B+1","Defend_B+1","Defend_B+1","Zap+1","Dualcast+1","Capacitor","Self Repair","Genetic Algorithm","Conserve Battery","Loop","Coolheaded","Echo Form","Capacitor","FTL","Sunder"],"special_seed":0,"relics":["Cracked Core","Centennial Puzzle","Ice Cream","Girya","Velvet Choker"],"potions_floor_usage":[23,23,23,23],"damage_taken":[{"damage":9.0,"enemies":"Jaw Worm","floor":1.0,"turns":5.0},{"damage":2.0,"enemies":"2 Louse","floor":4.0,"turns":5.0},{"damage":32.0,"enemies":"Gremlin Nob","floor":6.0,"turns":5.0},{"damage":12.0,"enemies":"Small Slimes","floor":8.0,"turns":4.0},{"damage":2.0,"enemies":"Exordium Thugs","floor":12.0,"turns":5.0},{"damage":4.0,"enemies":"Looter","floor":14.0,"turns":4.0},{"damage":45.0,"enemies":"The Guardian","floor":16.0,"turns":18.0},{"damage":31.0,"enemies":"2 Thieves","floor":18.0,"turns":5.0},{"damage":18,"enemies":"3 Byrds","floor":22,"turns":7},{"damage":43,"enemies":"Slavers","floor":23,"turns":5}],"seed_played":"-7246564705216953969","potions_obtained":[{"floor":1.0,"key":"Poison Potion"},{"floor":5.0,"key":"EssenceOfSteel"},{"floor":12.0,"key":"Explosive Potion"},{"floor":13.0,"key":"EntropicBrew"}],"is_trial":false,"path_per_floor":["M","?","?","M","?","E","R","M","T","R","$","M","?","M","R","B",null,"M","?","$","?","M","E"],"character_chosen":"DEFECT","items_purchased":["Loop","FTL"],"campfire_rested":1,"item_purchase_floors":[11,20],"current_hp_per_floor":[59,59,64,62,62,37,61,56,56,56,56,61,61,64,64,26,67,43,43,43,43,32,0],"gold":52,"neow_bonus":"RANDOM_COMMON_RELIC","is_prod":false,"is_daily":false,"chose_seed":false,"campfire_upgraded":2,"win_rate":0,"timestamp":1549810509,"path_taken":["M","?","?","M","?","E","R","?","T","R","?","M","?","?","R","BOSS","M","?","$","?","M","E"],"build_version":"2019-01-23","purchased_purges":0,"victory":false,"max_hp_per_floor":[75,75,80,80,80,80,80,80,80,80,80,80,80,80,80,80,80,80,80,80,80,80,80],"card_choices":[{"not_picked":["Sunder","Compile Driver"],"picked":"Capacitor","floor":1.0},{"not_picked":["Genetic Algorithm","Reprogram"],"picked":"Self Repair","floor":4.0},{"not_picked":["Scrape","Hologram"],"picked":"Genetic Algorithm","floor":6.0},{"not_picked":["Barrage","Storm"],"picked":"Conserve Battery","floor":8.0},{"not_picked":["Steam","Hologram"],"picked":"Coolheaded","floor":12.0},{"not_picked":["Streamline","Sweeping Beam","Gash"],"picked":"SKIP","floor":14.0},{"not_picked":["Rainbow","Reboot"],"picked":"Echo Form","floor":16.0},{"not_picked":["Rebound","Ball Lightning+1"],"picked":"Capacitor","floor":18.0},{"not_picked":["Sweeping Beam","Beam Cell"],"picked":"Sunder","floor":22}],"player_experience":863237,"relics_obtained":[{"floor":6.0,"key":"Ice Cream"},{"floor":9.0,"key":"Girya"}],"event_choices":[{"cards_removed":["Strike_B"],"damage_healed":0.0,"max_hp_gain":0.0,"max_hp_loss":0.0,"gold_gain":0.0,"event_name":"The Cleric","player_choice":"Card Removal","floor":2.0,"gold_loss":50.0,"damage_taken":0.0},{"damage_healed":0.0,"max_hp_gain":5.0,"max_hp_loss":0.0,"gold_gain":0.0,"event_name":"Big Fish","player_choice":"Donut","floor":3.0,"gold_loss":0.0,"damage_taken":0.0},{"damage_healed":0.0,"max_hp_gain":0.0,"max_hp_loss":0.0,"gold_gain":0.0,"event_name":"The Woman in Blue","player_choice":"Bought 1 Potion","floor":5.0,"gold_loss":0.0,"damage_taken":0.0},{"damage_healed":0.0,"max_hp_gain":0.0,"max_hp_loss":0.0,"gold_gain":0.0,"event_name":"Lab","player_choice":"Got Potions","floor":13.0,"gold_loss":0.0,"damage_taken":0.0},{"damage_healed":0.0,"max_hp_gain":0.0,"max_hp_loss":0.0,"gold_gain":0.0,"event_name":"Vampires","player_choice":"Ignored","floor":19.0,"gold_loss":0.0,"damage_taken":0.0},{"damage_healed":0,"gold_gain":0,"player_choice":"Simplicity","damage_taken":0,"max_hp_gain":0,"max_hp_loss":0,"event_name":"Back to Basics","floor":21,"gold_loss":0,"cards_upgraded":["Strike_B","Strike_B","Strike_B","Defend_B","Defend_B","Defend_B","Defend_B"]}],"is_beta":false,"boss_relics":[{"not_picked":["Eternal Feather","Cursed Key"],"picked":"Velvet Choker"}],"items_purged_floors":[],"is_endless":false,"potions_floor_spawned":[1,12],"killed_by":"Slavers","ascension_level":13}