{"gold_per_floor":[366,366,21,0,20,20,47,47,47,79,98,125,136,155,155,254,254,272,272,284,132,132,163,163,163],"floor_reached":25,"playtime":1457,"items_purged":["Strike_R","Whirlwind"],"score":251,"play_id":"4b6df07f-fa77-4f23-a768-0831a57843fe","local_time":"20190612010433","is_ascension_mode":true,"campfire_choices":[{"data":"True Grit","floor":6,"key":"SMITH"},{"data":"Whirlwind","floor":8,"key":"SMITH"},{"data":"Double Tap","floor":15,"key":"SMITH"},{"data":"Reaper","floor":24,"key":"SMITH"}],"neow_cost":"TEN_PERCENT_HP_LOSS","seed_source_timestamp":2410611044291465,"circlet_count":0,"master_deck":["Bash","Whirlwind+1","Heavy Blade","Spot Weakness","Shrug It Off","True Grit+1","Double Tap+1","Shrug It Off","Reaper+1","Brutality","Combust","Thunderclap","Battle Trance","Perfected Strike","Cleave","Dual Wield","Iron Wave","Impervious"],"relics":["Burning Blood","Omamori","Tiny Chest","Meat on the Bone","Singing Bowl","Happy Flower","Centennial Puzzle","Pandora\u0027s Box","GremlinMask","Boot","Self Forming Clay"],"potions_floor_usage":[10,23],"damage_taken":[{"damage":3,"enemies":"Jaw Worm","floor":1,"turns":4},{"damage":10,"enemies":"Small Slimes","floor":5,"turns":3},{"damage":18,"enemies":"3 Sentries","floor":7,"turns":7},{"damage":25,"enemies":"Gremlin Nob","floor":10,"turns":4},{"damage":1,"enemies":"Cultist","floor":11,"turns":3},{"damage":18,"enemies":"3 Sentries","floor":12,"turns":5},{"damage":1,"enemies":"3 Louse","floor":13,"turns":2},{"damage":3,"enemies":"Gremlin Gang","floor":14,"turns":3},{"damage":3,"enemies":"Slime Boss","floor":16,"turns":6},{"damage":32,"enemies":"Spheric Guardian","floor":18,"turns":6},{"damage":23,"enemies":"Chosen","floor":20,"turns":6},{"damage":70,"enemies":"Book of Stabbing","floor":23,"turns":5},{"damage":47,"enemies":"Gremlin Leader","floor":25,"turns":6}],"seed_played":"1709465358786132967","potions_obtained":[{"floor":7,"key":"Regen Potion"},{"floor":10,"key":"BloodPotion"},{"floor":11,"key":"Weak Potion"},{"floor":14,"key":"Dexterity Potion"},{"floor":20,"key":"Explosive Potion"}],"is_trial":false,"path_per_floor":["M","?","$","?","M","R","E","R","T","E","M","E","M","M","R","B",null,"M","?","M","$","?","E","R","E"],"character_chosen":"IRONCLAD","items_purchased":["Heavy Blade","Spot Weakness","Shrug It Off","Tiny Chest","Iron Wave"],"campfire_rested":0,"item_purchase_floors":[3,3,3,3,21],"current_hp_per_floor":[72,39,39,39,35,35,23,23,23,28,45,47,54,59,59,62,78,54,54,57,57,57,23,23,0],"gold":163,"neow_bonus":"TWO_FIFTY_GOLD","is_prod":false,"is_daily":false,"chose_seed":false,"campfire_upgraded":4,"win_rate":0,"timestamp":1560272673,"path_taken":["M","?","$","?","?","R","E","R","T","E","M","E","M","M","R","BOSS","M","?","?","$","?","E","R","E"],"build_version":"2019-01-23","purchased_purges":2,"victory":false,"max_hp_per_floor":[72,72,72,72,72,72,72,72,72,72,72,74,76,78,78,78,78,80,80,82,82,82,82,82,82],"card_choices":[{"not_picked":["True Grit","Perfected Strike"],"picked":"Whirlwind","floor":1},{"not_picked":["Shrug It Off","Headbutt"],"picked":"True Grit","floor":5},{"not_picked":["Power Through","Havoc","Clothesline"],"picked":"SKIP","floor":7},{"not_picked":["Flex","Searing Blow"],"picked":"Double Tap","floor":10},{"not_picked":["Twin Strike","Disarm"],"picked":"Shrug It Off","floor":11},{"not_picked":["Clash","Headbutt","Corruption"],"picked":"Singing Bowl","floor":12},{"not_picked":["Corruption","Wild Strike","Bloodletting"],"picked":"Singing Bowl","floor":13},{"not_picked":["Clothesline","Anger","Sword Boomerang"],"picked":"Singing Bowl","floor":14},{"not_picked":["Exhume","Fiend Fire"],"picked":"Reaper","floor":16},{"not_picked":["Evolve","Warcry","Disarm"],"picked":"Singing Bowl","floor":18},{"not_picked":["Corruption","Rage","Clothesline"],"picked":"Singing Bowl","floor":20},{"not_picked":["Dual Wield","Hemokinesis+1"],"picked":"Impervious","floor":23}],"player_experience":191483,"relics_obtained":[{"floor":7,"key":"Meat on the Bone"},{"floor":9,"key":"Singing Bowl"},{"floor":10,"key":"Happy Flower"},{"floor":12,"key":"Centennial Puzzle"},{"floor":23,"key":"Self Forming Clay"}],"event_choices":[{"damage_healed":0,"gold_gain":0,"player_choice":"Success","damage_taken":33,"relics_obtained":["Omamori"],"max_hp_gain":0,"max_hp_loss":0,"event_name":"Scrap Ooze","floor":2,"gold_loss":0},{"damage_healed":0,"gold_gain":0,"player_choice":"Left Gold","damage_taken":0,"max_hp_gain":0,"max_hp_loss":0,"event_name":"World of Goop","floor":4,"gold_loss":21},{"damage_healed":0,"gold_gain":0,"player_choice":"Trade","damage_taken":0,"relics_obtained":["GremlinMask"],"max_hp_gain":0,"max_hp_loss":0,"event_name":"FaceTrader","floor":19,"gold_loss":0},{"damage_healed":0,"gold_gain":0,"player_choice":"Opened","damage_taken":0,"relics_obtained":["Boot"],"max_hp_gain":0,"max_hp_loss":0,"event_name":"The Mausoleum","floor":22,"gold_loss":0}],"is_beta":false,"boss_relics":[{"not_picked":["Fusion Hammer","Orrery"],"picked":"Pandora\u0027s Box"}],"items_purged_floors":[3,21],"is_endless":false,"potions_floor_spawned":[7,10,11,14,16,18,20],"killed_by":"Gremlin Leader","ascension_level":1}