{"gold_per_floor":[110,128,128,53,53,89,39,39,39,39,6,29,29,29,29,160,160,175,175,175,274,287,331,372,372,372,396,152,192,192,210,210,210],"floor_reached":33,"playtime":1563,"items_purged":["Strike_B","Defend_B","Dualcast"],"score":304,"play_id":"bb042c0b-370f-44a9-8224-cc7c650f9195","local_time":"20181229153444","is_ascension_mode":false,"campfire_choices":[{"data":"Hologram","floor":8,"key":"SMITH"},{"data":"Gash","floor":10,"key":"SMITH"},{"data":"Beam Cell","floor":13,"key":"SMITH"},{"data":"FTL","floor":15,"key":"SMITH"},{"floor":25,"key":"REST"},{"data":"Reboot","floor":30,"key":"SMITH"},{"data":"Steam","floor":32,"key":"SMITH"}],"neow_cost":"NONE","seed_source_timestamp":586533074694286,"circlet_count":0,"master_deck":["Strike_B+1","Strike_B","Strike_B","Defend_B+1","Defend_B","Defend_B","Zap","Gash+1","Hologram+1","Beam Cell+1","FTL+1","BootSequence","Scrape","Scrape","Steam","Reboot+1","BootSequence","Steam+1","Go for the Eyes+1"],"relics":["Cracked Core","NeowsBlessing","Golden Idol","Dream Catcher","Smiling Mask","Pantograph","Orrery","Darkstone Periapt","Red Mask","Dodecahedron","Sling","Du-Vu Doll"],"potions_floor_usage":[24,24,29,29,33],"damage_taken":[{"damage":0,"enemies":"Cultist","floor":1,"turns":1},{"damage":0,"enemies":"Jaw Worm","floor":2,"turns":1},{"damage":0,"enemies":"Lagavulin","floor":6,"turns":1},{"damage":1,"enemies":"Small Slimes","floor":12,"turns":3},{"damage":23,"enemies":"The Guardian","floor":16,"turns":12},{"damage":17,"enemies":"3 Byrds","floor":18,"turns":4},{"damage":0,"enemies":"Chosen","floor":22,"turns":4},{"damage":16,"enemies":"Book of Stabbing","floor":23,"turns":5},{"damage":5,"enemies":"Masked Bandits","floor":24,"turns":3},{"damage":10,"enemies":"Shelled Parasite and Fungi","floor":27,"turns":6},{"damage":6,"enemies":"Slavers","floor":29,"turns":6},{"damage":1,"enemies":"Centurion and Healer","floor":31,"turns":7},{"damage":80,"enemies":"Automaton","floor":33,"turns":14}],"seed_played":"3790139790385783736","potions_obtained":[{"floor":2,"key":"Swift Potion"},{"floor":16,"key":"SteroidPotion"},{"floor":18,"key":"GamblersBrew"},{"floor":24,"key":"AttackPotion"},{"floor":29,"key":"Block Potion"}],"is_trial":false,"path_per_floor":["M","M","?","$","?","E","$","R","T","R","$","M","R","?","R","B",null,"M","?","?","?","M","E","?","R","T","M","$","E","R","M","R","B"],"character_chosen":"DEFECT","items_purchased":["FTL","Sling"],"campfire_rested":1,"item_purchase_floors":[11,28],"current_hp_per_floor":[75,75,57,57,54,54,54,54,54,54,54,53,53,38,38,40,75,58,58,58,58,58,42,37,59,59,49,49,43,43,42,42,0],"gold":210,"neow_bonus":"THREE_ENEMY_KILL","is_prod":false,"is_daily":false,"chose_seed":false,"campfire_upgraded":6,"win_rate":0.0,"timestamp":1546126484,"path_taken":["M","?","?","?","?","E","$","R","T","R","?","?","R","?","R","BOSS","M","?","?","?","M","E","?","R","T","M","$","E","R","M","R","BOSS"],"build_version":"2018-12-20","purchased_purges":3,"victory":false,"max_hp_per_floor":[75,75,75,75,75,75,75,75,75,75,75,75,75,75,75,75,75,75,75,75,75,75,75,75,75,75,75,75,75,75,75,75,75],"card_choices":[{"not_picked":["Compile Driver","Streamline"],"picked":"Gash","floor":1},{"not_picked":["Sweeping Beam","Fission"],"picked":"Hologram","floor":2},{"not_picked":["Rip and Tear","Stack"],"picked":"Beam Cell","floor":6},{"not_picked":["Redo","Steam"],"picked":"BootSequence","floor":12},{"not_picked":["Redo","Streamline"],"picked":"Scrape","floor":17},{"not_picked":["Rebound","Sunder"],"picked":"Scrape","floor":17},{"not_picked":["Auto Shields+1","Streamline"],"picked":"Steam","floor":18},{"not_picked":["Cold Snap","Fusion+1"],"picked":"Reboot","floor":22},{"not_picked":["Aggregate+1","Coolheaded"],"picked":"BootSequence","floor":23},{"not_picked":["Conserve Battery+1","Stack"],"picked":"Steam","floor":27},{"not_picked":["Static Discharge","Storm"],"picked":"Go for the Eyes+1","floor":29},{"not_picked":["Static Discharge","Turbo","Reinforced Body"],"picked":"SKIP","floor":31}],"player_experience":280975,"relics_obtained":[{"floor":6,"key":"Smiling Mask"},{"floor":9,"key":"Pantograph"},{"floor":23,"key":"Darkstone Periapt"},{"floor":24,"key":"Red Mask"},{"floor":26,"key":"Dodecahedron"},{"floor":29,"key":"Du-Vu Doll"}],"event_choices":[{"damage_healed":0,"gold_gain":0,"player_choice":"Take Damage","damage_taken":18,"relics_obtained":["Golden Idol"],"max_hp_gain":0,"max_hp_loss":0,"event_name":"Golden Idol","floor":3,"gold_loss":0},{"damage_healed":0,"gold_gain":0,"player_choice":"Success","damage_taken":3,"relics_obtained":["Dream Catcher"],"max_hp_gain":0,"max_hp_loss":0,"event_name":"Scrap Ooze","floor":5,"gold_loss":0},{"damage_healed":0,"gold_gain":0,"player_choice":"Entered Light","damage_taken":15,"max_hp_gain":0,"max_hp_loss":0,"event_name":"Shining Light","floor":14,"gold_loss":0,"cards_upgraded":["Defend_B","Strike_B"]},{"damage_healed":0,"gold_gain":0,"player_choice":"Ignored","damage_taken":0,"max_hp_gain":0,"max_hp_loss":0,"event_name":"The Mausoleum","floor":19,"gold_loss":0},{"damage_healed":0,"gold_gain":0,"player_choice":"Ignored","damage_taken":0,"max_hp_gain":0,"max_hp_loss":0,"event_name":"Vampires","floor":20,"gold_loss":0},{"damage_healed":0,"gold_gain":99,"player_choice":"Stole From Cult","damage_taken":0,"max_hp_gain":0,"max_hp_loss":0,"event_name":"Nest","floor":21,"gold_loss":0},{"damage_healed":0,"gold_gain":0,"player_choice":"Fought Bandits","damage_taken":0,"max_hp_gain":0,"max_hp_loss":0,"event_name":"Masked Bandits","floor":24,"gold_loss":0}],"is_beta":false,"boss_relics":[{"not_picked":["Busted Crown","Empty Cage"],"picked":"Orrery"}],"items_purged_floors":[4,7,28],"is_endless":false,"potions_floor_spawned":[2,16,18,24,29],"killed_by":"Automaton","ascension_level":0}