{"gold_per_floor":[115,135,155,2,2,2,20,45,121,121,150,179,79,90,90,187,187,202,215,71,71,71,71,99,116,140,140,155,170,45,61,61,157,157,175,175,187,187,187],"floor_reached":39,"playtime":2941,"items_purged":["Defend_B","Strike_B","Writhe"],"score":432,"play_id":"052ea13e-8d25-4d4c-979e-a4e2eb1d003e","local_time":"20190301180649","is_ascension_mode":true,"campfire_choices":[{"data":"Glacier","floor":6,"key":"SMITH"},{"data":"Defragment","floor":10,"key":"SMITH"},{"data":"Blizzard","floor":15,"key":"SMITH"},{"data":"Defragment","floor":32,"key":"SMITH"}],"neow_cost":"NONE","seed_source_timestamp":476174944132300,"circlet_count":0,"master_deck":["Defend_B","Defend_B","Defend_B","Zap","Dualcast","Sweeping Beam","Glacier+1","Blizzard+1","Defragment+1","Consume","BootSequence","White Noise+1","Coolheaded","Capacitor+1","Skim","Defragment+1","Echo Form","Amplify"],"relics":["Lizard Tail","Ginger","Pantograph","Boot","Odd Mushroom","Empty Cage","DataDisk","Bag of Marbles","MutagenicStrength","Omamori","Orrery"],"potions_floor_usage":[8,16,16,24,24,39,39],"damage_taken":[{"damage":15,"enemies":"Jaw Worm","floor":1,"turns":6},{"damage":0,"enemies":"2 Louse","floor":2,"turns":2},{"damage":0,"enemies":"Small Slimes","floor":3,"turns":4},{"damage":1,"enemies":"2 Fungi Beasts","floor":7,"turns":4},{"damage":7,"enemies":"Lagavulin","floor":8,"turns":13},{"damage":19,"enemies":"Gremlin Nob","floor":11,"turns":8},{"damage":4,"enemies":"The Mushroom Lair","floor":12,"turns":6},{"damage":0,"enemies":"Blue Slaver","floor":14,"turns":5},{"damage":7,"enemies":"The Guardian","floor":16,"turns":14},{"damage":6,"enemies":"Spheric Guardian","floor":18,"turns":10},{"damage":0,"enemies":"Shell Parasite","floor":19,"turns":9},{"damage":57,"enemies":"Slavers","floor":24,"turns":6},{"damage":0,"enemies":"Centurion and Healer","floor":25,"turns":9},{"damage":0,"enemies":"Snake Plant","floor":28,"turns":11},{"damage":0,"enemies":"Sentry and Sphere","floor":29,"turns":13},{"damage":9,"enemies":"3 Cultists","floor":31,"turns":5},{"damage":10,"enemies":"Automaton","floor":33,"turns":16},{"damage":15,"enemies":"3 Darklings","floor":35,"turns":9},{"damage":18,"enemies":"Orb Walker","floor":37,"turns":10},{"damage":34,"enemies":"2 Orb Walkers","floor":39,"turns":5}],"seed_played":"-115872978972148392","potions_obtained":[{"floor":2,"key":"EssenceOfSteel"},{"floor":7,"key":"PowerPotion"},{"floor":12,"key":"Energy Potion"},{"floor":14,"key":"Block Potion"},{"floor":18,"key":"Poison Potion"},{"floor":24,"key":"Dexterity Potion"},{"floor":25,"key":"Dexterity Potion"},{"floor":35,"key":"Explosive Potion"}],"is_trial":false,"path_per_floor":["M","M","M","$","?","R","M","E","T","R","E","?","$","M","R","B",null,"M","M","$","?","?","?","E","M","T","$","M","M","$","M","R","B",null,"M","?","M","?","?"],"character_chosen":"DEFECT","items_purchased":["Blizzard","DataDisk"],"campfire_rested":0,"item_purchase_floors":[4,20],"current_hp_per_floor":[60,60,60,60,60,60,59,52,52,52,33,29,29,29,29,47,75,69,69,69,69,69,69,12,12,12,12,12,12,12,3,3,18,75,60,60,42,42,8],"gold":187,"neow_bonus":"BOSS_RELIC","is_prod":false,"is_daily":false,"chose_seed":false,"campfire_upgraded":4,"win_rate":0,"timestamp":1551481609,"path_taken":["M","M","M","$","?","R","M","E","T","R","E","?","$","M","R","BOSS","M","M","$","?","?","?","E","M","T","$","?","?","$","M","R","BOSS","M","?","M","?","?"],"build_version":"2019-01-23","purchased_purges":3,"victory":false,"max_hp_per_floor":[75,75,75,75,75,75,75,75,75,75,75,75,75,75,75,75,75,75,75,75,75,75,75,75,75,75,75,75,75,75,75,75,75,75,75,71,71,71,71],"card_choices":[{"not_picked":["Stack","Ball Lightning"],"picked":"Sweeping Beam","floor":1},{"not_picked":["Undo","Tempest"],"picked":"Glacier","floor":2},{"not_picked":["Double Energy","Rebound","Ball Lightning"],"picked":"SKIP","floor":3},{"not_picked":["Turbo","Lockon"],"picked":"Redo","floor":7},{"not_picked":["Cold Snap","Rip and Tear"],"picked":"Defragment","floor":8},{"not_picked":["Streamline","Cold Snap"],"picked":"Consume","floor":11},{"not_picked":["Streamline","Conserve Battery"],"picked":"BootSequence","floor":14},{"not_picked":["Steam","Rebound"],"picked":"White Noise+1","floor":18},{"not_picked":["Turbo+1","Consume"],"picked":"Coolheaded","floor":19},{"not_picked":["Leap","Coolheaded"],"picked":"Capacitor+1","floor":24},{"not_picked":["Conserve Battery","BootSequence+1"],"picked":"Skim","floor":25},{"not_picked":["Streamline","Cold Snap","Go for the Eyes"],"picked":"SKIP","floor":28},{"not_picked":["Glacier+1","Turbo"],"picked":"Defragment","floor":29},{"not_picked":["Aggregate","Leap","Tempest+1"],"picked":"SKIP","floor":31},{"not_picked":["Machine Learning","All For One"],"picked":"Echo Form","floor":33},{"not_picked":["Redo+1","Turbo"],"picked":"Amplify","floor":35},{"not_picked":["Rebound","Double Energy+1","Tempest+1"],"picked":"SKIP","floor":37}],"player_experience":337489,"relics_obtained":[{"floor":8,"key":"Ginger"},{"floor":9,"key":"Pantograph"},{"floor":11,"key":"Boot"},{"floor":12,"key":"Odd Mushroom"},{"floor":24,"key":"Omamori"}],"event_choices":[{"cards_removed":["Strike_B"],"damage_healed":0,"gold_gain":0,"player_choice":"Forget","damage_taken":0,"max_hp_gain":0,"max_hp_loss":0,"event_name":"Living Wall","floor":5,"gold_loss":0},{"damage_healed":0,"gold_gain":0,"player_choice":"Fought Mushrooms","damage_taken":0,"max_hp_gain":0,"max_hp_loss":0,"event_name":"Mushrooms","floor":12,"gold_loss":0},{"damage_healed":0,"gold_gain":0,"player_choice":"Opened","damage_taken":0,"relics_obtained":["Bag of Marbles"],"max_hp_gain":0,"max_hp_loss":0,"event_name":"The Mausoleum","floor":21,"gold_loss":0,"cards_obtained":["Writhe"]},{"damage_healed":0,"gold_gain":0,"player_choice":"Inject Mutagens","damage_taken":0,"relics_obtained":["MutagenicStrength"],"max_hp_gain":0,"max_hp_loss":0,"event_name":"Drug Dealer","floor":22,"gold_loss":0},{"damage_healed":0,"gold_gain":0,"player_choice":"Ignored","damage_taken":0,"max_hp_gain":0,"max_hp_loss":0,"event_name":"Vampires","floor":23,"gold_loss":0},{"damage_healed":0,"gold_gain":0,"player_choice":"Max HP","damage_taken":0,"max_hp_gain":0,"max_hp_loss":4,"event_name":"Winding Halls","floor":36,"gold_loss":0},{"cards_removed":["Redo"],"damage_healed":0,"gold_gain":0,"player_choice":"Removed Skill","damage_taken":0,"max_hp_gain":0,"max_hp_loss":0,"event_name":"Falling","floor":38,"gold_loss":0},{"damage_healed":0,"gold_gain":0,"player_choice":"Fight","damage_taken":0,"max_hp_gain":0,"max_hp_loss":0,"event_name":"Mysterious Sphere","floor":39,"gold_loss":0}],"is_beta":false,"boss_relics":[{"not_picked":["Fusion Hammer","Sozu"],"picked":"Empty Cage"},{"not_picked":["Eternal Feather","Pandora\u0027s Box"],"picked":"Orrery"}],"items_purged_floors":[4,13,30],"is_endless":false,"potions_floor_spawned":[2,7,12,14,18,24,25,35],"killed_by":"2 Orb Walkers","ascension_level":1}