{"gold_per_floor":[364,364,364,377,7,7,7,7,61,89,89,106,118,143,143,246,246,228,254,264,264,7,26,45,71,96,109,127,127,141,167,167,167],"floor_reached":33,"playtime":17292,"items_purged":[],"score":322,"play_id":"c2977fcb-6f6b-4a37-bd69-82c962077653","local_time":"20180720181428","is_ascension_mode":false,"campfire_choices":[{"floor":6,"key":"REST"},{"data":"Backstab","floor":8,"key":"SMITH"},{"floor":15,"key":"REST"},{"floor":29,"key":"REST"},{"data":"Malaise","floor":32,"key":"SMITH"}],"neow_cost":"FIFTY_PERCENT_DAMAGE","seed_source_timestamp":270616495137181,"circlet_count":0,"master_deck":["Defend_G","Defend_G+1","Defend_G","Defend_G","Defend_G+1","Strike_G","Strike_G","Strike_G","Strike_G","Survivor","Neutralize","All Out Attack","Bane","Backstab+1","Footwork","Poisoned Stab","Footwork","All Out Attack","Malaise+1","Poisoned Stab","Blur","Expertise+1","Necronomicurse","Blur+1","Tools of the Trade","Choke+1","Poisoned Stab+1","Terror"],"relics":["Ring of the Snake","Thread and Needle","Tiny Chest","War Paint","Blood Vial","Eternal Feather","Red Mask","Necronomicon","Mercury Hourglass","Molten Egg 2","Dream Catcher","Du-Vu Doll"],"potions_floor_usage":[14,19,19,20,20,23,25,25,25,28,31],"damage_taken":[{"damage":0,"enemies":"Small Slimes","floor":1,"turns":4},{"damage":0,"enemies":"Cultist","floor":4,"turns":5},{"damage":19,"enemies":"Gremlin Nob","floor":10,"turns":5},{"damage":0,"enemies":"2 Louse","floor":12,"turns":2},{"damage":0,"enemies":"Exordium Thugs","floor":13,"turns":5},{"damage":0,"enemies":"3 Sentries","floor":14,"turns":7},{"damage":9,"enemies":"The Guardian","floor":16,"turns":15},{"damage":0,"enemies":"2 Thieves","floor":18,"turns":4},{"damage":15,"floor":19,"turns":8},{"damage":1,"enemies":"Chosen","floor":20,"turns":6},{"damage":0,"enemies":"Centurion and Healer","floor":23,"turns":5},{"damage":4,"enemies":"Snake Plant","floor":24,"turns":6},{"damage":15,"enemies":"Slavers","floor":25,"turns":9},{"damage":0,"enemies":"3 Cultists","floor":27,"turns":6},{"damage":0,"enemies":"Cultist and Chosen","floor":28,"turns":7},{"damage":5,"enemies":"Snake Plant","floor":30,"turns":6},{"damage":13,"enemies":"Gremlin Leader","floor":31,"turns":7},{"damage":84,"enemies":"Collector","floor":33,"turns":6}],"seed_played":"6497357485653623722","potions_obtained":[{"floor":2,"key":"LiquidBronze"},{"floor":2,"key":"EntropicBrew"},{"floor":2,"key":"Block Potion"},{"floor":16,"key":"Energy Potion"},{"floor":20,"key":"Fire Potion"},{"floor":24,"key":"Energy Potion"},{"floor":25,"key":"FearPotion"},{"floor":27,"key":"Explosive Potion"}],"is_trial":false,"path_per_floor":["M","?","?","M","$","R","$","R","T","E","?","M","M","E","R","B",null,"M","?","M","?","$","M","M","E","T","M","M","R","M","E","R"],"character_chosen":"THE_SILENT","items_purchased":["Thread and Needle","Backstab","Mercury Hourglass"],"campfire_rested":3,"item_purchase_floors":[5,5,22],"current_hp_per_floor":[35,35,35,35,35,56,56,56,56,37,37,37,37,37,58,51,70,70,55,56,40,40,42,40,27,27,29,31,67,64,53,68,0],"gold":167,"neow_bonus":"TWO_FIFTY_GOLD","is_prod":false,"is_daily":false,"chose_seed":false,"campfire_upgraded":2,"win_rate":0,"timestamp":1532124868,"path_taken":["M","?","?","M","$","R","$","R","T","E","?","M","?","E","R","BOSS","M","?","?","?","?","M","M","E","T","M","M","R","?","E","R","BOSS"],"build_version":"2018-07-19v2","purchased_purges":0,"victory":false,"max_hp_per_floor":[70,70,70,70,70,70,70,70,70,70,70,70,70,70,70,70,70,70,70,70,70,70,70,70,70,70,70,70,70,70,70,70,70],"card_choices":[{"not_picked":["Slice","Outmaneuver"],"picked":"All Out Attack","floor":1},{"not_picked":["Predator","Acrobatics"],"picked":"Bane","floor":4},{"not_picked":["Heel Hook","Doppelganger"],"picked":"Footwork","floor":10},{"not_picked":["Blade Dance","Tactician"],"picked":"Poisoned Stab","floor":12},{"not_picked":["Blade Dance","Finisher"],"picked":"Footwork","floor":13},{"not_picked":["PiercingWail","Prepared"],"picked":"All Out Attack","floor":14},{"not_picked":["Adrenaline","Phantasmal Killer"],"picked":"Malaise","floor":16},{"not_picked":["Prepared","Well Laid Plans"],"picked":"Poisoned Stab","floor":18},{"not_picked":["Underhanded Strike","Backflip"],"picked":"Blur","floor":19},{"not_picked":["Predator","Dagger Throw"],"picked":"Expertise+1","floor":20},{"not_picked":["Underhanded Strike","PiercingWail","Dagger Spray+1"],"picked":"SKIP","floor":23},{"not_picked":["Backflip+1","Poisoned Stab"],"picked":"Blur+1","floor":24},{"not_picked":["Infinite Blades","Slice"],"picked":"Tools of the Trade","floor":25},{"not_picked":["All Out Attack+1","Flechettes+1"],"picked":"Choke+1","floor":27},{"not_picked":["Slice+1","Dodge and Roll","Bane+1"],"picked":"SKIP","floor":28},{"not_picked":["PiercingWail","Deadly Poison"],"picked":"Poisoned Stab+1","floor":30},{"not_picked":["Flying Knee+1","Underhanded Strike+1"],"picked":"Terror","floor":31}],"player_experience":182699,"relics_obtained":[{"floor":9,"key":"Tiny Chest"},{"floor":10,"key":"War Paint"},{"floor":14,"key":"Blood Vial"},{"floor":19,"key":"Red Mask"},{"floor":21,"key":"Necronomicon"},{"floor":25,"key":"Molten Egg 2"},{"floor":26,"key":"Dream Catcher"},{"floor":31,"key":"Du-Vu Doll"}],"event_choices":[{"event_name":"The Lab","player_choice":"Got Potions","floor":2,"damage_taken":0},{"event_name":"Wheel of Change","player_choice":"Card Removal","floor":3,"damage_taken":0},{"event_name":"The Woman in Blue","player_choice":"Bought 0 Potions","floor":11,"damage_taken":0},{"event_name":"Masked Bandits","player_choice":"Fought over 228 gold","floor":19,"damage_taken":0},{"event_name":"Cursed Tome","player_choice":"Obtained Book","floor":21,"damage_taken":0}],"is_beta":false,"boss_relics":[{"not_picked":["White Beast Statue","WristBlade"],"picked":"Eternal Feather"}],"items_purged_floors":[],"is_endless":false,"potions_floor_spawned":[4,13,16,20,24,25,27],"killed_by":"Collector","ascension_level":0}