{"gold_per_floor":[139,159,159,173,18,50,50,20,20,38,38,57,82,82,82,160,160,180,200,220,38,53,53,81,81,81,101,111,111,111,111,111,183,183,202,202,222,254,270,270],"floor_reached":40,"playtime":13124,"items_purged":["Strike_B"],"score":735,"play_id":"80c410b6-c48d-4adf-9d7f-40537dc57b39","local_time":"20190511171813","is_ascension_mode":true,"campfire_choices":[{"floor":7.0,"key":"REST"},{"floor":11.0,"key":"REST"},{"floor":15.0,"key":"REST"},{"floor":23.0,"key":"REST"},{"floor":25.0,"key":"REST"},{"floor":29.0,"key":"REST"},{"data":"Defragment","floor":32.0,"key":"SMITH"}],"neow_cost":"NONE","seed_source_timestamp":0,"circlet_count":0,"master_deck":["AscendersBane","Strike_B","Strike_B","Strike_B","Defend_B","Defend_B","Defend_B","Defend_B","Zap","Dualcast","Cold Snap","Conserve Battery","Recycle","Glacier","White Noise","Sunder","Self Repair","Defragment","Coolheaded","Electrodynamics","Self Repair","Glacier","Defragment+1","Seek","White Noise","Chaos+1","BootSequence+1","Capacitor","Glacier+1","Creative AI","Jack Of All Trades+1","Chaos+1"],"special_seed":0,"relics":["Cracked Core","Tiny Chest","Dream Catcher","The Courier","Question Card","Thread and Needle","Sozu","Mummified Hand","Toxic Egg 2","Busted Crown"],"potions_floor_usage":[],"damage_taken":[{"damage":9.0,"enemies":"2 Louse","floor":1.0,"turns":2.0},{"damage":6.0,"enemies":"Cultist","floor":2.0,"turns":4.0},{"damage":4.0,"enemies":"Jaw Worm","floor":4.0,"turns":4.0},{"damage":16.0,"enemies":"3 Sentries","floor":6.0,"turns":10.0},{"damage":0.0,"enemies":"Looter","floor":8.0,"turns":4.0},{"damage":1.0,"enemies":"2 Fungi Beasts","floor":10.0,"turns":4.0},{"damage":14.0,"enemies":"Blue Slaver","floor":12.0,"turns":4.0},{"damage":36.0,"enemies":"Gremlin Nob","floor":13.0,"turns":7.0},{"damage":6.0,"enemies":"Hexaghost","floor":16.0,"turns":12.0},{"damage":14.0,"enemies":"2 Thieves","floor":18.0,"turns":3.0},{"damage":16.0,"enemies":"Spheric Guardian","floor":19.0,"turns":6.0},{"damage":10.0,"enemies":"Centurion and Healer","floor":20.0,"turns":11.0},{"damage":45.0,"enemies":"Cultist and Chosen","floor":22.0,"turns":8.0},{"damage":30.0,"enemies":"Slavers","floor":24.0,"turns":5.0},{"damage":0.0,"enemies":"3 Cultists","floor":27.0,"turns":3.0},{"damage":3.0,"enemies":"Snake Plant","floor":28.0,"turns":5.0},{"damage":5,"enemies":"Collector","floor":33,"turns":14},{"damage":30,"enemies":"3 Darklings","floor":35,"turns":5},{"damage":0,"enemies":"Orb Walker","floor":37,"turns":4},{"damage":36,"enemies":"Spire Growth","floor":38,"turns":9},{"damage":26,"enemies":"Transient","floor":39,"turns":5},{"damage":35,"enemies":"Nemesis","floor":40,"turns":3}],"seed_played":"4244952057423558633","potions_obtained":[{"floor":2.0,"key":"EssenceOfSteel"},{"floor":6.0,"key":"Explosive Potion"},{"floor":10.0,"key":"LiquidBronze"},{"floor":13.0,"key":"FocusPotion"}],"is_trial":false,"path_per_floor":["M","M","?","M","$","E","R","M","T","M","R","M","E","?","R","B",null,"M","M","M","$","M","R","E","R","T","M","M","R","?","?","R","B",null,"M","?","M","M","M","E"],"character_chosen":"DEFECT","items_purchased":["Dream Catcher","Glacier","Defragment"],"campfire_rested":6,"item_purchase_floors":[5,21,21],"current_hp_per_floor":[55,49,49,45,45,29,50,50,50,49,70,63,34,34,55,49,66,59,50,54,54,23,44,28,49,49,49,46,67,67,67,67,71,71,55,55,65,43,31,0],"gold":270,"neow_bonus":"RANDOM_COMMON_RELIC","is_prod":false,"is_daily":false,"chose_seed":false,"campfire_upgraded":1,"win_rate":0,"timestamp":1557609493,"path_taken":["M","M","?","?","$","E","R","M","T","M","R","M","E","?","R","BOSS","M","M","M","$","M","R","E","R","T","M","M","R","?","?","R","BOSS","M","?","M","M","M","E"],"build_version":"2019-01-23","purchased_purges":1,"victory":false,"max_hp_per_floor":[71,71,71,71,71,71,71,71,71,71,71,71,71,71,71,71,71,71,71,71,71,71,71,71,71,71,71,71,71,71,71,71,71,71,71,71,71,71,71,71],"card_choices":[{"not_picked":["Sweeping Beam","Turbo","Beam Cell"],"picked":"SKIP","floor":1.0},{"not_picked":["Double Energy","Turbo"],"picked":"Cold Snap","floor":2.0},{"not_picked":["Steam","Redo"],"picked":"Recycle","floor":4.0},{"not_picked":["Rebound","Leap"],"picked":"Glacier","floor":6.0},{"not_picked":["Sweeping Beam","Steam Power"],"picked":"White Noise","floor":7.0},{"not_picked":["Coolheaded","Recycle"],"picked":"Sunder","floor":8.0},{"not_picked":["Doom and Gloom","Consume","Aggregate"],"picked":"Self Repair","floor":10.0},{"not_picked":["Leap","Hologram","Rip and Tear"],"picked":"Defragment","floor":11.0},{"not_picked":["Lockon","Compile Driver","Sweeping Beam","Beam Cell"],"picked":"SKIP","floor":12.0},{"not_picked":["All For One","Hologram","Stack","Hello World"],"picked":"SKIP","floor":13.0},{"not_picked":["Hologram","Stack","Redo"],"picked":"Coolheaded","floor":15.0},{"not_picked":["Biased Cognition","Thunder Strike","Rainbow"],"picked":"Electrodynamics","floor":16.0},{"not_picked":["Hologram","Compile Driver","Rebound+1","Scrape"],"picked":"SKIP","floor":18.0},{"not_picked":["Heatsinks","Hologram","Go for the Eyes"],"picked":"Self Repair","floor":19.0},{"not_picked":["Doom and Gloom","Redo+1","Coolheaded","Force Field+1"],"picked":"SKIP","floor":20.0},{"not_picked":["Leap","Conserve Battery","Ball Lightning"],"picked":"Seek","floor":22.0},{"not_picked":["Gash+1","Heatsinks","Coolheaded"],"picked":"White Noise","floor":23.0},{"not_picked":["Streamline","Static Discharge","Cold Snap","Fusion"],"picked":"SKIP","floor":24.0},{"not_picked":["Leap","Barrage","Steam"],"picked":"Chaos+1","floor":25.0},{"not_picked":["Compile Driver","Gash","Consume+1"],"picked":"BootSequence+1","floor":27.0},{"not_picked":["Skim+1","Reprogram+1","Beam Cell"],"picked":"Capacitor","floor":28.0},{"not_picked":["Rainbow+1","Reboot+1","Electrodynamics"],"picked":"Creative AI","floor":33},{"not_picked":["Rebound","Turbo+1"],"picked":"SKIP","floor":35},{"not_picked":["Transmutation+1"],"picked":"Jack Of All Trades+1","floor":36},{"not_picked":["Gash"],"picked":"Chaos+1","floor":37},{"not_picked":["Lockon","Rip and Tear"],"picked":"SKIP","floor":38},{"not_picked":["Rebound","Redo+1"],"picked":"SKIP","floor":39}],"player_experience":1090316,"relics_obtained":[{"floor":6.0,"key":"The Courier"},{"floor":9.0,"key":"Question Card"},{"floor":13.0,"key":"Thread and Needle"},{"floor":24.0,"key":"Mummified Hand"},{"floor":26.0,"key":"Toxic Egg 2"}],"event_choices":[{"damage_healed":0.0,"max_hp_gain":0.0,"max_hp_loss":0.0,"gold_gain":0.0,"event_name":"Match and Keep!","player_choice":"1 cards matched","floor":3.0,"gold_loss":0.0,"damage_taken":0.0,"cards_obtained":["Conserve Battery"]},{"damage_healed":0.0,"max_hp_gain":0.0,"max_hp_loss":0.0,"gold_gain":0.0,"event_name":"Golden Idol","player_choice":"Ignored","floor":14.0,"gold_loss":0.0,"damage_taken":0.0},{"damage_healed":0.0,"max_hp_gain":0.0,"max_hp_loss":0.0,"gold_gain":0.0,"event_name":"Ghosts","player_choice":"Ignored","floor":30.0,"gold_loss":0.0,"damage_taken":0.0},{"damage_healed":0.0,"max_hp_gain":0.0,"max_hp_loss":0.0,"gold_gain":0.0,"event_name":"The Library","player_choice":"Read","floor":31.0,"gold_loss":0.0,"damage_taken":0.0,"cards_obtained":["Glacier"]},{"damage_healed":0,"gold_gain":0,"player_choice":"Memory 1","damage_taken":0,"max_hp_gain":0,"max_hp_loss":0,"event_name":"SensoryStone","floor":36,"gold_loss":0}],"is_beta":false,"boss_relics":[{"not_picked":["Runic Dome","Cursed Key"],"picked":"Sozu"},{"not_picked":["Snecko Eye","Lizard Tail"],"picked":"Busted Crown"}],"items_purged_floors":[21],"is_endless":false,"potions_floor_spawned":[2,6,10,12,13,20,27,28,33,37,39],"killed_by":"Nemesis","ascension_level":15}