{"gold_per_floor":[109,119,133,152,152,152,185,185,185,185,216,14,14,14,14,113,113,132,145,60,76,76],"floor_reached":22,"playtime":969,"items_purged":[],"score":301,"play_id":"0aff30e5-d2fa-4acb-b930-b6a2ab695000","local_time":"20190420223212","is_ascension_mode":true,"campfire_choices":[{"data":"Carnage","floor":6,"key":"SMITH"},{"floor":8,"key":"REST"},{"data":"Combust","floor":10,"key":"SMITH"},{"floor":15,"key":"REST"}],"neow_cost":"NONE","seed_source_timestamp":2494542564400,"circlet_count":0,"master_deck":["AscendersBane","Strike_R","Strike_R","Strike_R","Strike_R","Strike_R","Defend_R","Defend_R","Defend_R","Defend_R","Bash","Carnage+1","Combust+1","Iron Wave","Seeing Red","Pommel Strike","Disarm","Demon Form+1","Armaments","Fiend Fire","Sentinel","Shrug It Off+1","Evolve"],"relics":["Black Star","Ancient Tea Set","StoneCalendar","Sundial","Gremlin Horn","Bird Faced Urn","Mark of Pain","Bag of Marbles"],"potions_floor_usage":[19,19,19,22,22],"damage_taken":[{"damage":9,"enemies":"Jaw Worm","floor":1,"turns":4},{"damage":9,"enemies":"2 Louse","floor":2,"turns":3},{"damage":1,"enemies":"Cultist","floor":3,"turns":3},{"damage":12,"enemies":"Large Slime","floor":4,"turns":6},{"damage":24,"enemies":"Lagavulin","floor":7,"turns":4},{"damage":23,"enemies":"3 Sentries","floor":11,"turns":6},{"damage":14,"enemies":"Hexaghost","floor":16,"turns":8},{"damage":36,"enemies":"Chosen","floor":18,"turns":5},{"damage":26,"enemies":"3 Byrds","floor":19,"turns":6},{"damage":1,"enemies":"Cultist and Chosen","floor":21,"turns":7},{"damage":20,"enemies":"Shelled Parasite and Fungi","floor":22,"turns":4}],"seed_played":"484051184827100857","potions_obtained":[{"floor":1,"key":"EssenceOfSteel"},{"floor":4,"key":"EntropicBrew"},{"floor":19,"key":"Weak Potion"}],"is_trial":false,"path_per_floor":["M","M","M","M","?","R","E","R","T","R","E","$","?","?","R","B",null,"M","M","?","M","M"],"character_chosen":"IRONCLAD","items_purchased":["Demon Form","Armaments"],"campfire_rested":2,"item_purchase_floors":[12,12],"current_hp_per_floor":[63,54,53,41,41,41,17,41,41,41,18,18,18,18,42,30,68,32,8,8,9,0],"gold":76,"neow_bonus":"BOSS_RELIC","is_prod":false,"is_daily":false,"chose_seed":false,"campfire_upgraded":2,"win_rate":0,"timestamp":1555813932,"path_taken":["M","M","M","M","?","R","E","R","T","R","E","$","?","?","R","BOSS","M","M","?","M","M"],"build_version":"2019-01-23","purchased_purges":0,"victory":false,"max_hp_per_floor":[80,80,80,80,80,80,80,80,80,80,80,80,80,80,80,80,80,80,80,80,80,80],"card_choices":[{"not_picked":["Metallicize","Wild Strike"],"picked":"Carnage","floor":1},{"not_picked":["Rampage","Anger"],"picked":"Combust","floor":2},{"not_picked":["Flex","Fire Breathing"],"picked":"Iron Wave","floor":3},{"not_picked":["Feel No Pain","Anger"],"picked":"Seeing Red","floor":4},{"not_picked":["Twin Strike","Perfected Strike"],"picked":"Pommel Strike","floor":7},{"not_picked":["Perfected Strike","Intimidate"],"picked":"Disarm","floor":11},{"not_picked":["Bludgeon","Immolate"],"picked":"Fiend Fire","floor":16},{"not_picked":["Pommel Strike+1","Twin Strike+1"],"picked":"Sentinel","floor":18},{"not_picked":["Clothesline","Clash"],"picked":"Shrug It Off+1","floor":19},{"not_picked":["Combust","Shrug It Off"],"picked":"Evolve","floor":21}],"player_experience":371882,"relics_obtained":[{"floor":7,"key":"Ancient Tea Set"},{"floor":7,"key":"StoneCalendar"},{"floor":9,"key":"Sundial"},{"floor":11,"key":"Gremlin Horn"},{"floor":11,"key":"Bird Faced Urn"}],"event_choices":[{"damage_healed":0,"gold_gain":0,"player_choice":"Ignored","damage_taken":0,"max_hp_gain":0,"max_hp_loss":0,"event_name":"Golden Idol","floor":5,"gold_loss":0},{"damage_healed":0,"gold_gain":0,"player_choice":"Grow","damage_taken":0,"max_hp_gain":0,"max_hp_loss":0,"event_name":"Living Wall","floor":13,"gold_loss":0,"cards_upgraded":["Demon Form"]},{"damage_healed":0,"gold_gain":0,"player_choice":"Leave","damage_taken":0,"max_hp_gain":0,"max_hp_loss":0,"event_name":"FaceTrader","floor":14,"gold_loss":0},{"damage_healed":0,"gold_gain":0,"player_choice":"Obtained Relic","damage_taken":0,"relics_obtained":["Bag of Marbles"],"max_hp_gain":0,"max_hp_loss":0,"event_name":"Addict","floor":20,"gold_loss":85}],"is_beta":false,"boss_relics":[{"not_picked":["Philosopher\u0027s Stone","White Beast Statue"],"picked":"Mark of Pain"}],"items_purged_floors":[],"is_endless":false,"potions_floor_spawned":[1,4,11,16,19],"killed_by":"Shelled Parasite and Fungi","ascension_level":11}