{"gold_per_floor":[216,21,196,196,196,228,228,228,310,345,345,362,376,404,404,404],"floor_reached":16,"playtime":2789,"items_purged":[],"score":116,"play_id":"9efeeafe-9932-410b-ab59-ea2500001e65","local_time":"20180715203616","is_ascension_mode":false,"campfire_choices":[{"floor":7,"key":"REST"},{"floor":11,"key":"REST"},{"floor":15,"key":"REST"}],"neow_cost":"NONE","seed_source_timestamp":178632141498580,"circlet_count":0,"master_deck":["Strike_R","Strike_R","Strike_R","Strike_R","Strike_R","Defend_R","Defend_R","Defend_R","Defend_R","Bash","Havoc","Offering","Regret","Impervious","True Grit","Rage","Feed"],"relics":["Burning Blood","Toolbox","Frozen Egg 2","Bag of Marbles","Pen Nib","Bottled Flame","Ginger","Mummified Hand"],"potions_floor_usage":[16,16],"damage_taken":[{"damage":2,"enemies":"Small Slimes","floor":1,"turns":5},{"damage":36,"enemies":"Gremlin Nob","floor":6,"turns":5},{"damage":45,"enemies":"3 Sentries","floor":10,"turns":12},{"damage":18,"enemies":"Jaw Worm","floor":12,"turns":2},{"damage":4,"enemies":"Cultist","floor":13,"turns":3},{"damage":9,"enemies":"Gremlin Nob","floor":14,"turns":3},{"damage":77,"enemies":"The Guardian","floor":16,"turns":13}],"seed_played":"-524429227297068551","potions_obtained":[{"floor":10,"key":"Ancient Potion"},{"floor":12,"key":"SteroidPotion"},{"floor":14,"key":"Strength Potion"}],"is_trial":false,"path_per_floor":["M","$","?","T","?","E","R","?","T","E","R","M","M","E","R"],"character_chosen":"IRONCLAD","items_purchased":["Toolbox"],"campfire_rested":3,"item_purchase_floors":[2],"current_hp_per_floor":[80,80,80,80,73,43,67,67,67,28,52,40,42,39,63,0],"gold":404,"neow_bonus":"HUNDRED_GOLD","is_prod":false,"is_daily":false,"chose_seed":false,"campfire_upgraded":0,"win_rate":0,"timestamp":1531701376,"path_taken":["M","$","?","?","?","E","R","?","T","E","R","M","M","E","R","BOSS"],"build_version":"2018-07-12","purchased_purges":0,"victory":false,"max_hp_per_floor":[80,80,80,80,80,80,80,80,80,80,80,80,80,80,80,80],"card_choices":[{"not_picked":["Pommel Strike","Anger"],"picked":"Havoc","floor":1},{"not_picked":["Shrug It Off","Rupture+1"],"picked":"Offering","floor":6},{"not_picked":["Sentinel","Clothesline"],"picked":"Impervious","floor":10},{"not_picked":["Thunderclap","Shrug It Off"],"picked":"True Grit","floor":12},{"not_picked":["Iron Wave","Body Slam"],"picked":"Rage","floor":13},{"not_picked":["Body Slam","True Grit"],"picked":"Feed","floor":14}],"player_experience":140520,"relics_obtained":[{"floor":4,"key":"Frozen Egg 2"},{"floor":6,"key":"Bag of Marbles"},{"floor":9,"key":"Bottled Flame"},{"floor":10,"key":"Ginger"},{"floor":14,"key":"Mummified Hand"}],"event_choices":[{"event_name":"Liars Game","player_choice":"agreed","floor":3,"damage_taken":0},{"event_name":"Golden Wing","player_choice":"Card Removal","floor":5,"damage_taken":0},{"event_name":"Big Fish","player_choice":"Box","floor":8,"damage_taken":0}],"boss_relics":[],"items_purged_floors":[],"is_endless":false,"potions_floor_spawned":[10,12,14],"killed_by":"The Guardian","ascension_level":0}