{"gold_per_floor":[116,41,41,41,191,191,266,149,149,149,182,91,119,137,137,137],"floor_reached":16,"playtime":354,"items_purged":["Doubt"],"score":293,"play_id":"a338c11c-cf89-4f08-82e4-b0f847082173","local_time":"20190522025624","is_ascension_mode":true,"campfire_choices":[{"data":"Defend_R","floor":6,"key":"SMITH"},{"data":"Purity","floor":15,"key":"SMITH"}],"neow_cost":"NONE","seed_source_timestamp":103300083246100,"circlet_count":0,"master_deck":["AscendersBane","Strike_R","Strike_R","Strike_R","Strike_R","Strike_R","Defend_R","Defend_R","Defend_R+1","Bash+1","Dropkick","Burning Pact","Purity+1"],"relics":["Burning Blood","NeowsBlessing","Singing Bowl","Paper Frog","Frozen Egg 2"],"potions_floor_usage":[16,16],"damage_taken":[{"damage":0,"enemies":"2 Louse","floor":1,"turns":1},{"damage":0,"enemies":"3 Sentries","floor":11,"turns":1},{"damage":0,"enemies":"Lagavulin","floor":13,"turns":1},{"damage":17,"enemies":"Small Slimes","floor":14,"turns":4},{"damage":75,"enemies":"Hexaghost","floor":16,"turns":9}],"seed_played":"1867714478325240580","potions_obtained":[{"floor":1,"key":"LiquidBronze"},{"floor":14,"key":"Regen Potion"}],"is_trial":false,"path_per_floor":["M","?","?","$","?","R","?","$","T","?","E","$","E","M","R","B"],"character_chosen":"IRONCLAD","items_purchased":["Dropkick","Purity"],"campfire_rested":0,"item_purchase_floors":[8,12],"current_hp_per_floor":[74,74,74,74,74,74,63,63,63,52,58,58,66,57,57,0],"gold":137,"neow_bonus":"THREE_ENEMY_KILL","is_prod":false,"is_daily":false,"chose_seed":false,"campfire_upgraded":2,"win_rate":0,"timestamp":1558508184,"path_taken":["M","?","?","$","?","R","?","$","T","?","E","?","E","M","R","BOSS"],"build_version":"2019-01-23","purchased_purges":1,"victory":false,"max_hp_per_floor":[75,75,75,75,75,75,75,75,75,75,75,75,77,79,79,79],"card_choices":[{"not_picked":["Corruption","Thunderclap","Iron Wave"],"picked":"SKIP","floor":1},{"not_picked":["Metallicize","Rampage"],"picked":"Burning Pact","floor":11},{"not_picked":["Wild Strike","Heavy Blade","Armaments"],"picked":"Singing Bowl","floor":13},{"not_picked":["Clash","Disarm","Headbutt"],"picked":"Singing Bowl","floor":14}],"player_experience":470754,"relics_obtained":[{"floor":11,"key":"Paper Frog"},{"floor":13,"key":"Frozen Egg 2"}],"event_choices":[{"cards_removed":["Defend_R"],"damage_healed":0,"gold_gain":0,"player_choice":"Card Removal","damage_taken":0,"max_hp_gain":0,"max_hp_loss":0,"event_name":"The Cleric","floor":2,"gold_loss":75},{"damage_healed":0,"gold_gain":0,"player_choice":"Grow","damage_taken":0,"max_hp_gain":0,"max_hp_loss":0,"event_name":"Living Wall","floor":3,"gold_loss":0,"cards_upgraded":["Bash"]},{"damage_healed":0,"gold_gain":150,"player_choice":"AGREE","damage_taken":0,"max_hp_gain":0,"max_hp_loss":0,"event_name":"Liars Game","floor":5,"gold_loss":0,"cards_obtained":["Doubt"]},{"damage_healed":0,"gold_gain":75,"player_choice":"Gather Gold","damage_taken":11,"max_hp_gain":0,"max_hp_loss":0,"event_name":"World of Goop","floor":7,"gold_loss":0},{"damage_healed":0,"gold_gain":0,"player_choice":"Success","damage_taken":11,"relics_obtained":["Singing Bowl"],"max_hp_gain":0,"max_hp_loss":0,"event_name":"Scrap Ooze","floor":10,"gold_loss":0}],"is_beta":false,"boss_relics":[],"items_purged_floors":[8],"is_endless":false,"potions_floor_spawned":[1,14],"killed_by":"Hexaghost","ascension_level":18}