{"gold_per_floor":[118,148,73,73,91,91,125,142,195,195,211,230,26,59,59,137,137,152,152,169,15,26,57,73,73,96,96,96,61,61,96,96,96],"floor_reached":33,"playtime":3241,"items_purged":["Regret"],"score":583,"play_id":"4210a84e-e595-42c9-ab08-05c426805a35","local_time":"20190212150841","is_ascension_mode":true,"campfire_choices":[{"data":"Bullet Time","floor":6.0,"key":"SMITH"},{"data":"Noxious Fumes","floor":10.0,"key":"SMITH"},{"data":"Infinite Blades","floor":15.0,"key":"SMITH"},{"floor":25.0,"key":"REST"},{"floor":30.0,"key":"REST"},{"floor":32.0,"key":"REST"}],"neow_cost":"NONE","seed_source_timestamp":0,"circlet_count":0,"master_deck":["AscendersBane","Defend_G+1","Defend_G+1","Defend_G+1","Defend_G+1","Defend_G+1","Strike_G+1","Strike_G+1","Strike_G+1","Strike_G+1","Strike_G+1","Survivor+1","Neutralize","Bullet Time+1","Noxious Fumes+1","Infinite Blades+1","Corpse Explosion","Crippling Poison+1","Glass Knife","Footwork+1","Cloak And Dagger+1","Cloak And Dagger+1","Cloak And Dagger","Accuracy"],"special_seed":0,"relics":["Ring of the Snake","NeowsBlessing","Tiny Chest","Pen Nib","Ninja Scroll","Snake Skull","TwistedFunnel","PreservedInsect","War Paint","Juzu Bracelet","Omamori","Bag of Marbles","Gremlin Horn"],"potions_floor_usage":[33],"damage_taken":[{"damage":0.0,"enemies":"2 Louse","floor":1.0,"turns":1.0},{"damage":0.0,"enemies":"Jaw Worm","floor":5.0,"turns":1.0},{"damage":0.0,"enemies":"Gremlin Nob","floor":7.0,"turns":1.0},{"damage":1.0,"enemies":"Cultist","floor":8.0,"turns":4.0},{"damage":6.0,"enemies":"2 Fungi Beasts","floor":11.0,"turns":3.0},{"damage":0.0,"enemies":"3 Louse","floor":12.0,"turns":4.0},{"damage":0.0,"enemies":"3 Sentries","floor":14.0,"turns":2.0},{"damage":33.0,"enemies":"Slime Boss","floor":16.0,"turns":8.0},{"damage":0.0,"enemies":"3 Byrds","floor":18.0,"turns":1.0},{"damage":2.0,"enemies":"Chosen","floor":20.0,"turns":5.0},{"damage":12.0,"enemies":"Snecko","floor":22.0,"turns":4.0},{"damage":26.0,"enemies":"Book of Stabbing","floor":23.0,"turns":5.0},{"damage":7.0,"enemies":"Centurion and Healer","floor":24.0,"turns":6.0},{"damage":13.0,"enemies":"Slavers","floor":31.0,"turns":2.0},{"damage":60,"enemies":"Champ","floor":33,"turns":12}],"seed_played":"780538825966711139","potions_obtained":[{"floor":1.0,"key":"Poison Potion"},{"floor":5.0,"key":"Explosive Potion"},{"floor":16.0,"key":"SpeedPotion"},{"floor":22.0,"key":"Block Potion"}],"is_trial":false,"path_per_floor":["M","?","$","?","M","R","E","M","T","R","M","M","$","E","R","B",null,"M","?","M","$","M","E","M","R","T","?","?","$","R","E","R","B"],"character_chosen":"THE_SILENT","items_purchased":["TwistedFunnel","War Paint","Accuracy"],"campfire_rested":3,"item_purchase_floors":[13,21,29],"current_hp_per_floor":[59,59,59,56,56,56,56,55,55,55,49,49,49,49,49,16,54,54,54,52,52,40,14,7,26,26,26,26,26,45,32,51,0],"gold":96,"neow_bonus":"THREE_ENEMY_KILL","is_prod":false,"is_daily":false,"chose_seed":false,"campfire_upgraded":3,"win_rate":0,"timestamp":1550002121,"path_taken":["M","?","$","?","M","R","E","M","T","R","M","M","$","E","R","BOSS","M","?","M","?","M","E","M","R","T","?","?","$","R","E","R","BOSS"],"build_version":"2019-01-23","purchased_purges":1,"victory":false,"max_hp_per_floor":[66,66,66,66,66,66,66,66,66,66,66,66,66,66,66,66,66,66,66,66,66,66,66,66,66,66,66,66,66,66,66,66,66],"card_choices":[{"not_picked":["Prepared","Underhanded Strike","Sucker Punch"],"picked":"SKIP","floor":1.0},{"not_picked":["Slice","Dodge and Roll"],"picked":"Bullet Time","floor":5.0},{"not_picked":["Deflect","Dagger Throw","Expertise"],"picked":"SKIP","floor":7.0},{"not_picked":["Well Laid Plans","Crippling Poison"],"picked":"Noxious Fumes","floor":8.0},{"not_picked":["Dodge and Roll","Reflex"],"picked":"Infinite Blades","floor":11.0},{"not_picked":["Deflect","Dodge and Roll"],"picked":"Corpse Explosion","floor":12.0},{"not_picked":["Acrobatics","Cloak And Dagger"],"picked":"Crippling Poison","floor":14.0},{"not_picked":["Storm of Steel","Unload"],"picked":"Glass Knife","floor":16.0},{"not_picked":["Backflip","Accuracy"],"picked":"Footwork","floor":18.0},{"not_picked":["Masterful Stab","Poisoned Stab+1"],"picked":"Cloak And Dagger+1","floor":20.0},{"not_picked":["Quick Slash","Deflect"],"picked":"Cloak And Dagger+1","floor":22.0},{"not_picked":["Quick Slash","Deadly Poison","Dagger Spray"],"picked":"SKIP","floor":23.0},{"not_picked":["Quick Slash","Slice"],"picked":"Cloak And Dagger","floor":24.0},{"not_picked":["Quick Slash","Backflip","Flying Knee"],"picked":"SKIP","floor":31.0}],"player_experience":872149,"relics_obtained":[{"floor":7.0,"key":"Ninja Scroll"},{"floor":9.0,"key":"Snake Skull"},{"floor":14.0,"key":"PreservedInsect"},{"floor":23.0,"key":"Juzu Bracelet"},{"floor":26.0,"key":"Omamori"},{"floor":31.0,"key":"Gremlin Horn"}],"event_choices":[{"damage_healed":0.0,"max_hp_gain":0.0,"max_hp_loss":0.0,"gold_gain":0.0,"event_name":"Big Fish","player_choice":"Box","floor":2.0,"gold_loss":0.0,"damage_taken":0.0,"relics_obtained":["Tiny Chest"],"cards_obtained":["Regret"]},{"damage_healed":0.0,"max_hp_gain":0.0,"max_hp_loss":0.0,"gold_gain":0.0,"event_name":"Scrap Ooze","player_choice":"Success","floor":4.0,"gold_loss":0.0,"damage_taken":3.0,"relics_obtained":["Pen Nib"]},{"damage_healed":0.0,"max_hp_gain":0.0,"max_hp_loss":0.0,"gold_gain":0.0,"event_name":"Accursed Blacksmith","player_choice":"Forge","floor":19.0,"gold_loss":0.0,"damage_taken":0.0,"cards_upgraded":["Footwork"]},{"damage_healed":0.0,"max_hp_gain":0.0,"max_hp_loss":0.0,"gold_gain":0.0,"event_name":"Back to Basics","player_choice":"Simplicity","floor":27.0,"gold_loss":0.0,"damage_taken":0.0,"cards_upgraded":["Defend_G","Defend_G","Defend_G","Defend_G","Defend_G","Strike_G","Strike_G","Strike_G","Strike_G","Strike_G"]},{"damage_healed":0.0,"max_hp_gain":0.0,"max_hp_loss":0.0,"gold_gain":0.0,"event_name":"Addict","player_choice":"Stole Relic","floor":28.0,"gold_loss":0.0,"damage_taken":0.0,"relics_obtained":["Bag of Marbles"],"cards_obtained":["Shame"]}],"is_beta":false,"boss_relics":[{"not_picked":["Pandora\u0027s Box","HoveringKite","Coffee Dripper"]}],"items_purged_floors":[3],"is_endless":false,"potions_floor_spawned":[1,5,8,16,22,23],"killed_by":"Champ","ascension_level":14}