{"gold_per_floor":[110,29,47,47,62,62,93,104,131,131,145,180,192,227,239,251],"floor_reached":16,"playtime":442,"items_purged":[],"score":213,"play_id":"2d2cd908-9fc1-47a6-b464-ff7b35bb5020","local_time":"20190514015416","is_ascension_mode":true,"campfire_choices":[{"data":"Carnage","floor":6,"key":"SMITH"},{"data":"Spot Weakness","floor":10,"key":"SMITH"},{"floor":15,"key":"REST"}],"neow_cost":"NONE","seed_source_timestamp":343460475691100,"circlet_count":0,"master_deck":["AscendersBane","Strike_R","Strike_R","Strike_R","Strike_R","Strike_R","Defend_R","Defend_R","Defend_R","Defend_R","Bash+1","Carnage+1","Inflame","Shrug It Off","Entrench","Spot Weakness+1","Evolve","Cleave"],"relics":["Burning Blood","Pen Nib","Bag of Marbles","MawBank","Golden Idol"],"potions_floor_usage":[7,12,16],"damage_taken":[{"damage":1,"enemies":"Cultist","floor":1,"turns":3},{"damage":5,"enemies":"Small Slimes","floor":3,"turns":3},{"damage":7,"enemies":"Jaw Worm","floor":5,"turns":3},{"damage":20,"enemies":"Gremlin Nob","floor":7,"turns":4},{"damage":6,"enemies":"2 Fungi Beasts","floor":8,"turns":4},{"damage":19,"enemies":"Blue Slaver","floor":11,"turns":4},{"damage":29,"enemies":"Lagavulin","floor":12,"turns":7},{"damage":18,"enemies":"Exordium Thugs","floor":14,"turns":3},{"damage":39,"enemies":"The Guardian","floor":16,"turns":8}],"seed_played":"-6758628749992579017","potions_obtained":[{"floor":1,"key":"Block Potion"},{"floor":7,"key":"PowerPotion"},{"floor":8,"key":"Fire Potion"}],"is_trial":false,"path_per_floor":["M","$","M","?","M","R","E","M","T","R","M","E","?","M","R","B"],"character_chosen":"IRONCLAD","items_purchased":["Inflame"],"campfire_rested":1,"item_purchase_floors":[2],"current_hp_per_floor":[73,73,74,79,78,78,64,64,64,64,51,28,28,16,37,0],"gold":251,"neow_bonus":"UPGRADE_CARD","is_prod":false,"is_daily":false,"chose_seed":false,"campfire_upgraded":2,"win_rate":0,"timestamp":1557813256,"path_taken":["M","$","?","?","M","R","E","M","T","R","M","E","?","M","R","BOSS"],"build_version":"2019-01-23","purchased_purges":0,"victory":false,"max_hp_per_floor":[75,75,75,80,80,80,80,80,80,80,80,80,72,72,72,72],"card_choices":[{"not_picked":["Reckless Charge","Wild Strike"],"picked":"Carnage","floor":1},{"not_picked":["Flex","Wild Strike"],"picked":"Shrug It Off","floor":3},{"not_picked":["Warcry","Corruption"],"picked":"Entrench","floor":5},{"not_picked":["Clash","Evolve"],"picked":"Spot Weakness","floor":7},{"not_picked":["Clash","Headbutt"],"picked":"Evolve","floor":8},{"not_picked":["Havoc","Bloodletting","Infernal Blade"],"picked":"SKIP","floor":11},{"not_picked":["Rage","Corruption"],"picked":"Cleave","floor":12},{"not_picked":["Searing Blow","Iron Wave","Brutality"],"picked":"SKIP","floor":14}],"player_experience":458870,"relics_obtained":[{"floor":7,"key":"Pen Nib"},{"floor":9,"key":"Bag of Marbles"},{"floor":12,"key":"MawBank"}],"event_choices":[{"damage_healed":0,"gold_gain":0,"player_choice":"Donut","damage_taken":0,"max_hp_gain":5,"max_hp_loss":0,"event_name":"Big Fish","floor":4,"gold_loss":0},{"damage_healed":0,"gold_gain":0,"player_choice":"Lose Max HP","damage_taken":0,"relics_obtained":["Golden Idol"],"max_hp_gain":0,"max_hp_loss":8,"event_name":"Golden Idol","floor":13,"gold_loss":0}],"is_beta":false,"boss_relics":[],"items_purged_floors":[],"is_endless":false,"potions_floor_spawned":[1,7,8,11],"killed_by":"The Guardian","ascension_level":18}