{"gold_per_floor":[109,124,27,27,27,27,37,37,37,37,49,60,60,92,104,116],"floor_reached":16,"playtime":821,"items_purged":["Strike_G"],"score":165,"play_id":"fdd1bad9-2092-4399-9ae4-ee64858abe0e","local_time":"20190202103250","is_ascension_mode":true,"campfire_choices":[{"data":"Riddle With Holes","floor":6.0,"key":"SMITH"},{"data":"Neutralize","floor":8.0,"key":"SMITH"},{"data":"Backflip","floor":10.0,"key":"SMITH"},{"floor":15.0,"key":"REST"}],"neow_cost":"NONE","seed_source_timestamp":4457966806058195,"circlet_count":0,"master_deck":["AscendersBane","Defend_G","Defend_G","Defend_G","Defend_G","Defend_G","Strike_G","Strike_G","Strike_G","Strike_G","Survivor","Neutralize+1","Riddle With Holes+1","Backflip+1","Cloak And Dagger","Infinite Blades","Leg Sweep"],"special_seed":0,"relics":["Black Star","Unceasing Top","MawBank","Regal Pillow"],"potions_floor_usage":[],"damage_taken":[{"damage":8.0,"enemies":"Cultist","floor":1.0,"turns":6.0},{"damage":6.0,"enemies":"Small Slimes","floor":2.0,"turns":6.0},{"damage":3.0,"enemies":"2 Louse","floor":7.0,"turns":3.0},{"damage":28.0,"enemies":"Gremlin Gang","floor":11.0,"turns":7.0},{"damage":0.0,"enemies":"Blue Slaver","floor":12.0,"turns":5.0},{"damage":12.0,"enemies":"Gremlin Nob","floor":14.0,"turns":4.0},{"damage":43,"enemies":"Hexaghost","floor":16,"turns":16}],"seed_played":"-1955353530056374794","potions_obtained":[{"floor":1.0,"key":"Swift Potion"},{"floor":12.0,"key":"AttackPotion"}],"is_trial":false,"path_per_floor":["M","M","$","?","?","R","M","R","T","R","M","M","$","E","R","B"],"character_chosen":"THE_SILENT","items_purchased":["Backflip"],"campfire_rested":1,"item_purchase_floors":[3],"current_hp_per_floor":[55,49,49,49,49,49,46,46,46,46,18,18,18,6,42,0],"gold":116,"neow_bonus":"BOSS_RELIC","is_prod":false,"is_daily":false,"chose_seed":false,"campfire_upgraded":3,"win_rate":0,"timestamp":1549121570,"path_taken":["M","M","?","?","?","R","?","R","T","R","M","M","$","E","R","BOSS"],"build_version":"2019-01-23","purchased_purges":1,"victory":false,"max_hp_per_floor":[70,70,70,70,70,70,70,70,70,70,70,70,70,70,70,70],"card_choices":[{"not_picked":["Masterful Stab","Outmaneuver","Prepared"],"picked":"SKIP","floor":1.0},{"not_picked":["Expertise","Dodge and Roll"],"picked":"Riddle With Holes","floor":2.0},{"not_picked":["Deflect","Underhanded Strike","Prepared"],"picked":"SKIP","floor":7.0},{"not_picked":["Acrobatics","Predator"],"picked":"Cloak And Dagger","floor":11.0},{"not_picked":["Tactician","Blade Dance"],"picked":"Infinite Blades","floor":12.0},{"not_picked":["Underhanded Strike","Infinite Blades"],"picked":"Leg Sweep","floor":14.0}],"player_experience":808104,"relics_obtained":[{"floor":14.0,"key":"MawBank"},{"floor":14.0,"key":"Regal Pillow"}],"event_choices":[{"damage_healed":0.0,"max_hp_gain":0.0,"max_hp_loss":0.0,"gold_gain":0.0,"event_name":"Big Fish","player_choice":"Box","floor":4.0,"gold_loss":0.0,"damage_taken":0.0,"relics_obtained":["Unceasing Top"],"cards_obtained":["Regret"]},{"cards_removed":["Regret"],"damage_healed":0.0,"max_hp_gain":0.0,"max_hp_loss":0.0,"gold_gain":0.0,"event_name":"Purifier","player_choice":"Purged","floor":5.0,"gold_loss":0.0,"damage_taken":0.0}],"is_beta":false,"boss_relics":[],"items_purged_floors":[3],"is_endless":false,"potions_floor_spawned":[1,12],"killed_by":"Hexaghost","ascension_level":13}