{"gold_per_floor":[109,120,120,134,151,185,30,30,30,43,118,148,48,83,83,186,186,160,75,88,103,103,103,128,139,166,176,51,68,68,80,80,180,180,195,214,214,214,139,139,153,173,200,200,200,232,232,258,258,258],"floor_reached":50,"playtime":5283,"items_purged":["Strike_G","Strike_G","Flechettes"],"score":547,"play_id":"80fcef6d-f781-4a1c-8388-50bd253e42e3","local_time":"20190610212206","is_ascension_mode":false,"campfire_choices":[{"floor":8,"key":"REST"},{"floor":15,"key":"REST"},{"data":"Blur","floor":23,"key":"SMITH"},{"floor":30,"key":"REST"},{"floor":32,"key":"REST"},{"data":"Burst","floor":40,"key":"SMITH"},{"data":"Noxious Fumes","floor":45,"key":"SMITH"},{"data":"Cloak And Dagger","floor":47,"key":"SMITH"},{"floor":49,"key":"RECALL"}],"neow_cost":"NONE","seed_source_timestamp":2307040652647639,"circlet_count":0,"master_deck":["Defend_G","Defend_G","Defend_G","Defend_G","Defend_G","Survivor+1","Neutralize+1","Flying Knee","Blur+1","Dagger Spray+1","Malaise","Noxious Fumes+1","Cloak And Dagger+1","After Image+1","Leg Sweep+1","Heel Hook","Footwork+1","Dagger Throw","Backflip","Quick Slash+1","Burst+1","Quick Slash+1","Blade Dance","Acrobatics+1","Footwork+1","Writhe"],"relics":["Ring of the Snake","Orichalcum","Ornamental Fan","Dead Branch","Frozen Egg 2","HoveringKite","Juzu Bracelet","Centennial Puzzle","Black Star","Ancient Tea Set","War Paint","FossilizedHelix","Whetstone","Dodecahedron"],"potions_floor_usage":[6,14,14,21,21,50],"damage_taken":[{"damage":2,"enemies":"Small Slimes","floor":1,"turns":6},{"damage":0,"enemies":"2 Louse","floor":2,"turns":3},{"damage":0,"enemies":"Jaw Worm","floor":4,"turns":3},{"damage":0,"enemies":"Blue Slaver","floor":5,"turns":5},{"damage":46,"enemies":"Lagavulin","floor":6,"turns":10},{"damage":0,"enemies":"3 Louse","floor":10,"turns":2},{"damage":21,"enemies":"3 Sentries","floor":12,"turns":9},{"damage":6,"enemies":"Gremlin Nob","floor":14,"turns":5},{"damage":47,"enemies":"The Guardian","floor":16,"turns":11},{"damage":38,"enemies":"2 Thieves","floor":18,"turns":5},{"damage":6,"enemies":"3 Byrds","floor":20,"turns":8},{"damage":37,"enemies":"3 Cultists","floor":21,"turns":8},{"damage":3,"enemies":"Snake Plant","floor":25,"turns":8},{"damage":0,"enemies":"Sentry and Sphere","floor":27,"turns":8},{"damage":7,"enemies":"3 Cultists","floor":29,"turns":7},{"damage":13,"enemies":"Centurion and Healer","floor":31,"turns":12},{"damage":8,"enemies":"Collector","floor":33,"turns":18},{"damage":3,"enemies":"Orb Walker","floor":35,"turns":9},{"damage":4,"enemies":"3 Darklings","floor":36,"turns":10},{"damage":15,"enemies":"Transient","floor":41,"turns":5},{"damage":17,"enemies":"Maw","floor":42,"turns":11},{"damage":0,"enemies":"Giant Head","floor":46,"turns":13},{"damage":9,"enemies":"Nemesis","floor":48,"turns":9},{"damage":45,"enemies":"Time Eater","floor":50,"turns":16}],"seed_played":"7526812132546125415","potions_obtained":[{"floor":2,"key":"Regen Potion"},{"floor":5,"key":"EssenceOfSteel"},{"floor":6,"key":"Regen Potion"},{"floor":10,"key":"PowerPotion"},{"floor":16,"key":"Regen Potion"},{"floor":18,"key":"Regen Potion"},{"floor":25,"key":"GamblersBrew"},{"floor":27,"key":"Block Potion"}],"is_trial":false,"path_per_floor":["M","M","?","M","M","E","$","R","T","M","?","E","$","E","R","B",null,"M","?","M","M","?","R","T","M","T","M","$","M","R","M","R","B",null,"M","M","?","?","$","R","M","M","T","?","R","E","R","E","R","B"],"character_chosen":"THE_SILENT","items_purchased":["Noxious Fumes","Footwork+1"],"campfire_rested":4,"item_purchase_floors":[7,39],"current_hp_per_floor":[68,68,61,61,61,30,30,51,51,51,40,19,19,27,48,1,70,32,32,26,24,24,24,24,21,21,21,21,14,35,22,43,35,70,67,63,63,63,63,63,48,31,31,49,49,49,49,40,40,0],"gold":258,"neow_bonus":"UPGRADE_CARD","is_prod":false,"is_daily":false,"chose_seed":false,"campfire_upgraded":4,"win_rate":0,"timestamp":1560172926,"path_taken":["M","M","?","M","M","E","$","R","T","M","?","E","?","E","R","BOSS","M","?","M","M","?","R","?","M","T","M","$","M","R","M","R","BOSS","M","M","?","?","$","R","M","M","T","?","R","E","R","E","R","BOSS"],"build_version":"2019-01-23","purchased_purges":3,"victory":false,"max_hp_per_floor":[70,70,70,70,70,70,70,70,70,70,70,70,70,70,70,70,70,70,70,70,70,70,70,70,70,70,70,70,70,70,70,70,70,70,70,70,70,70,70,70,70,70,70,70,70,70,70,70,70,70],"card_choices":[{"not_picked":["Underhanded Strike","Backflip"],"picked":"Flying Knee","floor":1},{"not_picked":["Reflex","Masterful Stab","Flying Knee"],"picked":"SKIP","floor":2},{"not_picked":["Catalyst","Endless Agony"],"picked":"Blur","floor":4},{"not_picked":["Dagger Throw","Underhanded Strike"],"picked":"Dagger Spray","floor":5},{"not_picked":["Eviscerate","Sucker Punch"],"picked":"Malaise","floor":6},{"not_picked":["Riddle With Holes","Deflect"],"picked":"Flechettes","floor":10},{"not_picked":["Acrobatics","Sucker Punch"],"picked":"Cloak And Dagger","floor":12},{"not_picked":["Dagger Spray","Underhanded Strike","Flying Knee"],"picked":"SKIP","floor":14},{"not_picked":["Die Die Die","A Thousand Cuts+1"],"picked":"After Image+1","floor":16},{"not_picked":["Outmaneuver","PiercingWail"],"picked":"Leg Sweep+1","floor":18},{"not_picked":["Poisoned Stab","Outmaneuver+1"],"picked":"Heel Hook","floor":20},{"not_picked":["Leg Sweep+1","Outmaneuver","Calculated Gamble+1"],"picked":"SKIP","floor":21},{"not_picked":["Bane+1","Leg Sweep"],"picked":"Backflip","floor":25},{"not_picked":["Footwork+1","Flying Knee"],"picked":"Quick Slash","floor":27},{"not_picked":["Poisoned Stab","Deflect","Footwork+1"],"picked":"SKIP","floor":29},{"not_picked":["Flying Knee+1","All Out Attack","Deadly Poison+1"],"picked":"SKIP","floor":31},{"not_picked":["Bullet Time","Storm of Steel"],"picked":"Burst","floor":33},{"not_picked":["Well Laid Plans+1","Leg Sweep"],"picked":"Quick Slash+1","floor":35},{"not_picked":["Prepared","Poisoned Stab+1"],"picked":"Blade Dance","floor":36},{"not_picked":["Masterful Stab","Quick Slash","Night Terror"],"picked":"SKIP","floor":41},{"not_picked":["Dagger Throw","Crippling Poison","Setup"],"picked":"SKIP","floor":42},{"not_picked":["Outmaneuver","Blade Dance","Skewer+1"],"picked":"SKIP","floor":46},{"not_picked":["Poisoned Stab+1","Dash","PiercingWail"],"picked":"SKIP","floor":48}],"player_experience":186200,"relics_obtained":[{"floor":6,"key":"Orichalcum"},{"floor":9,"key":"Ornamental Fan"},{"floor":12,"key":"Dead Branch"},{"floor":14,"key":"Frozen Egg 2"},{"floor":26,"key":"Centennial Puzzle"},{"floor":43,"key":"Ancient Tea Set"},{"floor":46,"key":"War Paint"},{"floor":46,"key":"FossilizedHelix"},{"floor":48,"key":"Whetstone"},{"floor":48,"key":"Dodecahedron"}],"event_choices":[{"cards_removed":["Strike_G"],"damage_healed":0,"gold_gain":0,"player_choice":"Card Removal","damage_taken":7,"max_hp_gain":0,"max_hp_loss":0,"event_name":"Golden Wing","floor":3,"gold_loss":0},{"damage_healed":0,"gold_gain":75,"player_choice":"Gather Gold","damage_taken":11,"max_hp_gain":0,"max_hp_loss":0,"event_name":"World of Goop","floor":11,"gold_loss":0},{"damage_healed":0,"gold_gain":0,"player_choice":"Obtained Relic","damage_taken":0,"relics_obtained":["Juzu Bracelet"],"max_hp_gain":0,"max_hp_loss":0,"event_name":"Addict","floor":19,"gold_loss":85},{"damage_healed":0,"gold_gain":0,"cards_transformed":["Strike_G","Strike_G"],"player_choice":"Became Test Subject","damage_taken":0,"max_hp_gain":0,"max_hp_loss":0,"event_name":"Drug Dealer","floor":22,"gold_loss":0,"cards_obtained":["Footwork","Dagger Throw"]},{"damage_healed":0,"gold_gain":0,"player_choice":"Ignored","damage_taken":0,"max_hp_gain":0,"max_hp_loss":0,"event_name":"Tomb of Lord Red Mask","floor":37,"gold_loss":0},{"damage_healed":0,"gold_gain":0,"player_choice":"1 cards matched","damage_taken":0,"max_hp_gain":0,"max_hp_loss":0,"event_name":"Match and Keep!","floor":38,"gold_loss":0,"cards_obtained":["Acrobatics"]},{"damage_healed":18,"gold_gain":0,"player_choice":"Writhe","damage_taken":0,"max_hp_gain":0,"max_hp_loss":0,"event_name":"Winding Halls","floor":44,"gold_loss":0,"cards_obtained":["Writhe"]}],"is_beta":false,"boss_relics":[{"not_picked":["Empty Cage","Astrolabe"],"picked":"HoveringKite"},{"not_picked":["Busted Crown","Sozu"],"picked":"Black Star"}],"items_purged_floors":[7,13,28],"is_endless":false,"potions_floor_spawned":[2,5,6,10,16,18,25,27,42],"killed_by":"Time Eater","ascension_level":0}