{"path_per_floor":["M","M","M","?","$","R","M","E","T","?","$","R","M","M","R","B",null,"M","$","$"],"character_chosen":"IRONCLAD","items_purchased":["Shrug It Off","Wild Strike","Warcry","Armaments","Inflame","Singing Bowl","Inflame"],"gold_per_floor":[115,133,143,218,19,19,33,62,62,312,158,158,177,193,193,293,293,308,79,0,0],"floor_reached":21,"campfire_rested":1,"playtime":1000,"item_purchase_floors":[5,5,5,11,19,19,20],"current_hp_per_floor":[80,80,80,69,69,69,69,41,41,41,41,41,29,31,55,8,62,11,11,11,0],"items_purged":["Strike_R","Regret"],"gold":0,"score":224,"play_id":"f8071874-12e9-4ce3-80a3-09b92d3dbc2c","local_time":"20180615232626","is_prod":false,"is_daily":false,"chose_seed":false,"is_ascension_mode":true,"campfire_upgraded":2,"win_rate":0,"timestamp":1529076386,"campfire_choices":[{"data":"Hemokinesis","floor":6,"key":"SMITH"},{"data":"True Grit","floor":12,"key":"SMITH"},{"floor":15,"key":"REST"}],"path_taken":["M","M","?","?","$","R","?","E","T","?","$","R","M","M","R","BOSS","M","?","$","?"],"build_version":"2018-06-14v2","seed_source_timestamp":53764215790095,"purchased_purges":2,"victory":false,"master_deck":["Bash","Limit Break","Dropkick","Hemokinesis+1","True Grit+1","Shrug It Off","Wild Strike","Warcry","Flame Barrier","Armaments","Impervious","Flex","Clothesline","Perfected Strike","Clothesline","Dropkick","Heavy Blade","Evolve","Rupture","True Grit+1","Inflame","Inflame"],"max_hp_per_floor":[80,80,80,80,80,80,80,80,80,80,80,80,80,80,80,80,80,80,80,80,80],"relics":["Burning Blood","Matryoshka","Bronze Scales","Mummified Hand","Pandora\u0027s Box","Singing Bowl"],"card_choices":[{"not_picked":["True Grit","Burning Pact"],"picked":"Dropkick","floor":1},{"not_picked":["Carnage","Anger"],"picked":"Hemokinesis","floor":2},{"not_picked":["Warcry","Havoc"],"picked":"True Grit","floor":3},{"not_picked":["Havoc","Iron Wave"],"picked":"Flame Barrier","floor":7},{"not_picked":["Heavy Blade","Ghostly Armor","Clash"],"picked":"SKIP","floor":8},{"not_picked":["Iron Wave","Twin Strike","Wild Strike"],"picked":"SKIP","floor":13},{"not_picked":["Perfected Strike","Rage","Twin Strike"],"picked":"SKIP","floor":14},{"not_picked":["Limit Break","Barricade"],"picked":"Impervious","floor":16},{"not_picked":["Heavy Blade+1","Clothesline"],"picked":"True Grit+1","floor":18}],"player_experience":134219,"potions_floor_usage":[7,16],"damage_taken":[{"damage":4,"enemies":"Cultist","floor":1,"turns":5},{"damage":0,"enemies":"Small Slimes","floor":2,"turns":2},{"damage":3,"enemies":"2 Louse","floor":3,"turns":2},{"damage":6,"enemies":"Lots of Slimes","floor":7,"turns":3},{"damage":34,"enemies":"Lagavulin","floor":8,"turns":8},{"damage":18,"enemies":"Large Slime","floor":13,"turns":6},{"damage":4,"enemies":"Red Slaver","floor":14,"turns":3},{"damage":53,"enemies":"The Guardian","floor":16,"turns":12},{"damage":57,"enemies":"Chosen","floor":18,"turns":8},{"damage":18,"enemies":"2 Thieves","floor":21,"turns":2}],"relics_obtained":[{"floor":8,"key":"Matryoshka"},{"floor":9,"key":"Bronze Scales"},{"floor":9,"key":"Mummified Hand"}],"event_choices":[{"event_name":"World of Goop","player_choice":"Gather Gold","floor":4,"damage_taken":0},{"event_name":"Golden Shrine","player_choice":"Desecrate","floor":10,"damage_taken":0}],"boss_relics":[{"not_picked":["Orrery","Empty Cage"],"picked":"Pandora\u0027s Box"}],"items_purged_floors":[5,11],"is_endless":false,"potions_floor_spawned":[2,3,8],"seed_played":"-5998540760869627302","killed_by":"2 Thieves","ascension_level":5,"potions_obtained":[{"floor":2,"key":"SpeedPotion"},{"floor":3,"key":"Fire Potion"},{"floor":8,"key":"Block Potion"}],"is_trial":false}