{"gold_per_floor":[115,130,140,32,46,75,75,105,132,145,180,180,180,210,210,282,282,301,301,39,50,10,10,37,37,37,37,37,69,69,86,86,160,160,178,47,60,6,6,6,25,52,104,133,133,143,143,155,155,155,155,155,15,48,48],"floor_reached":55,"playtime":2631,"items_purged":["Strike_R"],"score":1449,"play_id":"993323dd-3840-4fcf-b9d8-1a0d8f1f9787","local_time":"20190506203232","is_ascension_mode":true,"campfire_choices":[{"data":"Limit Break","floor":7,"key":"SMITH"},{"floor":12,"key":"REST"},{"data":"Spot Weakness","floor":15,"key":"SMITH"},{"floor":23,"key":"REST"},{"data":"Pommel Strike","floor":25,"key":"SMITH"},{"data":"Inflame","floor":30,"key":"SMITH"},{"floor":32,"key":"REST"},{"data":"Limit Break","floor":40,"key":"SMITH"},{"floor":47,"key":"RECALL"},{"data":"Battle Trance","floor":49,"key":"SMITH"},{"data":"Heavy Blade","floor":52,"key":"SMITH"}],"neow_cost":"NONE","seed_source_timestamp":225493012850100,"circlet_count":0,"master_deck":["AscendersBane","Strike_R","Strike_R","Defend_R","Defend_R","Defend_R","Defend_R","Bash","Carnage","Pommel Strike+1","Twin Strike","Spot Weakness+1","Pommel Strike","Battle Trance","Limit Break+1","Twin Strike","Battle Trance+1","Sword Boomerang","Immolate","Intimidate","Inflame+1","Reaper","Limit Break+1","Metallicize+1","Pommel Strike","Seeing Red","Anger","Shrug It Off","Heavy Blade+1","Bash","Reaper","Anger+1","Twin Strike","Sword Boomerang","Evolve"],"relics":["Burning Blood","Bronze Scales","Pocketwatch","Boot","Vajra","Bag of Marbles","Regal Pillow","Empty Cage","Gremlin Horn","Dead Branch","Bottled Tornado","Coffee Dripper","Mango","Omamori","FossilizedHelix","Centennial Puzzle"],"potions_floor_usage":[5,8,11,29,33,50,50,55],"damage_taken":[{"damage":4,"enemies":"Small Slimes","floor":1,"turns":4},{"damage":13,"enemies":"2 Louse","floor":2,"turns":2},{"damage":7,"enemies":"Jaw Worm","floor":3,"turns":3},{"damage":15,"enemies":"Exordium Wildlife","floor":5,"turns":2},{"damage":21,"enemies":"Gremlin Nob","floor":6,"turns":4},{"damage":20,"enemies":"3 Sentries","floor":8,"turns":6},{"damage":9,"enemies":"2 Fungi Beasts","floor":10,"turns":2},{"damage":25,"enemies":"Lagavulin","floor":11,"turns":4},{"damage":20,"enemies":"3 Sentries","floor":14,"turns":6},{"damage":23,"enemies":"Slime Boss","floor":16,"turns":8},{"damage":11,"enemies":"Spheric Guardian","floor":18,"turns":3},{"damage":26,"enemies":"Colosseum Slavers","floor":19,"turns":3},{"damage":11,"enemies":"Shell Parasite","floor":21,"turns":3},{"damage":0,"enemies":"Gremlin Leader","floor":24,"turns":4},{"damage":21,"enemies":"Slavers","floor":29,"turns":4},{"damage":3,"enemies":"Cultist and Chosen","floor":31,"turns":4},{"damage":59,"enemies":"Collector","floor":33,"turns":7},{"damage":15,"enemies":"3 Darklings","floor":35,"turns":4},{"damage":12,"enemies":"Orb Walker","floor":37,"turns":2},{"damage":35,"enemies":"Spire Growth","floor":41,"turns":3},{"damage":34,"enemies":"Nemesis","floor":42,"turns":7},{"damage":16,"enemies":"Giant Head","floor":44,"turns":4},{"damage":6,"enemies":"Sphere and 2 Shapes","floor":46,"turns":5},{"damage":71,"enemies":"Writhing Mass","floor":48,"turns":5},{"damage":61,"enemies":"Awakened One","floor":50,"turns":5},{"damage":88,"enemies":"Shield and Spear","floor":54,"turns":5},{"damage":72,"enemies":"The Heart","floor":55,"turns":2}],"seed_played":"-1149947217953081896","potions_obtained":[{"floor":1,"key":"Regen Potion"},{"floor":6,"key":"Swift Potion"},{"floor":10,"key":"Energy Potion"},{"floor":24,"key":"Dexterity Potion"},{"floor":31,"key":"Energy Potion"},{"floor":37,"key":"Strength Potion"},{"floor":41,"key":"Swift Potion"},{"floor":54,"key":"FearPotion"}],"is_trial":false,"path_per_floor":["M","M","M","$","M","E","R","E","T","M","E","R","?","E","R","B",null,"M","?","$","M","$","R","E","R","T","?","$","E","R","M","R","B",null,"M","$","M","$","?","R","M","E","T","E","?","M","R","M","R","B",null,"R","$","E","B"],"character_chosen":"IRONCLAD","items_purchased":["Spot Weakness","Pommel Strike","Gremlin Horn","Inflame","Pommel Strike","Anger","Sword Boomerang","Evolve"],"campfire_rested":3,"item_purchase_floors":[4,4,20,22,36,38,53,53],"current_hp_per_floor":[70,63,62,62,58,43,43,29,29,26,7,29,54,40,40,23,62,57,37,37,32,32,69,75,75,75,54,54,39,39,42,80,54,74,80,80,80,80,80,80,80,94,94,94,94,94,94,29,29,10,73,73,73,41,0],"gold":48,"neow_bonus":"RANDOM_COMMON_RELIC","is_prod":false,"is_daily":false,"chose_seed":false,"campfire_upgraded":7,"win_rate":0,"timestamp":1557189152,"path_taken":["M","M","M","$","M","E","R","E","T","M","E","R","?","E","R","BOSS","M","?","$","M","$","R","E","R","T","?","?","E","R","M","R","BOSS","M","$","M","$","?","R","M","E","T","E","?","M","R","M","R","BOSS","R","$","E","BOSS"],"build_version":"2019-01-23","purchased_purges":1,"victory":false,"max_hp_per_floor":[75,75,75,75,75,75,75,75,75,75,75,75,75,75,75,75,75,75,75,75,75,75,75,75,75,75,80,80,80,80,80,80,80,80,80,80,80,80,80,80,80,94,94,94,94,94,94,94,94,94,94,94,94,94,94],"card_choices":[{"not_picked":["Disarm","Sword Boomerang"],"picked":"Carnage","floor":1},{"not_picked":["Havoc","Dual Wield"],"picked":"Pommel Strike","floor":2},{"not_picked":["Bloodletting","Havoc"],"picked":"Twin Strike","floor":3},{"not_picked":["Berserk","Anger"],"picked":"Battle Trance","floor":5},{"not_picked":["Dropkick","Shrug It Off"],"picked":"Limit Break","floor":6},{"not_picked":["Blood for Blood","Body Slam"],"picked":"Twin Strike","floor":8},{"not_picked":["Perfected Strike","Combust","Anger"],"picked":"SKIP","floor":10},{"not_picked":["Uppercut","Dual Wield"],"picked":"Battle Trance","floor":11},{"not_picked":["Clothesline","Feed"],"picked":"Sword Boomerang","floor":14},{"not_picked":["Feed","Berserk"],"picked":"Immolate","floor":16},{"not_picked":["Flex","Armaments"],"picked":"Intimidate","floor":18},{"not_picked":["Anger+1","Clothesline","Rupture"],"picked":"SKIP","floor":21},{"not_picked":["Fire Breathing","Thunderclap","Brutality"],"picked":"SKIP","floor":24},{"not_picked":["Searing Blow","Fire Breathing"],"picked":"Shrug It Off","floor":29},{"not_picked":["Twin Strike","Flex"],"picked":"Reaper","floor":31},{"not_picked":["Immolate","Juggernaut"],"picked":"Limit Break","floor":33},{"not_picked":["Battle Trance","Thunderclap"],"picked":"Metallicize+1","floor":35},{"not_picked":["Warcry+1","Body Slam"],"picked":"Seeing Red","floor":37},{"not_picked":["Blood for Blood","Body Slam+1"],"picked":"Shrug It Off","floor":41},{"not_picked":["Reckless Charge","Impervious"],"picked":"Heavy Blade","floor":42},{"not_picked":["Sever Soul","Heavy Blade","Flex"],"picked":"SKIP","floor":44},{"not_picked":["Iron Wave","Twin Strike"],"picked":"Anger+1","floor":46},{"not_picked":["Perfected Strike","Flame Barrier"],"picked":"Twin Strike","floor":48},{"not_picked":["Demon Form","Wild Strike","Perfected Strike"],"picked":"SKIP","floor":54}],"player_experience":423116,"relics_obtained":[{"floor":6,"key":"Pocketwatch"},{"floor":8,"key":"Boot"},{"floor":9,"key":"Vajra"},{"floor":11,"key":"Bag of Marbles"},{"floor":14,"key":"Regal Pillow"},{"floor":24,"key":"Dead Branch"},{"floor":29,"key":"Bottled Tornado"},{"floor":42,"key":"Mango"},{"floor":43,"key":"Omamori"},{"floor":44,"key":"FossilizedHelix"},{"floor":54,"key":"Centennial Puzzle"}],"event_choices":[{"damage_healed":25,"gold_gain":0,"player_choice":"Banana","damage_taken":0,"max_hp_gain":0,"max_hp_loss":0,"event_name":"Big Fish","floor":13,"gold_loss":0},{"damage_healed":0,"gold_gain":0,"player_choice":"Fight","damage_taken":0,"max_hp_gain":0,"max_hp_loss":0,"event_name":"Colosseum","floor":19,"gold_loss":0},{"damage_healed":0,"gold_gain":0,"player_choice":"Fled From Nobs","damage_taken":0,"max_hp_gain":0,"max_hp_loss":0,"event_name":"Colosseum","floor":19,"gold_loss":0},{"damage_healed":0,"gold_gain":0,"player_choice":"Shed Blood","damage_taken":26,"max_hp_gain":5,"max_hp_loss":0,"event_name":"Forgotten Altar","floor":27,"gold_loss":0},{"cards_removed":["Shrug It Off"],"damage_healed":0,"gold_gain":0,"player_choice":"Removed Skill","damage_taken":0,"max_hp_gain":0,"max_hp_loss":0,"event_name":"Falling","floor":39,"gold_loss":0},{"damage_healed":0,"gold_gain":0,"player_choice":"2 cards matched","damage_taken":0,"max_hp_gain":0,"max_hp_loss":0,"event_name":"Match and Keep!","floor":45,"gold_loss":0,"cards_obtained":["Bash","Reaper"]}],"is_beta":false,"boss_relics":[{"not_picked":["White Beast Statue","Runic Dome"],"picked":"Empty Cage"},{"not_picked":["Black Star","Runic Cube"],"picked":"Coffee Dripper"}],"items_purged_floors":[36],"is_endless":false,"potions_floor_spawned":[1,6,10,19,24,31,37,41,44,54],"killed_by":"The Heart","ascension_level":16}