{"gold_per_floor":[117,129,129,145,2,2,27,27,27,47,47,109,120,154,154,228,228,240,10,10,10,24,24,24,43,89,102,102,17,17,17,17,95,95,109,69,86,104,118,118,152,152,152,24,24,24,35,70,70,70],"floor_reached":50,"playtime":1856,"items_purged":["Strike_R"],"score":1039,"play_id":"8059a60a-8541-4f4f-b6a6-58f50f32f5fd","local_time":"20190612181443","is_ascension_mode":true,"campfire_choices":[{"data":"Bash","floor":6,"key":"SMITH"},{"data":"Uppercut","floor":8,"key":"SMITH"},{"data":"Iron Wave","floor":11,"key":"SMITH"},{"data":"Bludgeon","floor":15,"key":"SMITH"},{"data":"Perfected Strike","floor":23,"key":"SMITH"},{"data":"Perfected Strike","floor":24,"key":"SMITH"},{"data":"Mayhem","floor":28,"key":"SMITH"},{"data":"Cleave","floor":30,"key":"SMITH"},{"floor":32,"key":"REST"},{"data":"Shrug It Off","floor":40,"key":"SMITH"},{"data":"Shockwave","floor":42,"key":"SMITH"},{"data":"Reaper","floor":46,"key":"SMITH"},{"floor":49,"key":"REST"}],"neow_cost":"NONE","seed_source_timestamp":56493920259500,"circlet_count":0,"master_deck":["AscendersBane","Strike_R+1","Strike_R","Strike_R","Strike_R","Defend_R","Defend_R","Defend_R","Defend_R+1","Bash+1","Iron Wave+1","Rampage","Feel No Pain","Clothesline","Uppercut+1","Bludgeon+1","Twin Strike","Perfected Strike+1","Reaper+1","Cleave+1","Mayhem+1","Perfected Strike+1","Disarm","Havoc+1","Offering","Shrug It Off+1","Shrug It Off+1","Shockwave+1"],"relics":["Burning Blood","Ancient Tea Set","The Courier","Pen Nib","Potion Belt","Mark of Pain","WingedGreaves","Vajra","Du-Vu Doll","Snecko Eye","Bottled Tornado","Pantograph","Bronze Scales","CultistMask","StoneCalendar"],"potions_floor_usage":[7,7,16,18,33,33,33,37,39,41,41,50],"damage_taken":[{"damage":2,"enemies":"2 Louse","floor":1,"turns":3},{"damage":9,"enemies":"Jaw Worm","floor":2,"turns":5},{"damage":0,"enemies":"Cultist","floor":4,"turns":3},{"damage":19,"enemies":"3 Sentries","floor":7,"turns":9},{"damage":6,"enemies":"3 Louse","floor":10,"turns":3},{"damage":17,"enemies":"Gremlin Nob","floor":12,"turns":4},{"damage":6,"enemies":"2 Fungi Beasts","floor":13,"turns":3},{"damage":6,"enemies":"Gremlin Nob","floor":14,"turns":3},{"damage":10,"enemies":"Slime Boss","floor":16,"turns":6},{"damage":23,"enemies":"3 Byrds","floor":18,"turns":5},{"damage":14,"enemies":"2 Thieves","floor":22,"turns":3},{"damage":18,"enemies":"Sentry and Sphere","floor":25,"turns":4},{"damage":23,"enemies":"Centurion and Healer","floor":27,"turns":5},{"damage":53,"enemies":"Automaton","floor":33,"turns":8},{"damage":13,"enemies":"3 Shapes","floor":35,"turns":5},{"damage":22,"enemies":"3 Darklings","floor":37,"turns":4},{"damage":21,"enemies":"Sphere and 2 Shapes","floor":38,"turns":5},{"damage":37,"enemies":"Transient","floor":39,"turns":6},{"damage":32,"enemies":"Reptomancer","floor":41,"turns":4},{"damage":0,"enemies":"Jaw Worm Horde","floor":47,"turns":2},{"damage":43,"enemies":"Giant Head","floor":48,"turns":6},{"damage":87,"enemies":"Donu and Deca","floor":50,"turns":5}],"seed_played":"6591091004097339806","potions_obtained":[{"floor":0,"key":"LiquidBronze"},{"floor":0,"key":"BloodPotion"},{"floor":0,"key":"Strength Potion"},{"floor":4,"key":"Strength Potion"},{"floor":7,"key":"PowerPotion"},{"floor":13,"key":"FearPotion"},{"floor":14,"key":"Weak Potion"},{"floor":18,"key":"EssenceOfSteel"},{"floor":22,"key":"Dexterity Potion"},{"floor":36,"key":"PowerPotion"},{"floor":36,"key":"BloodPotion"},{"floor":36,"key":"FearPotion"},{"floor":38,"key":"Explosive Potion"},{"floor":39,"key":"LiquidBronze"}],"is_trial":false,"path_per_floor":["M","M","?","M","$","R","E","R","T","M","R","?","M","E","R","B",null,"M","$","T","?","M","R","R","M","T","M","R","?","R","?","R","B",null,"M","?","M","M","M","R","E","R","T","$","?","R","M","E","R","B"],"character_chosen":"IRONCLAD","items_purchased":["Feel No Pain","Clothesline","Mayhem","Bronze Scales"],"campfire_rested":2,"item_purchase_floors":[5,5,19,44],"current_hp_per_floor":[72,69,46,52,52,52,39,39,39,39,39,28,28,28,28,24,62,48,48,48,48,40,40,40,32,32,20,20,20,20,35,57,25,63,62,62,68,65,52,52,49,49,49,49,49,49,55,18,40,0],"gold":70,"neow_bonus":"THREE_SMALL_POTIONS","is_prod":false,"is_daily":false,"chose_seed":false,"campfire_upgraded":11,"win_rate":0,"timestamp":1560388483,"path_taken":["M","M","?","M","$","R","E","R","T","M","R","?","?","E","R","BOSS","M","$","?","?","M","R","R","M","T","M","R","?","R","?","R","BOSS","M","?","?","M","M","R","E","R","T","$","?","R","?","E","R","BOSS"],"build_version":"2019-01-23","purchased_purges":1,"victory":false,"max_hp_per_floor":[75,75,75,75,75,75,75,75,75,75,75,75,75,75,75,75,75,75,75,75,75,75,75,75,75,75,75,75,75,75,75,75,75,75,75,75,75,75,75,75,75,75,75,75,75,75,75,75,75,75],"card_choices":[{"not_picked":["Clash","Heavy Blade"],"picked":"Iron Wave","floor":1},{"not_picked":["Sever Soul","Twin Strike"],"picked":"Rampage","floor":2},{"not_picked":["Iron Wave","Dropkick","Warcry"],"picked":"SKIP","floor":4},{"not_picked":["Wild Strike","Armaments"],"picked":"Uppercut","floor":7},{"not_picked":["Clothesline","Sword Boomerang","Warcry"],"picked":"SKIP","floor":10},{"not_picked":["Sever Soul","Heavy Blade"],"picked":"Bludgeon","floor":12},{"not_picked":["Clash","Warcry"],"picked":"Twin Strike","floor":13},{"not_picked":["Clothesline","Uppercut"],"picked":"Perfected Strike","floor":14},{"not_picked":["Bludgeon","Exhume"],"picked":"Reaper","floor":16},{"not_picked":["Iron Wave","Headbutt"],"picked":"Cleave","floor":18},{"not_picked":["Sword Boomerang","Corruption"],"picked":"Perfected Strike","floor":22},{"not_picked":["Rupture","Iron Wave+1"],"picked":"Disarm","floor":25},{"not_picked":["Armaments+1","Corruption+1"],"picked":"Havoc+1","floor":27},{"not_picked":["Fiend Fire","Bludgeon"],"picked":"Offering","floor":33},{"not_picked":["Clash+1","Sword Boomerang+1"],"picked":"Shrug It Off","floor":35},{"not_picked":["Pommel Strike","Clothesline"],"picked":"Shrug It Off+1","floor":37},{"not_picked":["Warcry","Rage+1","Inflame"],"picked":"SKIP","floor":38},{"not_picked":["Corruption","Sword Boomerang+1","Clash"],"picked":"SKIP","floor":39},{"not_picked":["Dropkick","Twin Strike"],"picked":"Shockwave","floor":41},{"not_picked":["Battle Trance","Twin Strike","Wild Strike"],"picked":"SKIP","floor":47},{"not_picked":["Cleave","Seeing Red+1","Havoc"],"picked":"SKIP","floor":48}],"player_experience":566534,"relics_obtained":[{"floor":7,"key":"Ancient Tea Set"},{"floor":9,"key":"The Courier"},{"floor":12,"key":"Pen Nib"},{"floor":14,"key":"Potion Belt"},{"floor":20,"key":"WingedGreaves"},{"floor":26,"key":"Vajra"},{"floor":41,"key":"Bottled Tornado"},{"floor":43,"key":"Pantograph"},{"floor":48,"key":"StoneCalendar"}],"event_choices":[{"damage_healed":0,"gold_gain":0,"player_choice":"Entered Light","damage_taken":23,"max_hp_gain":0,"max_hp_loss":0,"event_name":"Shining Light","floor":3,"gold_loss":0,"cards_upgraded":["Strike_R","Defend_R"]},{"damage_healed":0,"gold_gain":0,"player_choice":"Searched \u00271\u0027 times","damage_taken":0,"max_hp_gain":0,"max_hp_loss":0,"event_name":"Dead Adventurer","floor":12,"gold_loss":0},{"damage_healed":0,"gold_gain":0,"player_choice":"Ignored","damage_taken":0,"max_hp_gain":0,"max_hp_loss":0,"event_name":"The Mausoleum","floor":21,"gold_loss":0},{"damage_healed":0,"gold_gain":0,"player_choice":"Obtained Relic","damage_taken":0,"relics_obtained":["Du-Vu Doll"],"max_hp_gain":0,"max_hp_loss":0,"event_name":"Addict","floor":29,"gold_loss":85},{"damage_healed":15,"gold_gain":0,"player_choice":"Heal","damage_taken":0,"max_hp_gain":0,"max_hp_loss":0,"event_name":"The Library","floor":31,"gold_loss":0},{"damage_healed":0,"gold_gain":0,"player_choice":"Bought 3 Potions","damage_taken":0,"max_hp_gain":0,"max_hp_loss":0,"event_name":"The Woman in Blue","floor":36,"gold_loss":0},{"damage_healed":0,"gold_gain":0,"player_choice":"Trade","damage_taken":0,"relics_obtained":["CultistMask"],"max_hp_gain":0,"max_hp_loss":0,"event_name":"FaceTrader","floor":45,"gold_loss":0}],"is_beta":false,"boss_relics":[{"not_picked":["Lizard Tail","Calling Bell"],"picked":"Mark of Pain"},{"not_picked":["Black Star","Orrery"],"picked":"Snecko Eye"}],"items_purged_floors":[19],"is_endless":false,"potions_floor_spawned":[4,7,13,14,18,22,38,39],"killed_by":"Donu and Deca","ascension_level":19}