{"gold_per_floor":[111,111,286,39,49,49,74,88,115,115],"floor_reached":10,"playtime":521,"items_purged":["Doubt"],"score":92,"play_id":"385aa8dc-2e9a-4beb-bf0c-4c88124638d7","local_time":"20190126110032","is_ascension_mode":true,"campfire_choices":[{"data":"True Grit","floor":6.0,"key":"SMITH"}],"neow_cost":"NONE","seed_source_timestamp":3854850018687612,"circlet_count":0,"master_deck":["Strike_R","Strike_R","Strike_R","Strike_R","Strike_R","Defend_R","Defend_R","Defend_R","Defend_R","Bash","True Grit+1","Shrug It Off","Ghostly Armor","Corruption"],"special_seed":0,"relics":["Burning Blood","Smiling Mask","Lee\u0027s Waffle","Bag of Preparation","Happy Flower"],"potions_floor_usage":[],"damage_taken":[{"damage":11.0,"enemies":"Jaw Worm","floor":1.0,"turns":7.0},{"damage":1.0,"enemies":"2 Louse","floor":5.0,"turns":3.0},{"damage":84.0,"enemies":"Lagavulin","floor":7.0,"turns":13.0},{"damage":0.0,"enemies":"Small Slimes","floor":8.0,"turns":3.0},{"damage":39,"enemies":"Gremlin Nob","floor":10,"turns":4}],"seed_played":"-9046616382849686640","potions_obtained":[{"floor":1.0,"key":"Regen Potion"},{"floor":7.0,"key":"Explosive Potion"}],"is_trial":false,"path_per_floor":["M","?","?","$","M","R","E","M","T","E"],"character_chosen":"IRONCLAD","items_purchased":["Lee\u0027s Waffle"],"campfire_rested":0,"item_purchase_floors":[4],"current_hp_per_floor":[67,72,72,92,92,92,29,35,35,0],"gold":115,"neow_bonus":"RANDOM_COMMON_RELIC","is_prod":false,"is_daily":false,"chose_seed":false,"campfire_upgraded":1,"win_rate":0,"timestamp":1548518432,"path_taken":["M","?","?","$","M","R","E","M","T","E"],"build_version":"2019-01-23","purchased_purges":1,"victory":false,"max_hp_per_floor":[80,85,85,92,92,92,92,92,92,92],"card_choices":[{"not_picked":["Iron Wave","Fire Breathing"],"picked":"True Grit","floor":1.0},{"not_picked":["Perfected Strike","Intimidate"],"picked":"Shrug It Off","floor":5.0},{"not_picked":["Warcry","Dropkick"],"picked":"Ghostly Armor","floor":7.0},{"not_picked":["Iron Wave","Pommel Strike"],"picked":"Corruption","floor":8.0}],"player_experience":771929,"relics_obtained":[{"floor":7.0,"key":"Bag of Preparation"},{"floor":9.0,"key":"Happy Flower"}],"event_choices":[{"damage_healed":0.0,"max_hp_gain":5.0,"max_hp_loss":0.0,"gold_gain":0.0,"event_name":"Big Fish","player_choice":"Donut","floor":2.0,"gold_loss":0.0,"damage_taken":0.0},{"damage_healed":0.0,"max_hp_gain":0.0,"max_hp_loss":0.0,"gold_gain":175.0,"event_name":"Liars Game","player_choice":"AGREE","floor":3.0,"gold_loss":0.0,"damage_taken":0.0,"cards_obtained":["Doubt"]}],"is_beta":false,"boss_relics":[],"items_purged_floors":[4],"is_endless":false,"potions_floor_spawned":[1,7],"killed_by":"Gremlin Nob","ascension_level":8}