{"gold_per_floor":[113,24,39,39,56,56,6,6,31,51,51,51,226,126,126,231,231,242,63,89,89,89,108,123,151,229,249,249,275,294,313,313,313],"floor_reached":33,"playtime":826,"items_purged":["Doubt","Strike_R"],"score":275,"play_id":"0d1ba156-e45a-4d55-ab75-9b5e5f38bff7","local_time":"20190525141108","is_ascension_mode":false,"campfire_choices":[{"data":"Evolve","floor":6,"key":"SMITH"},{"data":"Twin Strike","floor":8,"key":"SMITH"},{"data":"Flash of Steel","floor":11,"key":"SMITH"},{"data":"Shrug It Off","floor":15,"key":"SMITH"},{"floor":28,"key":"REST"},{"floor":32,"key":"REST"}],"neow_cost":"NONE","seed_source_timestamp":413301133944600,"circlet_count":0,"master_deck":["Strike_R","Strike_R+1","Strike_R","Defend_R+1","Defend_R","Bash+1","Twin Strike+1","Flash of Steel+1","Rampage+1","Evolve+1","Shrug It Off+1","Limit Break","Inflame","J.A.X.","Reckless Charge+1","Battle Trance","Sword Boomerang"],"relics":["Burning Blood","Blood Vial","Empty Cage","Red Mask","Ice Cream","Singing Bowl","Self Forming Clay"],"potions_floor_usage":[16,20,20,24,25,29,30,30,30,33,33],"damage_taken":[{"damage":3,"enemies":"Small Slimes","floor":1,"turns":3},{"damage":0,"enemies":"2 Louse","floor":3,"turns":2},{"damage":8,"enemies":"Jaw Worm","floor":5,"turns":3},{"damage":6,"enemies":"3 Louse","floor":10,"turns":2},{"damage":28,"enemies":"The Guardian","floor":16,"turns":12},{"damage":10,"enemies":"Chosen","floor":18,"turns":4},{"damage":9,"enemies":"Masked Bandits","floor":20,"turns":3},{"damage":12,"enemies":"2 Thieves","floor":23,"turns":3},{"damage":17,"enemies":"Chosen and Byrds","floor":24,"turns":4},{"damage":28,"enemies":"Gremlin Leader","floor":25,"turns":4},{"damage":20,"enemies":"Snake Plant","floor":27,"turns":3},{"damage":37,"enemies":"Book of Stabbing","floor":29,"turns":4},{"damage":22,"enemies":"3 Cultists","floor":30,"turns":5},{"damage":13,"enemies":"Shelled Parasite and Fungi","floor":31,"turns":3},{"damage":71,"enemies":"Collector","floor":33,"turns":7}],"seed_played":"-259927372855780434","potions_obtained":[{"floor":5,"key":"EssenceOfSteel"},{"floor":16,"key":"Poison Potion"},{"floor":18,"key":"Energy Potion"},{"floor":20,"key":"SkillPotion"},{"floor":24,"key":"AttackPotion"},{"floor":27,"key":"EntropicBrew"},{"floor":29,"key":"Regen Potion"}],"is_trial":false,"path_per_floor":["M","$","M","?","M","R","?","R","T","M","R","?","?","$","R","B",null,"M","$","?","?","?","M","M","E","T","M","R","E","M","M","R","B"],"character_chosen":"IRONCLAD","items_purchased":["Flash of Steel","Shrug It Off","Inflame"],"campfire_rested":2,"item_purchase_floors":[2,14,19],"current_hp_per_floor":[80,80,80,80,78,78,78,78,78,80,80,64,64,64,64,44,80,76,76,75,75,75,71,62,42,42,32,56,29,29,26,51,0],"gold":313,"neow_bonus":"UPGRADE_CARD","is_prod":false,"is_daily":false,"chose_seed":false,"campfire_upgraded":4,"win_rate":0,"timestamp":1558818668,"path_taken":["M","$","M","?","M","R","?","R","T","M","R","?","?","$","R","BOSS","M","$","?","?","?","?","?","E","T","M","R","E","?","M","R","BOSS"],"build_version":"2019-01-23","purchased_purges":2,"victory":false,"max_hp_per_floor":[80,80,80,80,80,80,80,80,80,80,80,80,80,80,80,80,80,80,80,80,80,80,80,80,80,80,82,82,84,84,86,86,86],"card_choices":[{"not_picked":["Headbutt","Bloodletting"],"picked":"Twin Strike","floor":1},{"not_picked":["Combust","Infernal Blade"],"picked":"Rampage","floor":3},{"not_picked":["Dual Wield","True Grit"],"picked":"Evolve","floor":5},{"not_picked":["Seeing Red","Cleave","Intimidate"],"picked":"SKIP","floor":10},{"not_picked":["Dark Embrace","Berserk"],"picked":"Limit Break","floor":16},{"not_picked":["Sword Boomerang","Evolve","Wild Strike"],"picked":"SKIP","floor":18},{"not_picked":["Iron Wave","True Grit"],"picked":"Reckless Charge+1","floor":23},{"not_picked":["Clash","Wild Strike"],"picked":"Battle Trance","floor":24},{"not_picked":["Thunderclap","Clash+1","Iron Wave"],"picked":"SKIP","floor":25},{"not_picked":["Whirlwind","Wild Strike","Sword Boomerang"],"picked":"Singing Bowl","floor":27},{"not_picked":["Barricade","Pommel Strike","Wild Strike"],"picked":"Singing Bowl","floor":29},{"not_picked":["Body Slam","Perfected Strike"],"picked":"Sword Boomerang","floor":30},{"not_picked":["Blood for Blood","Shrug It Off","Warcry"],"picked":"Singing Bowl","floor":31}],"player_experience":475315,"relics_obtained":[{"floor":9,"key":"Blood Vial"},{"floor":20,"key":"Red Mask"},{"floor":25,"key":"Ice Cream"},{"floor":26,"key":"Singing Bowl"},{"floor":29,"key":"Self Forming Clay"}],"event_choices":[{"damage_healed":0,"gold_gain":0,"player_choice":"Grow","damage_taken":0,"max_hp_gain":0,"max_hp_loss":0,"event_name":"Living Wall","floor":4,"gold_loss":0,"cards_upgraded":["Rampage"]},{"cards_removed":["Defend_R"],"damage_healed":0,"gold_gain":0,"player_choice":"Card Removal","damage_taken":0,"max_hp_gain":0,"max_hp_loss":0,"event_name":"The Cleric","floor":7,"gold_loss":50},{"damage_healed":0,"gold_gain":0,"player_choice":"Entered Light","damage_taken":16,"max_hp_gain":0,"max_hp_loss":0,"event_name":"Shining Light","floor":12,"gold_loss":0,"cards_upgraded":["Strike_R","Defend_R"]},{"damage_healed":0,"gold_gain":175,"player_choice":"AGREE","damage_taken":0,"max_hp_gain":0,"max_hp_loss":0,"event_name":"Liars Game","floor":13,"gold_loss":0,"cards_obtained":["Doubt"]},{"damage_healed":0,"gold_gain":0,"player_choice":"Fought Bandits","damage_taken":0,"max_hp_gain":0,"max_hp_loss":0,"event_name":"Masked Bandits","floor":20,"gold_loss":0},{"damage_healed":0,"gold_gain":0,"player_choice":"Obtain J.A.X.","damage_taken":0,"max_hp_gain":0,"max_hp_loss":0,"event_name":"Drug Dealer","floor":21,"gold_loss":0,"cards_obtained":["J.A.X."]},{"damage_healed":0,"gold_gain":0,"player_choice":"0 cards matched","damage_taken":0,"max_hp_gain":0,"max_hp_loss":0,"event_name":"Match and Keep!","floor":22,"gold_loss":0,"cards_obtained":[]}],"is_beta":false,"boss_relics":[{"not_picked":["Philosopher\u0027s Stone","Runic Pyramid"],"picked":"Empty Cage"}],"items_purged_floors":[14,19],"is_endless":false,"potions_floor_spawned":[5,16,18,20,24,27,29],"killed_by":"Collector","ascension_level":0}