{"gold_per_floor":[109,40,58,35,35,35,55,55,55,55,66,83,8,23,23,128,128,117,23,41,41,41,41,56,56,56,90,90,90,100,111,111,111],"floor_reached":33,"playtime":2323,"items_purged":["Strike_G"],"score":411,"play_id":"85e1ac5e-37dd-4aa7-a329-3f803a9e3174","local_time":"20190615115259","is_ascension_mode":true,"campfire_choices":[{"floor":6.0,"key":"REST"},{"data":"Deadly Poison","floor":8.0,"key":"SMITH"},{"floor":15.0,"key":"REST"},{"floor":23.0,"key":"REST"},{"data":"Sucker Punch","floor":25.0,"key":"SMITH"},{"floor":29.0,"key":"REST"},{"floor":32.0,"key":"REST"}],"neow_cost":"NONE","seed_source_timestamp":58739836688900,"circlet_count":0,"master_deck":["AscendersBane","Defend_G","Defend_G","Defend_G","Defend_G","Defend_G","Strike_G","Strike_G+1","Strike_G","Strike_G","Survivor","Neutralize+1","Terror+1","Footwork+1","All Out Attack","Deadly Poison+1","Dash","Outmaneuver+1","Cloak And Dagger+1","Sucker Punch+1","Malaise+1","Cloak And Dagger+1","Finesse+1","Backflip+1","Leg Sweep+1","Deadly Poison+1","Escape Plan+1","Storm of Steel+1","Cloak And Dagger+1"],"special_seed":0,"relics":["Ring of the Snake","Toxic Egg 2","Eternal Feather","Anchor","Lantern"],"potions_floor_usage":[33,33],"damage_taken":[{"damage":0.0,"enemies":"Cultist","floor":1.0,"turns":5.0},{"damage":8.0,"enemies":"Small Slimes","floor":3.0,"turns":4.0},{"damage":5.0,"enemies":"Jaw Worm","floor":7.0,"turns":4.0},{"damage":0.0,"enemies":"Exordium Wildlife","floor":11.0,"turns":2.0},{"damage":6.0,"enemies":"Exordium Thugs","floor":12.0,"turns":4.0},{"damage":1.0,"enemies":"3 Louse","floor":14.0,"turns":4.0},{"damage":47.0,"enemies":"Slime Boss","floor":16.0,"turns":18.0},{"damage":20.0,"enemies":"2 Thieves","floor":18.0,"turns":4.0},{"damage":1.0,"enemies":"Shell Parasite","floor":20.0,"turns":6.0},{"damage":11.0,"enemies":"Colosseum Slavers","floor":22.0,"turns":8.0},{"damage":0.0,"enemies":"Snake Plant","floor":24.0,"turns":6.0},{"damage":42.0,"enemies":"Slavers","floor":27.0,"turns":10.0},{"damage":12.0,"enemies":"Centurion and Healer","floor":30.0,"turns":10.0},{"damage":18.0,"enemies":"Snecko","floor":31.0,"turns":7.0},{"damage":87,"enemies":"Champ","floor":33,"turns":18}],"seed_played":"5123668258778221199","potions_obtained":[{"floor":3.0,"key":"SpeedPotion"},{"floor":31.0,"key":"Regen Potion"}],"is_trial":false,"path_per_floor":["M","$","M","$","?","R","M","R","T","?","M","M","$","M","R","B",null,"M","$","M","?","?","R","M","R","T","E","$","R","M","M","R","B"],"character_chosen":"THE_SILENT","items_purchased":["Footwork","Deadly Poison","Finesse+1"],"campfire_rested":5,"item_purchase_floors":[2,4,19],"current_hp_per_floor":[63,63,55,55,41,62,57,57,57,57,57,51,51,50,70,23,58,38,38,37,37,26,62,62,70,70,28,28,64,52,34,70,0],"gold":111,"neow_bonus":"UPGRADE_CARD","is_prod":false,"is_daily":false,"chose_seed":false,"campfire_upgraded":2,"win_rate":0,"timestamp":1560613979,"path_taken":["M","$","M","$","?","R","M","R","T","?","?","M","?","?","R","BOSS","M","$","M","?","?","R","M","R","T","E","$","R","M","M","R","BOSS"],"build_version":"2019-01-23","purchased_purges":1,"victory":false,"max_hp_per_floor":[70,70,70,70,70,70,70,70,70,70,70,70,70,70,70,70,70,70,70,70,70,70,70,70,70,70,70,70,70,70,70,70,70],"card_choices":[{"not_picked":["Flying Knee","Poisoned Stab"],"picked":"Terror","floor":1.0},{"not_picked":["Slice","Deflect"],"picked":"All Out Attack","floor":3.0},{"not_picked":["Dodge and Roll","Flechettes"],"picked":"Dash","floor":7.0},{"not_picked":["Terror+1","Underhanded Strike"],"picked":"Outmaneuver+1","floor":11.0},{"not_picked":["Setup+1","Outmaneuver+1"],"picked":"Cloak And Dagger+1","floor":12.0},{"not_picked":["Prepared+1","Dagger Throw"],"picked":"Sucker Punch","floor":14.0},{"not_picked":["Envenom","A Thousand Cuts"],"picked":"Malaise+1","floor":16.0},{"not_picked":["Poisoned Stab","Reflex+1"],"picked":"Cloak And Dagger+1","floor":18.0},{"not_picked":["Dagger Throw","Acrobatics+1"],"picked":"Backflip+1","floor":20.0},{"not_picked":["Outmaneuver+1","Dagger Throw"],"picked":"Deadly Poison+1","floor":24.0},{"not_picked":["Predator","Accuracy"],"picked":"Escape Plan+1","floor":27.0},{"not_picked":["Outmaneuver+1","Flying Knee"],"picked":"Storm of Steel+1","floor":30.0},{"not_picked":["Bane","Sucker Punch"],"picked":"Cloak And Dagger+1","floor":31.0}],"player_experience":315611,"relics_obtained":[{"floor":9.0,"key":"Toxic Egg 2"},{"floor":26.0,"key":"Anchor"},{"floor":27.0,"key":"Lantern"}],"event_choices":[{"damage_healed":0.0,"max_hp_gain":0.0,"max_hp_loss":0.0,"gold_gain":0.0,"event_name":"Shining Light","player_choice":"Entered Light","floor":5.0,"gold_loss":0.0,"damage_taken":14.0,"cards_upgraded":["Strike_G","Footwork"]},{"damage_healed":0.0,"max_hp_gain":0.0,"max_hp_loss":0.0,"gold_gain":0.0,"event_name":"Upgrade Shrine","player_choice":"Upgraded","floor":10.0,"gold_loss":0.0,"damage_taken":0.0,"cards_upgraded":["Terror"]},{"damage_healed":0.0,"max_hp_gain":0.0,"max_hp_loss":0.0,"gold_gain":0.0,"event_name":"The Library","player_choice":"Read","floor":21.0,"gold_loss":0.0,"damage_taken":0.0,"cards_obtained":["Leg Sweep"]},{"damage_healed":0.0,"max_hp_gain":0.0,"max_hp_loss":0.0,"gold_gain":0.0,"event_name":"Colosseum","player_choice":"Fight","floor":22.0,"gold_loss":0.0,"damage_taken":0.0},{"damage_healed":0.0,"max_hp_gain":0.0,"max_hp_loss":0.0,"gold_gain":0.0,"event_name":"Colosseum","player_choice":"Fled From Nobs","floor":22.0,"gold_loss":0.0,"damage_taken":0.0}],"is_beta":false,"boss_relics":[{"not_picked":["Coffee Dripper","Snecko Eye"],"picked":"Eternal Feather"}],"items_purged_floors":[13],"is_endless":false,"potions_floor_spawned":[3,22,31],"killed_by":"Champ","ascension_level":12}