{"gold_per_floor":[116,38,58,74,92,92,107,107,107,107,117,117,446,463,463,563,563,580,155,142,28,28],"floor_reached":22,"playtime":1310,"items_purged":[],"score":273,"play_id":"d872a0b4-2374-43c8-8267-c144e37021c3","local_time":"20180914192038","is_ascension_mode":true,"campfire_choices":[{"floor":6,"key":"REST"},{"floor":8,"key":"REST"},{"data":"Neutralize","floor":10,"key":"SMITH"},{"data":"Leg Sweep","floor":12,"key":"SMITH"},{"floor":15,"key":"REST"}],"neow_cost":"","seed_source_timestamp":172378925752635,"circlet_count":0,"master_deck":["Defend_G","Defend_G","Defend_G","Defend_G","Defend_G","Strike_G","Strike_G","Survivor","Neutralize+1","All Out Attack","Sucker Punch","Heel Hook","Flying Knee","Deflect","Leg Sweep+1","Die Die Die","Backflip","A Thousand Cuts","Caltrops+1","Flechettes+1","Night Terror+1","Dagger Throw","Noxious Fumes","Choke","Leg Sweep","Noxious Fumes"],"relics":["Ring of the Snake","Calipers","The Specimen","Old Coin","Astrolabe","Blood Vial","MealTicket"],"potions_floor_usage":[13,16,16,22],"damage_taken":[{"damage":3,"enemies":"Small Slimes","floor":1,"turns":5},{"damage":0,"enemies":"Cultist","floor":3,"turns":3},{"damage":0,"enemies":"2 Louse","floor":4,"turns":3},{"damage":24,"enemies":"Lots of Slimes","floor":5,"turns":5},{"damage":10,"enemies":"Gremlin Gang","floor":7,"turns":2},{"damage":0,"enemies":"Looter","floor":11,"turns":4},{"damage":15,"enemies":"Gremlin Nob","floor":13,"turns":6},{"damage":0,"enemies":"3 Louse","floor":14,"turns":2},{"damage":41,"enemies":"The Guardian","floor":16,"turns":22},{"damage":40,"enemies":"Spheric Guardian","floor":18,"turns":8},{"damage":6,"enemies":"2 Thieves","floor":20,"turns":4},{"damage":28,"enemies":"3 Cultists","floor":22,"turns":4}],"seed_played":"5213958909492057878","potions_obtained":[{"floor":4,"key":"EssenceOfSteel"},{"floor":11,"key":"Ancient Potion"},{"floor":13,"key":"Ancient Potion"},{"floor":14,"key":"Poison Potion"},{"floor":20,"key":"SpeedPotion"}],"is_trial":false,"path_per_floor":["M","?","M","M","M","R","M","R","T","R","M","R","E","M","R","B",null,"M","$","M","$"],"character_chosen":"THE_SILENT","items_purchased":["Noxious Fumes","Blood Vial","MealTicket","Leg Sweep","Noxious Fumes"],"campfire_rested":3,"item_purchase_floors":[19,19,19,21,21],"current_hp_per_floor":[60,60,60,60,36,57,47,68,68,68,68,68,53,53,70,29,60,20,20,16,23,0],"gold":28,"neow_bonus":"","is_prod":false,"is_daily":false,"chose_seed":false,"campfire_upgraded":2,"win_rate":0,"timestamp":1536967238,"path_taken":["M","?","M","?","M","R","M","R","T","R","M","R","E","M","R","BOSS","M","$","?","$","?"],"build_version":"2018-09-06","purchased_purges":0,"victory":false,"max_hp_per_floor":[70,70,70,70,70,70,70,70,70,70,70,70,70,70,70,70,70,70,70,70,70,70],"card_choices":[{"not_picked":["Poisoned Stab","Setup"],"picked":"All Out Attack","floor":1},{"not_picked":["Blade Dance","Prepared"],"picked":"Sucker Punch","floor":3},{"not_picked":["Well Laid Plans","Slice"],"picked":"Heel Hook","floor":4},{"not_picked":["Underhanded Strike","Prepared"],"picked":"Flying Knee","floor":5},{"not_picked":["Acrobatics","Poisoned Stab"],"picked":"Deflect","floor":7},{"not_picked":["Sucker Punch","PiercingWail"],"picked":"Leg Sweep","floor":11},{"not_picked":["Dodge and Roll","Quick Slash"],"picked":"Die Die Die","floor":13},{"not_picked":["Quick Slash","Riddle With Holes"],"picked":"Backflip","floor":14},{"not_picked":["Phantasmal Killer","Wraith Form v2"],"picked":"A Thousand Cuts","floor":16},{"not_picked":["Endless Agony","Blade Dance"],"picked":"Dagger Throw","floor":18},{"not_picked":["Outmaneuver+1","Prepared"],"picked":"Choke","floor":20}],"player_experience":191723,"relics_obtained":[{"floor":9,"key":"The Specimen"},{"floor":13,"key":"Old Coin"}],"event_choices":[{"event_name":"WeMeetAgain","player_choice":"Gold","floor":2,"damage_taken":0}],"is_beta":false,"boss_relics":[{"not_picked":["White Beast Statue","Orrery"],"picked":"Astrolabe"}],"items_purged_floors":[],"is_endless":false,"potions_floor_spawned":[4,11,13,14,20],"killed_by":"3 Cultists","ascension_level":9}