{"gold_per_floor":[214,214,214,289,439,439,455,467,467,200,200,27,27,46,46,117,117,136,136,150,72,91,91],"floor_reached":23,"playtime":1633,"items_purged":["Doubt","Strike_B"],"score":313,"play_id":"5f39aa3a-483f-4eb4-a7cb-47bfade640fb","local_time":"20190427195523","is_ascension_mode":true,"campfire_choices":[{"data":"Zap","floor":6.0,"key":"SMITH"},{"data":"Dualcast","floor":11.0,"key":"SMITH"},{"floor":15.0,"key":"REST"}],"neow_cost":"NONE","seed_source_timestamp":512642969963800,"circlet_count":0,"master_deck":["AscendersBane","Strike_B+1","Strike_B+1","Strike_B+1","Defend_B+1","Defend_B+1","Defend_B+1","Defend_B+1","Zap+1","Dualcast+1","Go for the Eyes","Conserve Battery","Master of Strategy","Defragment","Core Surge","Electrodynamics","Reprogram","Undo+1"],"special_seed":0,"relics":["Cracked Core","Darkstone Periapt","Cursed Key"],"potions_floor_usage":[23],"damage_taken":[{"damage":1.0,"enemies":"Cultist","floor":1.0,"turns":4.0},{"damage":7.0,"enemies":"Jaw Worm","floor":7.0,"turns":3.0},{"damage":0.0,"enemies":"2 Louse","floor":8.0,"turns":2.0},{"damage":11.0,"enemies":"Large Slime","floor":14.0,"turns":6.0},{"damage":52.0,"enemies":"The Guardian","floor":16.0,"turns":14.0},{"damage":2,"enemies":"3 Byrds","floor":18,"turns":2},{"damage":22,"enemies":"2 Thieves","floor":20,"turns":2},{"damage":17,"enemies":"Snake Plant","floor":22,"turns":5},{"damage":24,"enemies":"Book of Stabbing","floor":23,"turns":4}],"seed_played":"4625092029536090369","potions_obtained":[{"floor":14.0,"key":"Fruit Juice"},{"floor":18,"key":"AttackPotion"}],"is_trial":false,"path_per_floor":["M","?","?","?","?","R","M","M","T","$","R","$","?","M","R","B",null,"M","?","M","$","M","E"],"character_chosen":"DEFECT","items_purchased":["Master of Strategy","Defragment","Reprogram"],"campfire_rested":1,"item_purchase_floors":[10,12,21],"current_hp_per_floor":[63,68,68,57,57,57,50,50,50,50,50,50,50,44,68,16,65,63,63,41,41,24,0],"gold":91,"neow_bonus":"HUNDRED_GOLD","is_prod":false,"is_daily":false,"chose_seed":false,"campfire_upgraded":2,"win_rate":0,"timestamp":1556409323,"path_taken":["M","?","?","?","?","R","M","?","T","$","R","$","?","M","R","BOSS","M","?","M","$","M","E"],"build_version":"2019-01-23","purchased_purges":2,"victory":false,"max_hp_per_floor":[71,76,76,76,76,76,76,76,76,76,76,76,76,81,81,81,81,81,81,81,81,81,81],"card_choices":[{"not_picked":["Gash","Leap"],"picked":"Go for the Eyes","floor":1.0},{"not_picked":["Compile Driver","Turbo","Recycle"],"picked":"SKIP","floor":7.0},{"not_picked":["Doom and Gloom","Chaos"],"picked":"Conserve Battery","floor":8.0},{"not_picked":["Reprogram","Conserve Battery"],"picked":"Core Surge","floor":14.0},{"not_picked":["Creative AI","Meteor Strike"],"picked":"Electrodynamics","floor":16.0},{"not_picked":["Ball Lightning","Streamline","Sunder"],"picked":"SKIP","floor":18},{"not_picked":["Consume","Go for the Eyes","Turbo"],"picked":"SKIP","floor":20},{"not_picked":["Coolheaded","Gash"],"picked":"Undo+1","floor":22}],"player_experience":1042902,"relics_obtained":[{"floor":9.0,"key":"Darkstone Periapt"}],"event_choices":[{"damage_healed":0.0,"max_hp_gain":5.0,"max_hp_loss":0.0,"gold_gain":0.0,"event_name":"Big Fish","player_choice":"Donut","floor":2.0,"gold_loss":0.0,"damage_taken":0.0},{"damage_healed":0.0,"max_hp_gain":0.0,"max_hp_loss":0.0,"gold_gain":0.0,"event_name":"Scrap Ooze","player_choice":"Fled","floor":3.0,"gold_loss":0.0,"damage_taken":0.0},{"damage_healed":0.0,"max_hp_gain":0.0,"max_hp_loss":0.0,"gold_gain":75.0,"event_name":"World of Goop","player_choice":"Gather Gold","floor":4.0,"gold_loss":0.0,"damage_taken":11.0},{"damage_healed":0.0,"max_hp_gain":0.0,"max_hp_loss":0.0,"gold_gain":150.0,"event_name":"Liars Game","player_choice":"AGREE","floor":5.0,"gold_loss":0.0,"damage_taken":0.0,"cards_obtained":["Doubt"]},{"damage_healed":0.0,"max_hp_gain":0.0,"max_hp_loss":0.0,"gold_gain":0.0,"event_name":"Shining Light","player_choice":"Ignored","floor":13.0,"gold_loss":0.0,"damage_taken":0.0},{"damage_healed":0,"gold_gain":0,"player_choice":"Simplicity","damage_taken":0,"max_hp_gain":0,"max_hp_loss":0,"event_name":"Back to Basics","floor":19,"gold_loss":0,"cards_upgraded":["Strike_B","Strike_B","Strike_B","Defend_B","Defend_B","Defend_B","Defend_B"]}],"is_beta":false,"boss_relics":[{"not_picked":["White Beast Statue","Pandora\u0027s Box"],"picked":"Cursed Key"}],"items_purged_floors":[10,12],"is_endless":false,"potions_floor_spawned":[14,18],"killed_by":"Book of Stabbing","ascension_level":15}