{"gold_per_floor":[114,114,128,147,147,147,180,200,230,242,242,276,292,322,322,396,396,336,336,51,51,51,51,51,51,51,51,51,51,51,51,51,51,51,51,51,51,51,51,51,51,51,51,51,51,51,51,51,51,51,51],"floor_reached":52,"playtime":2517,"items_purged":["Strike_B"],"score":2073,"play_id":"7490e80a-f642-468d-9326-09d55084f41e","local_time":"20180816121437","is_ascension_mode":true,"campfire_choices":[{"data":"Sunder","floor":6.0,"key":"SMITH"},{"data":"Beam Cell","floor":11.0,"key":"SMITH"},{"data":"Hologram","floor":15.0,"key":"SMITH"},{"data":"Coolheaded","floor":23.0,"key":"SMITH"},{"data":"Hologram","floor":28.0,"key":"SMITH"},{"data":"Beam Cell","floor":30.0,"key":"SMITH"},{"data":"Reinforced Body","floor":32.0,"key":"SMITH"},{"data":"Turbo","floor":40.0,"key":"SMITH"},{"data":"Seek","floor":49.0,"key":"SMITH"}],"neow_cost":"NONE","seed_source_timestamp":65946000275792,"circlet_count":0,"master_deck":["Strike_B","Defend_B","Defend_B+1","Defend_B+1","Defend_B","Zap+1","Dualcast+1","AscendersBane","Self Repair","Sunder+1","Gash","Beam Cell+1","Gash","Compile Driver","Leap","Hologram+1","Electrodynamics","Hologram+1","Coolheaded+1","Beam Cell+1","Reinforced Body+1","Stack+1","All For One","Coolheaded+1","Madness","Madness","Metamorphosis","Turbo+1","Madness","Madness","Seek+1"],"special_seed":0,"relics":["Cracked Core","War Paint","Vajra","Tiny Chest","StoneCalendar","Ectoplasm","Bag of Marbles","Anchor","Blood Vial","Coffee Dripper","Mercury Hourglass","Bag of Preparation","Pen Nib"],"potions_floor_usage":[50],"damage_taken":[{"damage":4.0,"enemies":"Small Slimes","floor":1.0,"turns":3.0},{"damage":2.0,"enemies":"Jaw Worm","floor":3.0,"turns":3.0},{"damage":0.0,"enemies":"Cultist","floor":4.0,"turns":3.0},{"damage":7.0,"enemies":"3 Sentries","floor":7.0,"turns":6.0},{"damage":0.0,"enemies":"3 Louse","floor":8.0,"turns":2.0},{"damage":0.0,"enemies":"2 Fungi Beasts","floor":10.0,"turns":2.0},{"damage":0.0,"enemies":"Lagavulin","floor":12.0,"turns":5.0},{"damage":10.0,"enemies":"Exordium Thugs","floor":13.0,"turns":3.0},{"damage":3.0,"enemies":"Gremlin Nob","floor":14.0,"turns":3.0},{"damage":20.0,"enemies":"Hexaghost","floor":16.0,"turns":8.0},{"damage":14.0,"enemies":"2 Thieves","floor":18.0,"turns":3.0},{"damage":6.0,"enemies":"Chosen","floor":19.0,"turns":4.0},{"damage":17.0,"enemies":"Snake Plant","floor":21.0,"turns":3.0},{"damage":14.0,"enemies":"Book of Stabbing","floor":24.0,"turns":5.0},{"damage":0.0,"enemies":"Centurion and Healer","floor":25.0,"turns":4.0},{"damage":0.0,"enemies":"Snecko","floor":27.0,"turns":4.0},{"damage":4.0,"enemies":"3 Cultists","floor":29.0,"turns":4.0},{"damage":39.0,"enemies":"Champ","floor":33.0,"turns":16.0},{"damage":0.0,"enemies":"3 Shapes","floor":35.0,"turns":3.0},{"damage":0.0,"enemies":"3 Darklings","floor":38.0,"turns":2.0},{"damage":5.0,"enemies":"Flame Bruiser 2 Orb","floor":39.0,"turns":6.0},{"damage":9.0,"enemies":"Transient","floor":41.0,"turns":6.0},{"damage":0.0,"enemies":"Giant Head","floor":47.0,"turns":4.0},{"damage":0.0,"enemies":"Maw","floor":48.0,"turns":3.0},{"damage":33,"enemies":"Awakened One","floor":50,"turns":3},{"damage":0,"enemies":"Donu and Deca","floor":51,"turns":3}],"seed_played":"658402240658178783","potions_obtained":[{"floor":1.0,"key":"SpeedPotion"},{"floor":8.0,"key":"Dexterity Potion"},{"floor":10.0,"key":"Block Potion"},{"floor":18.0,"key":"Block Potion"},{"floor":19.0,"key":"GamblersBrew"},{"floor":38.0,"key":"Block Potion"},{"floor":39.0,"key":"Swift Potion"},{"floor":41.0,"key":"Swift Potion"}],"is_trial":false,"path_per_floor":["M","?","M","M","?","R","E","M","T","M","R","E","M","E","R","B",null,"M","M","$","M","?","R","E","M","T","M","R","M","R","$","R","B",null,"M","?","T","M","M","R","M","$","T","$","?","?","E","M","R","B","B"],"character_chosen":"DEFECT","items_purchased":["Bag of Marbles"],"campfire_rested":0,"item_purchase_floors":[20],"current_hp_per_floor":[60,53,51,58,37,37,37,37,37,44,44,51,48,52,52,39,63,56,57,57,47,27,27,20,27,27,36,36,41,41,41,41,11,60,69,59,59,61,65,65,65,65,65,65,65,51,60,62,62,31,33],"gold":51,"neow_bonus":"RANDOM_COMMON_RELIC","is_prod":false,"is_daily":false,"chose_seed":false,"campfire_upgraded":9,"win_rate":0,"timestamp":1534414477,"path_taken":["M","?","M","M","?","R","E","M","T","M","R","E","?","E","R","BOSS","M","M","$","M","?","R","E","M","T","M","R","M","R","$","R","BOSS","M","?","?","?","M","R","M","$","T","$","?","?","E","M","R","BOSS","BOSS"],"build_version":"2018-08-15","purchased_purges":1,"victory":true,"max_hp_per_floor":[71,71,71,71,71,71,71,71,71,71,71,71,71,71,71,71,71,71,71,71,71,76,76,76,76,76,76,76,76,76,76,76,76,76,76,76,76,76,76,76,76,76,76,76,76,76,76,76,76,76,76],"card_choices":[{"not_picked":["Aggregate","Barrage","Streamline"],"picked":"SKIP","floor":1.0},{"not_picked":["Heatsinks","Redo"],"picked":"Self Repair","floor":3.0},{"not_picked":["Leap","Scrape"],"picked":"Sunder","floor":4.0},{"not_picked":["Biased Cognition","Streamline"],"picked":"Gash","floor":7.0},{"not_picked":["Coolheaded","Ball Lightning"],"picked":"Beam Cell","floor":8.0},{"not_picked":["Conserve Battery","Genetic Algorithm"],"picked":"Gash","floor":10.0},{"not_picked":["Darkness","Fusion"],"picked":"Compile Driver","floor":12.0},{"not_picked":["Barrage","Redo"],"picked":"Leap","floor":13.0},{"not_picked":["Steam","Gash"],"picked":"Hologram","floor":14.0},{"not_picked":["Buffer","Meteor Strike"],"picked":"Electrodynamics","floor":16.0},{"not_picked":["Rebound","Genetic Algorithm","Streamline"],"picked":"SKIP","floor":18.0},{"not_picked":["Cold Snap","Compile Driver+1"],"picked":"Hologram","floor":19.0},{"not_picked":["Ball Lightning","Beam Cell"],"picked":"Coolheaded","floor":21.0},{"not_picked":["Capacitor","Electrodynamics"],"picked":"Beam Cell","floor":24.0},{"not_picked":["Stack","Barrage+1"],"picked":"Reinforced Body","floor":25.0},{"not_picked":["Sweeping Beam","Recycle"],"picked":"Stack+1","floor":27.0},{"not_picked":["Leap+1","Melter","Doom and Gloom"],"picked":"SKIP","floor":29.0},{"not_picked":["Echo Form","Thunder Strike"],"picked":"All For One","floor":33.0},{"not_picked":["Rebound","Static Discharge"],"picked":"Coolheaded+1","floor":35.0},{"not_picked":["Enlightenment","Dramatic Entrance"],"picked":"Madness","floor":36.0},{"not_picked":["Panacea","Forethought"],"picked":"Madness","floor":36.0},{"not_picked":["Purity","Blind"],"picked":"Metamorphosis","floor":36.0},{"not_picked":["Beam Cell","Darkness"],"picked":"Turbo","floor":38.0},{"not_picked":["Leap","Streamline","Conserve Battery"],"picked":"SKIP","floor":39.0},{"not_picked":["Rebound","Melter","Ball Lightning"],"picked":"SKIP","floor":41.0},{"not_picked":["Rip and Tear+1","Blizzard+1"],"picked":"Seek","floor":47.0},{"not_picked":["Self Repair","Chill","Steam"],"picked":"SKIP","floor":48.0}],"player_experience":884799,"relics_obtained":[{"floor":7.0,"key":"Vajra"},{"floor":9.0,"key":"Tiny Chest"},{"floor":14.0,"key":"StoneCalendar"},{"floor":24.0,"key":"Anchor"},{"floor":26.0,"key":"Blood Vial"},{"floor":37.0,"key":"Mercury Hourglass"},{"floor":43.0,"key":"Bag of Preparation"},{"floor":47.0,"key":"Pen Nib"}],"event_choices":[{"event_name":"Golden Wing","player_choice":"Card Removal","floor":2.0,"damage_taken":0.0},{"event_name":"Shining Light","player_choice":"Entered Light","floor":5.0,"damage_taken":0.0},{"event_name":"Forgotten Altar","player_choice":"Shed Blood","floor":22.0,"damage_taken":0.0},{"event_name":"SensoryStone","player_choice":"Memory 3","floor":36.0,"damage_taken":0.0},{"event_name":"Purifier","player_choice":"One Purge","floor":45.0,"damage_taken":0.0},{"event_name":"Winding Halls","player_choice":"Embrace Madness","floor":46.0,"damage_taken":0.0}],"is_beta":true,"boss_relics":[{"not_picked":["Busted Crown","Snecko Eye"],"picked":"Ectoplasm"},{"not_picked":["Eternal Feather","Black Star"],"picked":"Coffee Dripper"}],"items_purged_floors":[20],"is_endless":false,"potions_floor_spawned":[1,8,10,13,16,18,19,38,39,41],"ascension_level":20}