{"gold_per_floor":[114,125,139,155,119,119,119,119,119,131,169,181],"floor_reached":12,"playtime":362,"items_purged":[],"score":148,"play_id":"61a0a050-d49d-4977-9ac3-3909737fbc80","local_time":"20190510214746","is_ascension_mode":true,"campfire_choices":[{"data":"Disarm","floor":6,"key":"SMITH"},{"data":"Clothesline","floor":8,"key":"SMITH"},{"data":"Spot Weakness","floor":10,"key":"SMITH"}],"neow_cost":"CURSE","seed_source_timestamp":69555076642900,"circlet_count":0,"master_deck":["AscendersBane","Strike_R","Strike_R","Strike_R","Strike_R","Strike_R","Defend_R","Defend_R","Defend_R","Defend_R","Bash","Clumsy","Carnage","Spot Weakness","Clothesline+1","Spot Weakness+1","Disarm+1","Feed"],"relics":["Burning Blood","StoneCalendar","MawBank","Pantograph"],"potions_floor_usage":[4,11],"damage_taken":[{"damage":14,"enemies":"Small Slimes","floor":1,"turns":4},{"damage":0,"enemies":"Cultist","floor":2,"turns":2},{"damage":9,"enemies":"2 Louse","floor":3,"turns":3},{"damage":19,"enemies":"Exordium Thugs","floor":4,"turns":4},{"damage":40,"enemies":"3 Sentries","floor":11,"turns":7},{"damage":16,"enemies":"Large Slime","floor":12,"turns":2}],"seed_played":"2744220547100081764","potions_obtained":[{"floor":1,"key":"Poison Potion"},{"floor":2,"key":"SpeedPotion"}],"is_trial":false,"path_per_floor":["M","M","M","M","$","R","$","R","T","R","E","M"],"character_chosen":"IRONCLAD","items_purchased":["Disarm"],"campfire_rested":0,"item_purchase_floors":[5],"current_hp_per_floor":[60,66,63,50,50,50,50,50,50,50,16,0],"gold":181,"neow_bonus":"ONE_RARE_RELIC","is_prod":false,"is_daily":false,"chose_seed":false,"campfire_upgraded":3,"win_rate":0,"timestamp":1557539266,"path_taken":["M","M","M","M","$","R","$","R","T","R","E","M"],"build_version":"2019-01-23","purchased_purges":0,"victory":false,"max_hp_per_floor":[75,75,75,75,75,75,75,75,75,75,75,75],"card_choices":[{"not_picked":["Havoc","Cleave"],"picked":"Carnage","floor":1},{"not_picked":["Headbutt","Cleave"],"picked":"Spot Weakness","floor":2},{"not_picked":["Heavy Blade","Pommel Strike"],"picked":"Clothesline","floor":3},{"not_picked":["Wild Strike","Infernal Blade"],"picked":"Spot Weakness","floor":4},{"not_picked":["Uppercut","Anger"],"picked":"Feed","floor":11}],"player_experience":433113,"relics_obtained":[{"floor":9,"key":"MawBank"},{"floor":11,"key":"Pantograph"}],"event_choices":[],"is_beta":false,"boss_relics":[],"items_purged_floors":[],"is_endless":false,"potions_floor_spawned":[1,2],"killed_by":"Large Slime","ascension_level":18}