{"gold_per_floor":[114,114,128,39,39,39,73,73,145,173,173,212,227,227,227,318,318,342,392,173,173],"floor_reached":21,"playtime":518,"items_purged":["Strike_R"],"score":414,"play_id":"d84660fb-d852-45e6-b202-f311b33773b7","local_time":"20190522095628","is_ascension_mode":true,"campfire_choices":[{"data":"Carnage","floor":6,"key":"SMITH"},{"data":"True Grit","floor":8,"key":"SMITH"},{"data":"Rampage","floor":15,"key":"SMITH"}],"neow_cost":"NONE","seed_source_timestamp":139136738962200,"circlet_count":0,"master_deck":["AscendersBane","Strike_R","Strike_R","Strike_R","Strike_R","Defend_R","Defend_R","Defend_R","Bash","Shrug It Off","True Grit+1","Carnage+1","Rampage+1","Pommel Strike","Shrug It Off","Brutality","Evolve","Cleave"],"relics":["Burning Blood","NeowsBlessing","Regal Pillow","Nunchaku","Darkstone Periapt","Strawberry","Golden Idol","Vajra","Runic Cube"],"potions_floor_usage":[10,16],"damage_taken":[{"damage":0,"enemies":"Cultist","floor":1,"turns":1},{"damage":0,"enemies":"Small Slimes","floor":3,"turns":1},{"damage":0,"enemies":"Lagavulin","floor":7,"turns":1},{"damage":29,"enemies":"3 Sentries","floor":10,"turns":9},{"damage":32,"enemies":"Gremlin Nob","floor":12,"turns":4},{"damage":0,"enemies":"2 Louse","floor":13,"turns":2},{"damage":22,"enemies":"Slime Boss","floor":16,"turns":7},{"damage":44,"enemies":"Spheric Guardian","floor":18,"turns":6},{"damage":26,"enemies":"Shell Parasite","floor":21,"turns":3}],"seed_played":"-8966506116077766439","potions_obtained":[{"floor":1,"key":"Swift Potion"},{"floor":13,"key":"SteroidPotion"}],"is_trial":false,"path_per_floor":["M","T","M","$","?","R","E","R","T","E","?","E","M","?","R","B",null,"M","?","$","M"],"character_chosen":"IRONCLAD","items_purchased":["Carnage","Evolve","Cleave"],"campfire_rested":0,"item_purchase_floors":[4,20,20],"current_hp_per_floor":[74,74,75,75,75,75,75,75,75,59,59,33,39,32,32,16,60,22,22,22,0],"gold":173,"neow_bonus":"THREE_ENEMY_KILL","is_prod":false,"is_daily":false,"chose_seed":false,"campfire_upgraded":3,"win_rate":0,"timestamp":1558544188,"path_taken":["M","?","M","$","?","R","E","R","T","E","?","E","M","?","R","BOSS","M","?","$","?"],"build_version":"2019-01-23","purchased_purges":1,"victory":false,"max_hp_per_floor":[75,75,75,75,75,75,75,75,75,82,74,74,74,74,74,74,74,74,74,74,74],"card_choices":[{"not_picked":["Hemokinesis","Sword Boomerang"],"picked":"Shrug It Off","floor":1},{"not_picked":["Iron Wave","Clash"],"picked":"True Grit","floor":3},{"not_picked":["Iron Wave","Thunderclap"],"picked":"Rampage","floor":7},{"not_picked":["Berserk","Iron Wave"],"picked":"Pommel Strike","floor":10},{"not_picked":["Wild Strike","Power Through","Clash"],"picked":"SKIP","floor":12},{"not_picked":["Corruption","Warcry"],"picked":"Shrug It Off","floor":13},{"not_picked":["Juggernaut","Dark Embrace"],"picked":"Brutality","floor":16},{"not_picked":["Reckless Charge","Body Slam","Anger"],"picked":"SKIP","floor":18}],"player_experience":472360,"relics_obtained":[{"floor":2,"key":"Regal Pillow"},{"floor":7,"key":"Nunchaku"},{"floor":9,"key":"Darkstone Periapt"},{"floor":10,"key":"Strawberry"},{"floor":12,"key":"Vajra"}],"event_choices":[{"damage_healed":0,"gold_gain":0,"player_choice":"Ignored","damage_taken":0,"max_hp_gain":0,"max_hp_loss":0,"event_name":"Liars Game","floor":5,"gold_loss":0},{"damage_healed":0,"gold_gain":0,"player_choice":"Lose Max HP","damage_taken":0,"relics_obtained":["Golden Idol"],"max_hp_gain":0,"max_hp_loss":8,"event_name":"Golden Idol","floor":11,"gold_loss":0},{"cards_removed":["Defend_R"],"damage_healed":0,"gold_gain":0,"player_choice":"Card Removal","damage_taken":7,"max_hp_gain":0,"max_hp_loss":0,"event_name":"Golden Wing","floor":14,"gold_loss":0},{"damage_healed":0,"gold_gain":50,"player_choice":"Pray","damage_taken":0,"max_hp_gain":0,"max_hp_loss":0,"event_name":"Golden Shrine","floor":19,"gold_loss":0}],"is_beta":false,"boss_relics":[{"not_picked":["Black Star","Lizard Tail"],"picked":"Runic Cube"}],"items_purged_floors":[20],"is_endless":false,"potions_floor_spawned":[1,13],"killed_by":"Shell Parasite","ascension_level":18}