{"gold_per_floor":[15,25,38,57,69,69,85,85,85,105,105],"floor_reached":11,"playtime":572,"items_purged":[],"score":138,"play_id":"4c7bcf15-98bc-4eb5-9f39-c41de1c1457f","local_time":"20181115063226","is_ascension_mode":true,"campfire_choices":[{"data":"Zap","floor":6.0,"key":"SMITH"}],"neow_cost":"NO_GOLD","seed_source_timestamp":28302839540721,"circlet_count":0,"master_deck":["AscendersBane","Strike_B","Strike_B","Strike_B","Strike_B","Defend_B","Defend_B","Defend_B","Defend_B","Zap+1","Dualcast","Hologram","Go for the Eyes","Storm","Storm","Genetic Algorithm","Leap","Steam+1"],"special_seed":0,"relics":["Cracked Core","Peace Pipe","Golden Idol","Toxic Egg 2"],"potions_floor_usage":[11,11],"damage_taken":[{"damage":12.0,"enemies":"Jaw Worm","floor":1.0,"turns":3.0},{"damage":9.0,"enemies":"2 Louse","floor":2.0,"turns":3.0},{"damage":8.0,"enemies":"Small Slimes","floor":3.0,"turns":3.0},{"damage":7.0,"enemies":"Blue Slaver","floor":4.0,"turns":6.0},{"damage":9.0,"enemies":"3 Louse","floor":5.0,"turns":4.0},{"damage":13.0,"enemies":"2 Fungi Beasts","floor":7.0,"turns":4.0},{"damage":13,"enemies":"Exordium Wildlife","floor":10,"turns":5},{"damage":8,"enemies":"Gremlin Gang","floor":11,"turns":2}],"seed_played":"200482555249572893","potions_obtained":[{"floor":2.0,"key":"Regen Potion"},{"floor":3.0,"key":"LiquidBronze"},{"floor":7.0,"key":"LiquidBronze"}],"is_trial":false,"path_per_floor":["M","M","M","M","M","M","R","M","?","T","M","M"],"character_chosen":"DEFECT","items_purchased":[],"campfire_rested":0,"item_purchase_floors":[],"current_hp_per_floor":[52,43,35,43,34,34,21,21,21,8,0],"gold":105,"neow_bonus":"ONE_RARE_RELIC","is_prod":false,"is_daily":false,"chose_seed":false,"campfire_upgraded":1,"win_rate":0,"timestamp":1542259946,"path_taken":["M","M","M","M","M","R","M","?","T","M","M"],"build_version":"2018-11-13","purchased_purges":0,"victory":false,"max_hp_per_floor":[71,71,71,71,71,71,71,64,64,64,64],"card_choices":[{"not_picked":["Cold Snap","Redo"],"picked":"Hologram","floor":1.0},{"not_picked":["Chaos","Redo"],"picked":"Go for the Eyes","floor":2.0},{"not_picked":["Compile Driver","Capacitor"],"picked":"Storm","floor":3.0},{"not_picked":["Streamline","White Noise"],"picked":"Storm","floor":4.0},{"not_picked":["Conserve Battery","Go for the Eyes"],"picked":"Genetic Algorithm","floor":5.0},{"not_picked":["Rebound","Go for the Eyes"],"picked":"Leap","floor":7.0},{"not_picked":["Barrage","Beam Cell"],"picked":"Steam+1","floor":10}],"player_experience":1056565,"relics_obtained":[{"floor":9.0,"key":"Toxic Egg 2"}],"event_choices":[{"damage_healed":0.0,"max_hp_gain":0.0,"max_hp_loss":7.0,"gold_gain":0.0,"event_name":"Golden Idol","player_choice":"Lose Max HP","floor":8.0,"gold_loss":0.0,"damage_taken":0.0,"relics_obtained":["Golden Idol"]}],"is_beta":true,"boss_relics":[],"items_purged_floors":[],"is_endless":false,"potions_floor_spawned":[2,3,7,10],"killed_by":"Gremlin Gang","ascension_level":20}