{"gold_per_floor":[113,129,129,94,94,94,107,30,30,41,70,80,80,93,93,193,193,209,209,209,209,227,259,259,259,283,295,295,324,324,336,336,432,432,451,41,58,69,87,112,112,112,112,12,12,32,47,47,47,47],"floor_reached":51,"playtime":3520,"items_purged":["Shame","Pain"],"score":975,"play_id":"9001362b-5fd1-4d02-a2c8-735d957286cc","local_time":"20180912122758","is_ascension_mode":true,"campfire_choices":[{"floor":6,"key":"REST"},{"floor":13,"key":"REST"},{"data":"Noxious Fumes","floor":15,"key":"SMITH"},{"floor":25,"key":"REST"},{"floor":28,"key":"REST"},{"floor":30,"key":"REST"},{"data":"Predator","floor":32,"key":"SMITH"},{"floor":42,"key":"REST"},{"floor":45,"key":"REST"},{"floor":49,"key":"REST"}],"neow_cost":"PERCENT_DAMAGE","seed_source_timestamp":2441818094931376,"circlet_count":0,"master_deck":["Defend_G","Defend_G","Defend_G","Defend_G+1","Defend_G","Strike_G","Strike_G","Strike_G","Strike_G","Strike_G","Survivor","Neutralize","Footwork+1","Predator+1","Cloak And Dagger","Dash+1","Footwork","Noxious Fumes+1","PiercingWail","Skewer+1","Burst","Bane+1","Necronomicurse","RitualDagger+1","Leg Sweep+1","Backflip","Doubt","PiercingWail","Cloak And Dagger+1","Dodge and Roll","A Thousand Cuts","Backflip+1","Finesse","Sucker Punch+1","Backflip+1","Noxious Fumes","Underhanded Strike+1","Setup+1","Deflect+1","Riddle With Holes+1","Madness","Madness"],"relics":["Ring of the Snake","Molten Egg 2","Anchor","PreservedInsect","Cursed Key","MutagenicStrength","Necronomicon","Boot","Omamori","Blood Vial","Calling Bell","Bag of Preparation","Letter Opener","The Specimen","Paper Crane","Incense Burner","Pocketwatch","Lantern"],"potions_floor_usage":[12,23,29,33,33,33,50,50,50],"damage_taken":[{"damage":3,"enemies":"Cultist","floor":1,"turns":5},{"damage":0,"enemies":"2 Louse","floor":2,"turns":4},{"damage":0,"enemies":"Small Slimes","floor":7,"turns":5},{"damage":14,"enemies":"Exordium Thugs","floor":10,"turns":9},{"damage":4,"enemies":"Lagavulin","floor":11,"turns":12},{"damage":0,"enemies":"2 Fungi Beasts","floor":12,"turns":4},{"damage":0,"enemies":"Looter","floor":14,"turns":4},{"damage":10,"enemies":"The Guardian","floor":16,"turns":14},{"damage":0,"enemies":"Chosen","floor":18,"turns":5},{"damage":11,"enemies":"2 Thieves","floor":22,"turns":4},{"damage":18,"enemies":"Gremlin Leader","floor":23,"turns":8},{"damage":18,"enemies":"3 Cultists","floor":27,"turns":5},{"damage":11,"enemies":"Slavers","floor":29,"turns":4},{"damage":0,"enemies":"Centurion and Healer","floor":31,"turns":8},{"damage":32,"enemies":"Collector","floor":33,"turns":11},{"damage":9,"enemies":"3 Darklings","floor":35,"turns":6},{"damage":0,"enemies":"3 Shapes","floor":37,"turns":3},{"damage":23,"enemies":"3 Darklings","floor":38,"turns":6},{"damage":13,"enemies":"Maw","floor":39,"turns":10},{"damage":20,"enemies":"Giant Head","floor":40,"turns":8},{"damage":0,"enemies":"Mind Bloom Boss Battle","floor":41,"turns":4},{"damage":1,"enemies":"Transient","floor":46,"turns":5},{"damage":2,"enemies":"Sphere and 2 Shapes","floor":47,"turns":4},{"damage":15,"enemies":"Time Eater","floor":50,"turns":12}],"seed_played":"2843368776763166702","potions_obtained":[{"floor":7,"key":"SteroidPotion"},{"floor":10,"key":"GamblersBrew"},{"floor":11,"key":"Energy Potion"},{"floor":22,"key":"EssenceOfSteel"},{"floor":23,"key":"Poison Potion"},{"floor":29,"key":"Strength Potion"},{"floor":31,"key":"Swift Potion"},{"floor":37,"key":"Dexterity Potion"},{"floor":39,"key":"Fire Potion"},{"floor":40,"key":"EssenceOfSteel"}],"is_trial":false,"path_per_floor":["M","M","?","?","?","R","M","$","T","M","E","M","R","M","R","B",null,"M","?","?","?","M","E","?","R","T","M","R","E","R","M","R","B",null,"M","$","M","M","M","E","?","R","T","$","R","M","M","?","R","B"],"character_chosen":"THE_SILENT","items_purchased":["Dash+1","Paper Crane","Finesse"],"campfire_rested":8,"item_purchase_floors":[8,36,36],"current_hp_per_floor":[53,53,36,57,45,70,70,70,70,56,52,52,77,77,77,67,80,80,80,64,58,47,29,29,54,54,36,61,50,75,77,77,47,75,68,68,70,49,38,20,22,47,47,47,72,73,73,62,84,69],"gold":47,"neow_bonus":"TWENTY_PERCENT_HP_BONUS","is_prod":false,"is_daily":false,"chose_seed":false,"campfire_upgraded":2,"win_rate":0,"timestamp":1536769678,"path_taken":["M","?","?","?","?","R","M","?","T","M","E","M","R","M","R","BOSS","M","?","?","?","?","E","?","R","T","?","R","E","R","M","R","BOSS","M","$","M","?","?","E","?","R","T","?","R","M","M","?","R","BOSS"],"build_version":"2018-09-06","purchased_purges":2,"victory":true,"max_hp_per_floor":[84,84,84,84,84,84,84,84,84,84,84,84,84,84,84,84,84,84,84,84,84,84,84,84,84,84,84,84,84,84,84,84,84,84,84,84,84,84,84,84,84,84,84,84,84,84,84,84,84,84],"card_choices":[{"not_picked":["Cloak And Dagger","Outmaneuver"],"picked":"Footwork","floor":1},{"not_picked":["Outmaneuver","Flying Knee"],"picked":"Predator","floor":2},{"not_picked":["Dagger Throw+1","Concentrate"],"picked":"Cloak And Dagger","floor":7},{"not_picked":["Quick Slash+1","Dodge and Roll"],"picked":"Footwork","floor":10},{"not_picked":["Dash+1","Die Die Die+1"],"picked":"Noxious Fumes","floor":11},{"not_picked":["Dodge and Roll","Prepared"],"picked":"PiercingWail","floor":12},{"not_picked":["Dagger Spray+1","Flying Knee+1"],"picked":"Skewer+1","floor":14},{"not_picked":["Die Die Die+1","Wraith Form v2"],"picked":"Burst","floor":16},{"not_picked":["Flying Knee+1","Well Laid Plans"],"picked":"Bane+1","floor":18},{"not_picked":["Dagger Spray+1","Flying Knee+1"],"picked":"Leg Sweep+1","floor":22},{"not_picked":["Poisoned Stab+1","Sucker Punch+1"],"picked":"Backflip","floor":23},{"not_picked":["Glass Knife+1","Blade Dance"],"picked":"PiercingWail","floor":27},{"not_picked":["Acrobatics+1","PiercingWail"],"picked":"Cloak And Dagger+1","floor":29},{"not_picked":["Bane+1","Cloak And Dagger"],"picked":"Dodge and Roll","floor":31},{"not_picked":["Burst","Envenom"],"picked":"A Thousand Cuts","floor":33},{"not_picked":["Prepared+1","Escape Plan+1"],"picked":"Backflip+1","floor":35},{"not_picked":["Backflip","Acrobatics+1"],"picked":"Sucker Punch+1","floor":37},{"not_picked":["Prepared","PiercingWail+1"],"picked":"Backflip+1","floor":38},{"not_picked":["Deflect","PiercingWail"],"picked":"Noxious Fumes","floor":39},{"not_picked":["Slice+1","Catalyst"],"picked":"Underhanded Strike+1","floor":40},{"not_picked":["Flying Knee+1","Acrobatics+1"],"picked":"Setup+1","floor":41},{"not_picked":["Dagger Spray+1","Quick Slash+1"],"picked":"Deflect+1","floor":46},{"not_picked":["Deadly Poison","Predator+1"],"picked":"Riddle With Holes+1","floor":47}],"player_experience":164181,"relics_obtained":[{"floor":9,"key":"Anchor"},{"floor":11,"key":"PreservedInsect"},{"floor":20,"key":"Necronomicon"},{"floor":23,"key":"Boot"},{"floor":26,"key":"Omamori"},{"floor":29,"key":"Blood Vial"},{"floor":34,"key":"Bag of Preparation"},{"floor":34,"key":"Letter Opener"},{"floor":34,"key":"The Specimen"},{"floor":40,"key":"Incense Burner"},{"floor":41,"key":"Pocketwatch"},{"floor":43,"key":"Lantern"}],"event_choices":[{"event_name":"Shining Light","player_choice":"Entered Light","floor":3,"damage_taken":0},{"event_name":"The Cleric","player_choice":"Healed","floor":4,"damage_taken":0},{"event_name":"Scrap Ooze","player_choice":"success","floor":5,"damage_taken":12},{"event_name":"Drug Dealer","player_choice":"Inject Mutagens","floor":19,"damage_taken":0},{"event_name":"Cursed Tome","player_choice":"Obtained Book","floor":20,"damage_taken":0},{"event_name":"Nest","player_choice":"Joined the Cult","floor":21,"damage_taken":0},{"event_name":"Ghosts","player_choice":"Ignored","floor":24,"damage_taken":0},{"event_name":"MindBloom","player_choice":"Fight","floor":41,"damage_taken":0},{"event_name":"Winding Halls","player_choice":"Embrace Madness","floor":48,"damage_taken":0}],"is_beta":false,"boss_relics":[{"not_picked":["Runic Dome","Empty Cage"],"picked":"Cursed Key"},{"not_picked":["Pandora\u0027s Box","Orrery"],"picked":"Calling Bell"}],"items_purged_floors":[36,44],"is_endless":false,"potions_floor_spawned":[7,10,11,22,23,29,31,37,39,40,47],"ascension_level":7}