{"gold_per_floor":[112,127,140,158,308,337,337,412,412,447,460,460,485,485],"floor_reached":14,"playtime":535,"items_purged":[],"score":209,"play_id":"be410b44-0b85-439e-b88d-fb9f565d302a","local_time":"20190525163041","is_ascension_mode":true,"campfire_choices":[{"data":"Bash","floor":7,"key":"SMITH"}],"neow_cost":"NONE","seed_source_timestamp":421963077466600,"circlet_count":0,"master_deck":["AscendersBane","Strike_R","Strike_R","Strike_R","Strike_R","Strike_R","Defend_R","Defend_R","Defend_R","Defend_R","Bash+1","Cleave","Shrug It Off","Pommel Strike","Battle Trance","Doubt","Infernal Blade","Uppercut"],"relics":["Burning Blood","Oddly Smooth Stone","PreservedInsect","Orichalcum","Mummified Hand","Smiling Mask"],"potions_floor_usage":[10,14],"damage_taken":[{"damage":1,"enemies":"2 Louse","floor":1,"turns":4},{"damage":1,"enemies":"Jaw Worm","floor":2,"turns":5},{"damage":8,"enemies":"Small Slimes","floor":3,"turns":4},{"damage":0,"enemies":"2 Fungi Beasts","floor":4,"turns":4},{"damage":39,"enemies":"3 Sentries","floor":6,"turns":12},{"damage":2,"enemies":"Gremlin Nob","floor":10,"turns":3},{"damage":10,"enemies":"Looter","floor":11,"turns":3},{"damage":19,"enemies":"Lagavulin","floor":13,"turns":4},{"damage":13,"enemies":"Exordium Wildlife","floor":14,"turns":2}],"seed_played":"-1606889563809583250","potions_obtained":[{"floor":2,"key":"GamblersBrew"},{"floor":4,"key":"GamblersBrew"}],"is_trial":false,"path_per_floor":["M","M","M","M","?","E","R","?","T","E","M","?","E","M"],"character_chosen":"IRONCLAD","items_purchased":[],"campfire_rested":0,"item_purchase_floors":[],"current_hp_per_floor":[73,75,73,75,75,42,42,31,31,35,31,26,13,0],"gold":485,"neow_bonus":"RANDOM_COMMON_RELIC","is_prod":false,"is_daily":false,"chose_seed":false,"campfire_upgraded":1,"win_rate":0,"timestamp":1558827041,"path_taken":["M","M","M","M","?","E","R","?","T","E","M","?","E","M"],"build_version":"2019-01-23","purchased_purges":0,"victory":false,"max_hp_per_floor":[75,75,75,75,75,75,75,75,75,75,75,75,75,75],"card_choices":[{"not_picked":["Body Slam","Shrug It Off"],"picked":"Cleave","floor":1},{"not_picked":["Flex","Thunderclap"],"picked":"Shrug It Off","floor":2},{"not_picked":["Warcry","Sword Boomerang"],"picked":"Pommel Strike","floor":3},{"not_picked":["Barricade","Warcry"],"picked":"Battle Trance","floor":4},{"not_picked":["Body Slam","Twin Strike"],"picked":"Infernal Blade","floor":6},{"not_picked":["Burning Pact","True Grit"],"picked":"Uppercut","floor":10},{"not_picked":["Limit Break","Heavy Blade","Pommel Strike"],"picked":"SKIP","floor":11},{"not_picked":["Twin Strike","Seeing Red","Searing Blow"],"picked":"SKIP","floor":13}],"player_experience":477157,"relics_obtained":[{"floor":6,"key":"PreservedInsect"},{"floor":9,"key":"Orichalcum"},{"floor":10,"key":"Mummified Hand"},{"floor":13,"key":"Smiling Mask"}],"event_choices":[{"damage_healed":0,"gold_gain":150,"player_choice":"AGREE","damage_taken":0,"max_hp_gain":0,"max_hp_loss":0,"event_name":"Liars Game","floor":5,"gold_loss":0,"cards_obtained":["Doubt"]},{"damage_healed":0,"gold_gain":75,"player_choice":"Gather Gold","damage_taken":11,"max_hp_gain":0,"max_hp_loss":0,"event_name":"World of Goop","floor":8,"gold_loss":0},{"damage_healed":0,"gold_gain":0,"player_choice":"Fled","damage_taken":5,"max_hp_gain":0,"max_hp_loss":0,"event_name":"Scrap Ooze","floor":12,"gold_loss":0}],"is_beta":false,"boss_relics":[],"items_purged_floors":[],"is_endless":false,"potions_floor_spawned":[2,4],"killed_by":"Exordium Wildlife","ascension_level":18}