{"path_per_floor":["M","$","?","M","M","R","E","R","T","?","M","M","R","M","R","B",null,"M","M","$","M","?","R","?","M","T","R","?","$","M"],"character_chosen":"DEFECT","items_purchased":["Capacitor","Fusion","Anchor","Chill","Steam","Storm"],"gold_per_floor":[115,13,113,124,141,141,174,174,198,198,221,235,235,248,248,379,379,379,379,61,61,61,61,61,61,61,61,61,21,21,21],"floor_reached":31,"campfire_rested":5,"playtime":1405,"item_purchase_floors":[],"current_hp_per_floor":[33,33,33,32,29,51,26,48,55,55,32,23,23,23,45,1,76,67,45,45,29,29,51,45,15,15,37,37,24,4,0],"items_purged":["Strike_B"],"gold":21,"score":275,"play_id":"2cdebdf2-89f1-488f-8dc9-5b97143f08a6","local_time":"20180615220325","is_prod":false,"is_daily":false,"chose_seed":false,"is_ascension_mode":true,"campfire_upgraded":1,"win_rate":0,"timestamp":1529071405,"campfire_choices":[{"floor":6.0,"key":"REST"},{"floor":8.0,"key":"REST"},{"data":"Capacitor","floor":13.0,"key":"SMITH"},{"floor":15.0,"key":"REST"},{"floor":23.0,"key":"REST"},{"floor":27.0,"key":"REST"}],"path_taken":["M","$","?","M","M","R","E","R","T","?","?","M","R","M","R","BOSS","M","M","$","M","?","R","?","M","T","R","?","?","M","?"],"build_version":"2018-06-14v2","seed_source_timestamp":0,"purchased_purges":1,"victory":false,"master_deck":["Strike_B+1","Strike_B+1","Defend_B+1","Defend_B+1","Defend_B+1","Defend_B+1","Zap","Dualcast","Ball Lightning","Capacitor+1","Fusion","Genetic Algorithm","Steam","Hologram","Consume","All For One","Loop","Thunder Strike","Lockon+1","White Noise","Chill","Steam","Compile Driver","RitualDagger","Streamline+1","Storm","Loop+1"],"max_hp_per_floor":[75,75,75,75,75,75,75,75,82,76,76,76,76,76,76,76,76,76,76,76,76,76,76,76,76,76,76,76,81,81,81],"special_seed":0,"relics":["Cracked Core","Ice Cream","Potion Belt","Strawberry","Golden Idol","Ectoplasm","Anchor","Gambling Chip"],"card_choices":[{"not_picked":["Rip and Tear","Storm"],"picked":"Ball Lightning","floor":1.0},{"not_picked":["Coolheaded","Leap"],"picked":"Genetic Algorithm","floor":4.0},{"not_picked":["Fusion","Gash"],"picked":"Steam","floor":5.0},{"not_picked":["Chaos","Redo"],"picked":"Hologram","floor":7.0},{"not_picked":["Chaos","Sweeping Beam"],"picked":"Consume","floor":11.0},{"not_picked":["Rebound","Fusion"],"picked":"All For One","floor":12.0},{"not_picked":["Doom and Gloom","Go for the Eyes"],"picked":"Loop","floor":14.0},{"not_picked":["Core Surge","Creative AI"],"picked":"Thunder Strike","floor":16.0},{"not_picked":["Barrage","Stack"],"picked":"Lockon+1","floor":18.0},{"not_picked":["Tempest","Stack"],"picked":"White Noise","floor":19.0},{"not_picked":["Conserve Battery","Fusion","Chill"],"picked":"SKIP","floor":21.0},{"not_picked":["Genetic Algorithm","Redo"],"picked":"Streamline+1","floor":25.0},{"not_picked":["Capacitor+1","Force Field"],"picked":"Loop+1","floor":30}],"player_experience":131809,"potions_floor_usage":[],"damage_taken":[{"damage":5.0,"enemies":"Small Slimes","floor":1.0,"turns":3.0},{"damage":1.0,"enemies":"Cultist","floor":4.0,"turns":4.0},{"damage":3.0,"enemies":"Jaw Worm","floor":5.0,"turns":4.0},{"damage":25.0,"enemies":"3 Sentries","floor":7.0,"turns":7.0},{"damage":23.0,"enemies":"Exordium Thugs","floor":11.0,"turns":6.0},{"damage":9.0,"enemies":"3 Louse","floor":12.0,"turns":3.0},{"damage":0.0,"enemies":"Red Slaver","floor":14.0,"turns":3.0},{"damage":44.0,"enemies":"The Guardian","floor":16.0,"turns":9.0},{"damage":9.0,"enemies":"3 Byrds","floor":18.0,"turns":5.0},{"damage":22.0,"enemies":"Spheric Guardian","floor":19.0,"turns":4.0},{"damage":16.0,"enemies":"Centurion and Healer","floor":21.0,"turns":7.0},{"damage":30.0,"enemies":"Sentry and Sphere","floor":25.0,"turns":6.0},{"damage":25.0,"enemies":"Slaver and Parasite","floor":29.0,"turns":8.0},{"damage":20,"enemies":"Slaver and Parasite","floor":30,"turns":5},{"damage":15,"enemies":"Snecko","floor":31,"turns":3}],"relics_obtained":[{"floor":7.0,"key":"Potion Belt"},{"floor":9.0,"key":"Strawberry"},{"floor":26.0,"key":"Gambling Chip"}],"event_choices":[{"event_name":"Golden Shrine","player_choice":"Pray","floor":3.0,"damage_taken":0.0},{"event_name":"Golden Idol","player_choice":"Lose Max HP","floor":10.0,"damage_taken":0.0},{"event_name":"Transmorgrifier","player_choice":"Transform","floor":22.0,"damage_taken":0.0},{"event_name":"Nest","player_choice":"Joined the Cult","floor":24.0,"damage_taken":0.0},{"event_name":"Back to Basics","player_choice":"Simplicity","floor":28.0,"damage_taken":0.0}],"boss_relics":[{"not_picked":["Empty Cage","Eternal Feather"],"picked":"Ectoplasm"}],"items_purged_floors":[],"is_endless":false,"potions_floor_spawned":[1,7,12,16,18,25],"seed_played":"7479202137490818870","killed_by":"Snecko","ascension_level":3,"potions_obtained":[{"floor":1.0,"key":"LiquidBronze"},{"floor":7.0,"key":"Fire Potion"},{"floor":12.0,"key":"Block Potion"},{"floor":16.0,"key":"PowerPotion"},{"floor":18.0,"key":"Poison Potion"},{"floor":25.0,"key":"Fruit Juice"}],"is_trial":false}