{"gold_per_floor":[119,294,307,317,327,327,352,352,377,395,408,408,427,110,110,210,210,193,40,40,54,54,54,70,70,119,133,133,147,147,71,71,71],"floor_reached":33,"playtime":1485,"items_purged":["Doubt"],"score":311,"play_id":"9626e36d-899e-480e-84c8-12b04524d777","local_time":"20180623233617","is_ascension_mode":true,"campfire_choices":[{"data":"True Grit","floor":6,"key":"SMITH"},{"floor":8,"key":"REST"},{"data":"Clothesline","floor":12,"key":"SMITH"},{"data":"Dual Wield","floor":15,"key":"SMITH"},{"data":"Metallicize","floor":23,"key":"SMITH"},{"data":"Bash","floor":25,"key":"SMITH"},{"data":"Juggernaut","floor":28,"key":"SMITH"},{"data":"Bludgeon","floor":32,"key":"SMITH"}],"neow_cost":"NONE","seed_source_timestamp":745035709657953,"circlet_count":0,"master_deck":["Strike_R","Strike_R","Strike_R","Strike_R","Strike_R","Defend_R","Defend_R","Defend_R","Defend_R","Bash+1","True Grit","True Grit+1","Thunderclap","Shrug It Off","Pommel Strike","Shrug It Off","Clothesline+1","Offering","Dual Wield+1","Whirlwind","Juggernaut+1","Shrug It Off+1","Metallicize+1","Shockwave+1","Disarm+1","Seeing Red","Bludgeon+1"],"relics":["Burning Blood","Strawberry","Anchor","Bronze Scales","Snecko Eye","Vajra","Blood Vial"],"potions_floor_usage":[7,7,16,16,29,29,33],"damage_taken":[{"damage":0,"enemies":"2 Louse","floor":1,"turns":4},{"damage":21,"enemies":"Jaw Worm","floor":3,"turns":10},{"damage":8,"enemies":"Cultist","floor":4,"turns":5},{"damage":9,"enemies":"3 Louse","floor":5,"turns":4},{"damage":49,"enemies":"Lagavulin","floor":7,"turns":11},{"damage":11,"enemies":"Looter","floor":10,"turns":4},{"damage":0,"enemies":"2 Fungi Beasts","floor":11,"turns":4},{"damage":18,"enemies":"Exordium Thugs","floor":13,"turns":4},{"damage":21,"enemies":"The Guardian","floor":16,"turns":16},{"damage":10,"enemies":"2 Thieves","floor":18,"turns":4},{"damage":20,"enemies":"Spheric Guardian","floor":21,"turns":4},{"damage":4,"enemies":"Slaver and Parasite","floor":24,"turns":3},{"damage":4,"enemies":"Centurion and Healer","floor":27,"turns":6},{"damage":8,"enemies":"Snake Plant","floor":29,"turns":4},{"damage":58,"enemies":"Collector","floor":33,"turns":5}],"seed_played":"-5008987970485154307","potions_obtained":[{"floor":4,"key":"Weak Potion"},{"floor":5,"key":"Block Potion"},{"floor":10,"key":"Block Potion"},{"floor":13,"key":"Weak Potion"},{"floor":24,"key":"LiquidBronze"},{"floor":27,"key":"Poison Potion"}],"is_trial":false,"path_per_floor":["M","?","M","M","M","R","E","R","T","M","M","R","M","$","R","B",null,"M","$","?","M","?","R","M","R","T","M","R","M","?","$","R"],"character_chosen":"IRONCLAD","items_purchased":["Bronze Scales","Whirlwind","PowerPotion","Vajra","Bludgeon"],"campfire_rested":1,"item_purchase_floors":[14,14,14,19,31],"current_hp_per_floor":[80,80,65,63,60,60,24,50,50,45,51,51,39,39,39,24,71,67,67,67,53,53,53,55,55,55,59,59,59,42,42,42,0],"gold":71,"neow_bonus":"THREE_CARDS","is_prod":false,"is_daily":false,"chose_seed":false,"campfire_upgraded":7,"win_rate":0,"timestamp":1529768177,"path_taken":["M","?","M","M","M","R","E","R","T","M","?","R","M","$","R","BOSS","M","$","?","M","?","R","M","R","T","M","R","M","?","?","R","BOSS"],"build_version":"2018-06-21v2","purchased_purges":1,"victory":false,"max_hp_per_floor":[80,80,80,80,80,80,87,87,87,87,87,87,87,87,87,87,87,87,87,87,87,87,87,87,87,87,87,87,87,92,92,92,92],"card_choices":[{"not_picked":["Warcry","Clash"],"picked":"True Grit","floor":0},{"not_picked":["Twin Strike","Corruption"],"picked":"True Grit","floor":1},{"not_picked":["Sentinel","Headbutt"],"picked":"Thunderclap","floor":3},{"not_picked":["Infernal Blade","Sword Boomerang"],"picked":"Shrug It Off","floor":4},{"not_picked":["Perfected Strike","Armaments"],"picked":"Pommel Strike","floor":5},{"not_picked":["True Grit","Dropkick"],"picked":"Shrug It Off","floor":7},{"not_picked":["Perfected Strike","Entrench"],"picked":"Clothesline","floor":10},{"not_picked":["Rupture","Clothesline"],"picked":"Offering","floor":11},{"not_picked":["Armaments","Pommel Strike"],"picked":"Dual Wield","floor":13},{"not_picked":["Exhume","Offering"],"picked":"Juggernaut","floor":16},{"not_picked":["Entrench","Searing Blow+1"],"picked":"Shrug It Off+1","floor":18},{"not_picked":["Headbutt","Body Slam+1"],"picked":"Metallicize","floor":21},{"not_picked":["Disarm","Sever Soul+1"],"picked":"Shockwave+1","floor":24},{"not_picked":["Shrug It Off","Infernal Blade"],"picked":"Disarm+1","floor":27},{"not_picked":["Wild Strike","Armaments"],"picked":"Seeing Red","floor":29}],"player_experience":151448,"relics_obtained":[{"floor":7,"key":"Strawberry"},{"floor":9,"key":"Anchor"},{"floor":26,"key":"Blood Vial"}],"event_choices":[{"event_name":"Liars Game","player_choice":"agreed","floor":2,"damage_taken":0},{"event_name":"Beggar","player_choice":"Ignored","floor":20,"damage_taken":0},{"event_name":"Drug Dealer","player_choice":"Ignored","floor":22,"damage_taken":0},{"event_name":"Forgotten Altar","player_choice":"Shed Blood","floor":30,"damage_taken":0}],"boss_relics":[{"not_picked":["Mark of Pain","Runic Pyramid"],"picked":"Snecko Eye"}],"items_purged_floors":[14],"is_endless":false,"potions_floor_spawned":[4,5,10,13,24,27],"killed_by":"Collector","ascension_level":5}