{"gold_per_floor":[114,114,114,34,54,87,87,144,144,63,74,147,177,177,177,250,250,267,192,107,107,118,152,169,169,246,314,331,76,76,90,90,90],"floor_reached":33,"playtime":1425,"items_purged":["Strike_R","Strike_R"],"score":503,"play_id":"e342a9dd-39d8-45f8-881d-e150d12945e4","local_time":"20190428173431","is_ascension_mode":true,"campfire_choices":[{"data":"Entrench","floor":7.0,"key":"SMITH"},{"data":"Metallicize","floor":15.0,"key":"SMITH"},{"floor":30,"key":"REST"},{"data":"True Grit","floor":32,"key":"SMITH"}],"neow_cost":"NONE","seed_source_timestamp":0,"circlet_count":0,"master_deck":["AscendersBane","Strike_R","Strike_R","Strike_R","Defend_R","Defend_R+1","Defend_R+1","Defend_R","Bash+1","Shrug It Off","Entrench+1","Cleave","Battle Trance","Armaments","Intimidate","Metallicize+1","Immolate","Fiend Fire","Flame Barrier","RitualDagger","Body Slam","True Grit+1","Sentinel","Spot Weakness"],"special_seed":0,"relics":["Burning Blood","NeowsBlessing","Question Card","Darkstone Periapt","Bronze Scales","Centennial Puzzle","Mark of Pain","Anchor","Kunai","Pear","Regal Pillow"],"potions_floor_usage":[24,33,33],"damage_taken":[{"damage":0.0,"enemies":"2 Louse","floor":1.0,"turns":1.0},{"damage":0.0,"enemies":"Small Slimes","floor":5.0,"turns":1.0},{"damage":0.0,"enemies":"3 Sentries","floor":6.0,"turns":1.0},{"damage":52.0,"enemies":"Lagavulin Event","floor":8.0,"turns":8.0},{"damage":4.0,"enemies":"Jaw Worm","floor":11.0,"turns":4.0},{"damage":4.0,"enemies":"Lagavulin","floor":13.0,"turns":10.0},{"damage":52.0,"enemies":"The Guardian","floor":16.0,"turns":15.0},{"damage":12,"enemies":"3 Byrds","floor":18,"turns":2},{"damage":3,"enemies":"Shell Parasite","floor":22,"turns":9},{"damage":25,"enemies":"Book of Stabbing","floor":23,"turns":5},{"damage":17,"enemies":"Snecko","floor":24,"turns":5},{"damage":14,"enemies":"Cultist and Chosen","floor":28,"turns":6},{"damage":11,"enemies":"Centurion and Healer","floor":31,"turns":7},{"damage":95,"enemies":"Automaton","floor":33,"turns":12}],"seed_played":"-2649813581957488919","potions_obtained":[{"floor":1.0,"key":"GamblersBrew"},{"floor":5.0,"key":"SneckoOil"},{"floor":8.0,"key":"GamblersBrew"},{"floor":11.0,"key":"Fire Potion"},{"floor":22,"key":"Energy Potion"},{"floor":24,"key":"SpeedPotion"},{"floor":28,"key":"Weak Potion"}],"is_trial":false,"path_per_floor":["M","?","?","$","M","E","R","?","T","$","M","?","E","?","R","B",null,"M","$","?","?","M","E","M","?","T","T","M","$","R","M","R","B"],"character_chosen":"IRONCLAD","items_purchased":["Entrench","Intimidate","Regal Pillow"],"campfire_rested":1,"item_purchase_floors":[4,10,29],"current_hp_per_floor":[74,74,59,59,65,71,71,25,25,25,27,27,29,54,54,8,58,52,52,52,46,49,30,19,19,19,29,21,21,61,56,56,0],"gold":90,"neow_bonus":"THREE_ENEMY_KILL","is_prod":false,"is_daily":false,"chose_seed":false,"campfire_upgraded":3,"win_rate":0,"timestamp":1556487271,"path_taken":["M","?","?","$","M","E","R","?","T","$","M","?","E","?","R","BOSS","M","$","?","?","M","E","M","?","T","?","M","$","R","M","R","BOSS"],"build_version":"2019-01-23","purchased_purges":2,"victory":false,"max_hp_per_floor":[75,75,75,75,75,75,75,75,75,75,75,75,75,75,75,75,75,75,75,75,75,75,75,75,75,75,85,85,85,85,85,85,85],"card_choices":[{"not_picked":["Dual Wield","Flex"],"picked":"Shrug It Off","floor":1.0},{"not_picked":["Iron Wave","Armaments"],"picked":"Cleave","floor":5.0},{"not_picked":["Intimidate","Clash"],"picked":"Battle Trance","floor":6.0},{"not_picked":["Rampage","Pommel Strike","Heavy Blade"],"picked":"Armaments","floor":8.0},{"not_picked":["Twin Strike","Burning Pact","Cleave"],"picked":"Metallicize","floor":11.0},{"not_picked":["Anger","Twin Strike","Infernal Blade"],"picked":"Immolate","floor":13.0},{"not_picked":["Feed","Exhume","Immolate"],"picked":"Fiend Fire","floor":16.0},{"not_picked":["Combust","Uppercut","Thunderclap"],"picked":"Flame Barrier","floor":18},{"not_picked":["Headbutt","Pommel Strike","Reckless Charge"],"picked":"Body Slam","floor":22},{"not_picked":["Pommel Strike","Twin Strike","Wild Strike"],"picked":"True Grit","floor":23},{"not_picked":["Wild Strike","Entrench","Shrug It Off"],"picked":"Sentinel","floor":24},{"not_picked":["Cleave","Seeing Red","Warcry","Perfected Strike"],"picked":"SKIP","floor":28},{"not_picked":["Inflame","Feel No Pain","Perfected Strike"],"picked":"Spot Weakness","floor":31}],"player_experience":398421,"relics_obtained":[{"floor":6.0,"key":"Question Card"},{"floor":8.0,"key":"Darkstone Periapt"},{"floor":9.0,"key":"Bronze Scales"},{"floor":13.0,"key":"Centennial Puzzle"},{"floor":23,"key":"Kunai"},{"floor":27,"key":"Pear"}],"event_choices":[{"damage_healed":0.0,"max_hp_gain":0.0,"max_hp_loss":0.0,"gold_gain":0.0,"event_name":"Living Wall","player_choice":"Grow","floor":2.0,"gold_loss":0.0,"damage_taken":0.0,"cards_upgraded":["Bash"]},{"damage_healed":0.0,"max_hp_gain":0.0,"max_hp_loss":0.0,"gold_gain":0.0,"event_name":"Shining Light","player_choice":"Entered Light","floor":3.0,"gold_loss":0.0,"damage_taken":15.0,"cards_upgraded":["Defend_R","Defend_R"]},{"damage_healed":0.0,"max_hp_gain":0.0,"max_hp_loss":0.0,"gold_gain":0.0,"event_name":"Dead Adventurer","player_choice":"Searched \u00271\u0027 times","floor":8.0,"gold_loss":0.0,"damage_taken":0.0},{"damage_healed":0.0,"max_hp_gain":0.0,"max_hp_loss":0.0,"gold_gain":73.0,"event_name":"Golden Wing","player_choice":"Gained Gold","floor":12.0,"gold_loss":0.0,"damage_taken":0.0},{"damage_healed":25.0,"max_hp_gain":0.0,"max_hp_loss":0.0,"gold_gain":0.0,"event_name":"Big Fish","player_choice":"Banana","floor":14.0,"gold_loss":0.0,"damage_taken":0.0},{"damage_healed":0,"gold_gain":0,"player_choice":"Obtained Relic","damage_taken":0,"relics_obtained":["Anchor"],"max_hp_gain":0,"max_hp_loss":0,"event_name":"Addict","floor":20,"gold_loss":85},{"damage_healed":0,"gold_gain":0,"player_choice":"Joined the Cult","damage_taken":6,"max_hp_gain":0,"max_hp_loss":0,"event_name":"Nest","floor":21,"gold_loss":0,"cards_obtained":["RitualDagger"]},{"damage_healed":0,"gold_gain":0,"player_choice":"Ignored","damage_taken":0,"max_hp_gain":0,"max_hp_loss":0,"event_name":"The Mausoleum","floor":25,"gold_loss":0}],"is_beta":false,"boss_relics":[{"not_picked":["Pandora\u0027s Box","Coffee Dripper"],"picked":"Mark of Pain"}],"items_purged_floors":[19,29],"is_endless":false,"potions_floor_spawned":[1,5,8,11,22,24,28],"killed_by":"Automaton","ascension_level":14}