{"gold_per_floor":[19,31,49,60,73,108,133,133,133,133,165,165,191,191,191,191],"floor_reached":16,"playtime":1523,"items_purged":[],"score":332,"play_id":"f286ff06-fcac-4702-806e-9db2f4a5afe5","local_time":"20190604151012","is_ascension_mode":true,"campfire_choices":[{"data":"Bash","floor":8,"key":"SMITH"},{"data":"Pommel Strike","floor":10,"key":"SMITH"},{"floor":12,"key":"REST"},{"floor":15,"key":"REST"}],"neow_cost":"NO_GOLD","seed_source_timestamp":0,"circlet_count":0,"master_deck":["AscendersBane","Strike_R","Strike_R","Strike_R","Strike_R","Strike_R","Defend_R","Defend_R","Defend_R","Defend_R","Bash+1","Pommel Strike+1","Spot Weakness","Iron Wave","Feel No Pain","Ghostly Armor","Shrug It Off","Headbutt","Exhume"],"special_seed":0,"relics":["Burning Blood","Gambling Chip","Pear","Odd Mushroom","Blue Candle","Bird Faced Urn","Matryoshka","Golden Idol"],"potions_floor_usage":[5,13],"damage_taken":[{"damage":9,"enemies":"2 Louse","floor":1,"turns":5},{"damage":7,"enemies":"Small Slimes","floor":2,"turns":4},{"damage":1,"enemies":"Cultist","floor":3,"turns":3},{"damage":11,"enemies":"Looter","floor":4,"turns":4},{"damage":18,"enemies":"Gremlin Gang","floor":5,"turns":5},{"damage":12,"enemies":"3 Sentries","floor":6,"turns":9},{"damage":11,"enemies":"The Mushroom Lair","floor":7,"turns":6},{"damage":37,"enemies":"Lagavulin","floor":11,"turns":8},{"damage":26,"enemies":"Gremlin Nob","floor":13,"turns":4},{"damage":54,"enemies":"Slime Boss","floor":16,"turns":10}],"seed_played":"8882286066378648621","potions_obtained":[{"floor":4,"key":"Block Potion"},{"floor":7,"key":"PowerPotion"}],"is_trial":false,"path_per_floor":["M","M","M","M","M","E","?","R","T","R","E","R","E","?","R","B"],"character_chosen":"IRONCLAD","items_purchased":[],"campfire_rested":2,"item_purchase_floors":[],"current_hp_per_floor":[65,64,69,64,52,56,51,51,51,51,20,45,27,27,50,0],"gold":191,"neow_bonus":"ONE_RARE_RELIC","is_prod":false,"is_daily":false,"chose_seed":false,"campfire_upgraded":2,"win_rate":0,"timestamp":1559686212,"path_taken":["M","M","M","M","M","E","?","R","T","R","E","R","E","?","R","BOSS"],"build_version":"2019-01-23","purchased_purges":0,"victory":false,"max_hp_per_floor":[75,75,75,75,75,85,85,85,85,85,85,85,85,77,77,77],"card_choices":[{"not_picked":["Flex","Reckless Charge"],"picked":"Pommel Strike","floor":1},{"not_picked":["Carnage","Perfected Strike"],"picked":"Spot Weakness","floor":2},{"not_picked":["Brutality","Sword Boomerang"],"picked":"Iron Wave","floor":3},{"not_picked":["Anger","True Grit"],"picked":"Feel No Pain","floor":4},{"not_picked":["Power Through","Armaments"],"picked":"Ghostly Armor","floor":5},{"not_picked":["Entrench","Barricade"],"picked":"Shrug It Off","floor":6},{"not_picked":["Fire Breathing","Thunderclap"],"picked":"Headbutt","floor":7},{"not_picked":["Armaments","Flex"],"picked":"Exhume","floor":11},{"not_picked":["Corruption","Body Slam","Dropkick"],"picked":"SKIP","floor":13}],"player_experience":506860,"relics_obtained":[{"floor":6,"key":"Pear"},{"floor":7,"key":"Odd Mushroom"},{"floor":9,"key":"Blue Candle"},{"floor":11,"key":"Bird Faced Urn"},{"floor":13,"key":"Matryoshka"}],"event_choices":[{"damage_healed":0,"gold_gain":0,"player_choice":"Fought Mushrooms","damage_taken":0,"max_hp_gain":0,"max_hp_loss":0,"event_name":"Mushrooms","floor":7,"gold_loss":0},{"damage_healed":0,"gold_gain":0,"player_choice":"Lose Max HP","damage_taken":0,"relics_obtained":["Golden Idol"],"max_hp_gain":0,"max_hp_loss":8,"event_name":"Golden Idol","floor":14,"gold_loss":0}],"is_beta":false,"boss_relics":[],"items_purged_floors":[],"is_endless":false,"potions_floor_spawned":[4,7],"killed_by":"Slime Boss","ascension_level":19}