{"gold_per_floor":[110,110,128,142,38,38,68,16,16,116,36,51,62,81,81,178,178,118,38,38,38,38,38,38],"floor_reached":24,"playtime":2777,"items_purged":[],"score":221,"play_id":"cfbc3dd5-78dd-491a-831b-a71ba39037b7","local_time":"20181223221605","is_ascension_mode":true,"campfire_choices":[{"floor":6,"key":"REST"},{"floor":15,"key":"REST"},{"floor":23,"key":"REST"}],"neow_cost":"PERCENT_DAMAGE","seed_source_timestamp":955133116418811,"circlet_count":0,"master_deck":["Strike_B","Defend_B","Defend_B","Defend_B","Defend_B","Zap","Dualcast","Coolheaded","Defragment","Self Repair","Capacitor","Stack","Echo Form","Cold Snap","Defragment","Skim","Go for the Eyes","Blizzard+1","Defragment"],"relics":["Cracked Core","Unceasing Top","Pocketwatch","Empty Cage","Nloth\u0027s Gift"],"potions_floor_usage":[13,14,14,14,14,16],"damage_taken":[{"damage":8,"enemies":"2 Louse","floor":1,"turns":3},{"damage":1,"enemies":"Cultist","floor":3,"turns":4},{"damage":10,"enemies":"Small Slimes","floor":4,"turns":3},{"damage":41,"enemies":"3 Sentries","floor":7,"turns":16},{"damage":0,"enemies":"Exordium Thugs","floor":12,"turns":6},{"damage":14,"enemies":"Red Slaver","floor":13,"turns":4},{"damage":10,"enemies":"3 Louse","floor":14,"turns":2},{"damage":22,"enemies":"Slime Boss","floor":16,"turns":16},{"damage":31,"enemies":"2 Thieves","floor":18,"turns":4},{"damage":36,"enemies":"Colosseum Slavers","floor":21,"turns":7},{"damage":53,"enemies":"Gremlin Leader","floor":24,"turns":5}],"seed_played":"-2999136711495804297","potions_obtained":[{"floor":1,"key":"Ancient Potion"},{"floor":3,"key":"EntropicBrew"},{"floor":7,"key":"PowerPotion"},{"floor":16,"key":"FearPotion"}],"is_trial":false,"path_per_floor":["M","?","M","M","$","R","E","$","T","?","$","M","M","M","R","B",null,"M","$","?","?","?","R","E"],"character_chosen":"DEFECT","items_purchased":["Capacitor","Stack","Cold Snap","Defragment","Defragment"],"campfire_rested":3,"item_purchase_floors":[5,5,8,11,19],"current_hp_per_floor":[46,46,45,35,35,57,23,23,23,23,23,30,23,13,35,20,75,58,58,58,29,29,51,0],"gold":38,"neow_bonus":"ONE_RARE_RELIC","is_prod":false,"is_daily":false,"chose_seed":false,"campfire_upgraded":0,"win_rate":0,"timestamp":1545621365,"path_taken":["M","?","?","M","?","R","E","?","T","?","$","?","M","M","R","BOSS","M","$","?","?","?","R","E"],"build_version":"2018-12-20","purchased_purges":0,"victory":false,"max_hp_per_floor":[75,75,75,75,75,75,75,75,75,75,75,75,75,75,75,75,75,75,75,75,75,75,75,75],"card_choices":[{"not_picked":["Steam Power","Turbo"],"picked":"Coolheaded","floor":1},{"not_picked":["Turbo","Static Discharge"],"picked":"Defragment","floor":3},{"not_picked":["Ball Lightning","Coolheaded"],"picked":"Self Repair","floor":4},{"not_picked":["Loop","Capacitor"],"picked":"Echo Form","floor":7},{"not_picked":["Beam Cell","Sweeping Beam"],"picked":"Skim","floor":12},{"not_picked":["Turbo","Rebound","Beam Cell"],"picked":"SKIP","floor":13},{"not_picked":["Tempest","Turbo"],"picked":"Go for the Eyes","floor":14},{"not_picked":["Gash","Streamline+1"],"picked":"Blizzard+1","floor":18}],"player_experience":441927,"relics_obtained":[{"floor":7,"key":"Pocketwatch"},{"floor":9,"key":"Nunchaku"}],"event_choices":[{"cards_removed":["Strike_B"],"damage_healed":0,"gold_gain":0,"player_choice":"Offered Basic","damage_taken":0,"max_hp_gain":0,"max_hp_loss":0,"event_name":"Bonfire Elementals","floor":2,"gold_loss":0},{"damage_healed":0,"gold_gain":100,"player_choice":"Pray","damage_taken":0,"max_hp_gain":0,"max_hp_loss":0,"event_name":"Golden Shrine","floor":10,"gold_loss":0},{"damage_healed":0,"gold_gain":0,"player_choice":"Ignored","damage_taken":0,"max_hp_gain":0,"max_hp_loss":0,"event_name":"Vampires","floor":20,"gold_loss":0},{"damage_healed":0,"gold_gain":0,"player_choice":"Fight","damage_taken":0,"max_hp_gain":0,"max_hp_loss":0,"event_name":"Colosseum","floor":21,"gold_loss":0},{"damage_healed":0,"gold_gain":0,"player_choice":"Fled From Nobs","damage_taken":0,"max_hp_gain":0,"max_hp_loss":0,"event_name":"Colosseum","floor":21,"gold_loss":0},{"damage_healed":0,"gold_gain":0,"player_choice":"Traded Relic","damage_taken":0,"relics_obtained":["Nloth\u0027s Gift"],"max_hp_gain":0,"max_hp_loss":0,"event_name":"N\u0027loth","floor":22,"relics_lost":["Nunchaku"],"gold_loss":0}],"is_beta":false,"boss_relics":[{"not_picked":["Fusion Hammer","Orrery"],"picked":"Empty Cage"}],"items_purged_floors":[],"is_endless":false,"potions_floor_spawned":[1,3,7,16,21],"killed_by":"Gremlin Leader","ascension_level":3}