{"gold_per_floor":[116,131,206,224,234,234,267,267,267,267,296,306,306,64,64,160,160,180,192,16,33,0,0,16,42,69,79,79,4,103,114,114,210,210,225,242,257,273,293,293,305,305,305,305,21,21,36,36,36,36,36,36,36,64,64],"floor_reached":55,"playtime":2882,"items_purged":["Strike_G","Defend_G","Setup+1"],"score":846,"play_id":"2d4289b0-1526-4f9f-b68d-816bb4a884a6","local_time":"20190218021436","is_ascension_mode":true,"campfire_choices":[{"data":"Neutralize","floor":6,"key":"SMITH"},{"data":"Sucker Punch","floor":8,"key":"SMITH"},{"data":"Backflip","floor":10,"key":"SMITH"},{"floor":13,"key":"RECALL"},{"floor":15,"key":"REST"},{"data":"Terror","floor":23,"key":"SMITH"},{"data":"Survivor","floor":32,"key":"SMITH"},{"data":"Defend_G","floor":40,"key":"SMITH"},{"data":"Defend_G","floor":42,"key":"SMITH"},{"data":"Accuracy","floor":46,"key":"SMITH"},{"data":"Defend_G","floor":49,"key":"SMITH"},{"data":"All Out Attack","floor":52,"key":"SMITH"}],"neow_cost":"NONE","seed_source_timestamp":265237192004621,"circlet_count":0,"master_deck":["Defend_G","Defend_G+1","Defend_G+1","Defend_G+1","Strike_G","Strike_G","Strike_G","Survivor+1","Neutralize+1","Sucker Punch+1","Terror+1","Backstab","Backflip+1","Backstab","Backflip+1","Bandage Up+1","Blade Dance+1","Tools of the Trade","Infinite Blades","All Out Attack+1","Outmaneuver+1","Adrenaline+1","Blade Dance+1","Accuracy+1","Calculated Gamble+1","Madness+1","Madness+1","Deflect+1"],"relics":["Ring of the Snake","Toxic Egg 2","Shuriken","Gremlin Horn","Runic Pyramid","Ancient Tea Set","MutagenicStrength","Eternal Feather","Centennial Puzzle","Bottled Tornado"],"potions_floor_usage":[7,7,7,18,25,27,33,33,33,37,50,50,54,55],"damage_taken":[{"damage":2,"enemies":"2 Louse","floor":1,"turns":3},{"damage":0,"enemies":"Small Slimes","floor":2,"turns":3},{"damage":2,"enemies":"Jaw Worm","floor":4,"turns":5},{"damage":1,"enemies":"Looter","floor":5,"turns":3},{"damage":5,"enemies":"3 Sentries","floor":7,"turns":7},{"damage":13,"enemies":"Gremlin Nob","floor":11,"turns":3},{"damage":0,"enemies":"Large Slime","floor":12,"turns":3},{"damage":22,"enemies":"The Guardian","floor":16,"turns":12},{"damage":0,"enemies":"Spheric Guardian","floor":18,"turns":3},{"damage":0,"enemies":"2 Thieves","floor":19,"turns":3},{"damage":2,"enemies":"3 Cultists","floor":21,"turns":5},{"damage":2,"enemies":"Chosen and Byrds","floor":24,"turns":4},{"damage":26,"enemies":"Slavers","floor":25,"turns":7},{"damage":10,"enemies":"Snake Plant","floor":27,"turns":3},{"damage":1,"enemies":"Centurion and Healer","floor":31,"turns":4},{"damage":52,"enemies":"Collector","floor":33,"turns":9},{"damage":15,"enemies":"3 Darklings","floor":35,"turns":4},{"damage":8,"enemies":"Orb Walker","floor":36,"turns":3},{"damage":20,"enemies":"Spire Growth","floor":37,"turns":4},{"damage":6,"enemies":"Jaw Worm Horde","floor":38,"turns":4},{"damage":6,"enemies":"3 Darklings","floor":39,"turns":4},{"damage":33,"enemies":"4 Shapes","floor":41,"turns":9},{"damage":0,"enemies":"Sphere and 2 Shapes","floor":47,"turns":2},{"damage":77,"enemies":"Awakened One","floor":50,"turns":9},{"damage":69,"enemies":"Shield and Spear","floor":54,"turns":6},{"damage":50,"enemies":"The Heart","floor":55,"turns":2}],"seed_played":"-8265735777803024845","potions_obtained":[{"floor":0,"key":"SpeedPotion"},{"floor":0,"key":"SteroidPotion"},{"floor":0,"key":"SteroidPotion"},{"floor":4,"key":"SteroidPotion"},{"floor":7,"key":"SpeedPotion"},{"floor":12,"key":"Poison Potion"},{"floor":16,"key":"Block Potion"},{"floor":25,"key":"SpeedPotion"},{"floor":31,"key":"LiquidBronze"},{"floor":33,"key":"Regen Potion"},{"floor":37,"key":"Ancient Potion"},{"floor":38,"key":"SpeedPotion"},{"floor":41,"key":"Regen Potion"},{"floor":54,"key":"Strength Potion"}],"is_trial":false,"path_per_floor":["M","M","?","M","M","R","E","R","T","R","E","M","R","$","R","B",null,"M","M","$","M","?","R","M","E","T","M","?","$","?","M","R","B",null,"M","M","M","M","M","R","M","R","T","?","$","R","M","?","R","B",null,"R","$","E","B"],"character_chosen":"THE_SILENT","items_purchased":["Backflip+1","Bandage Up+1","Blade Dance+1","Infinite Blades","GhostInAJar","Accuracy","Calculated Gamble+1"],"campfire_rested":1,"item_purchase_floors":[14,14,14,20,29,45,45],"current_hp_per_floor":[61,61,50,48,47,47,42,42,42,42,29,29,29,29,50,34,61,67,70,70,68,68,68,70,50,50,46,46,46,46,51,51,5,54,45,43,41,41,41,56,29,44,44,44,44,59,65,56,70,3,53,68,68,5,0],"gold":64,"neow_bonus":"THREE_SMALL_POTIONS","is_prod":false,"is_daily":false,"chose_seed":false,"campfire_upgraded":10,"win_rate":0,"timestamp":1550474076,"path_taken":["M","M","?","M","M","R","E","R","T","R","E","M","R","$","R","BOSS","M","M","$","M","?","R","M","E","T","M","?","?","?","M","R","BOSS","M","M","M","M","M","R","M","R","T","?","$","R","M","?","R","BOSS","R","$","E","BOSS"],"build_version":"2019-01-23","purchased_purges":3,"victory":false,"max_hp_per_floor":[70,70,70,70,70,70,70,70,70,70,70,70,70,70,70,70,70,70,70,70,70,70,70,70,70,70,70,70,70,70,70,70,70,70,70,70,70,70,70,70,70,70,70,70,70,70,70,70,70,70,70,70,70,70,70],"card_choices":[{"not_picked":["Bane","Eviscerate"],"picked":"Sucker Punch","floor":1},{"not_picked":["Choke","Outmaneuver"],"picked":"Terror","floor":2},{"not_picked":["Deadly Poison","Catalyst"],"picked":"Backstab","floor":4},{"not_picked":["Underhanded Strike","Tactician"],"picked":"Backflip","floor":5},{"not_picked":["Calculated Gamble","Outmaneuver"],"picked":"Backstab","floor":7},{"not_picked":["Dagger Spray","Escape Plan+1","Storm of Steel+1"],"picked":"SKIP","floor":11},{"not_picked":["Sucker Punch","Accuracy","Underhanded Strike"],"picked":"SKIP","floor":12},{"not_picked":["A Thousand Cuts","Grand Finale"],"picked":"Tools of the Trade","floor":16},{"not_picked":["Quick Slash","Sucker Punch+1","Cloak And Dagger+1"],"picked":"SKIP","floor":18},{"not_picked":["Dagger Spray","Footwork","Sucker Punch+1"],"picked":"SKIP","floor":19},{"not_picked":["Underhanded Strike","Dash","Dagger Spray"],"picked":"SKIP","floor":21},{"not_picked":["PiercingWail+1","Poisoned Stab+1"],"picked":"All Out Attack","floor":24},{"not_picked":["Caltrops","Burst+1","Crippling Poison+1"],"picked":"SKIP","floor":25},{"not_picked":["Bane","Choke","Flying Knee"],"picked":"SKIP","floor":27},{"not_picked":["Backflip+1","Crippling Poison+1"],"picked":"Outmaneuver+1","floor":31},{"not_picked":["Doppelganger+1","Wraith Form v2"],"picked":"Adrenaline+1","floor":33},{"not_picked":["Bane+1","Slice","Quick Slash+1"],"picked":"SKIP","floor":35},{"not_picked":["Acrobatics+1","Eviscerate","Quick Slash+1"],"picked":"SKIP","floor":36},{"not_picked":["Noxious Fumes","Escape Plan+1"],"picked":"Blade Dance+1","floor":37},{"not_picked":["Dagger Throw","All Out Attack+1","Noxious Fumes+1"],"picked":"SKIP","floor":38},{"not_picked":["Predator","Backflip+1"],"picked":"Setup+1","floor":39},{"not_picked":["Quick Slash","Expertise+1","Flechettes+1"],"picked":"SKIP","floor":41},{"not_picked":["PiercingWail+1","Slice","Backflip+1"],"picked":"SKIP","floor":47},{"not_picked":["Well Laid Plans","Terror+1"],"picked":"Deflect+1","floor":54}],"player_experience":310838,"relics_obtained":[{"floor":7,"key":"Toxic Egg 2"},{"floor":9,"key":"Shuriken"},{"floor":11,"key":"Gremlin Horn"},{"floor":25,"key":"Ancient Tea Set"},{"floor":43,"key":"Centennial Puzzle"},{"floor":54,"key":"Bottled Tornado"}],"event_choices":[{"damage_healed":0,"gold_gain":75,"player_choice":"Gather Gold","damage_taken":11,"max_hp_gain":0,"max_hp_loss":0,"event_name":"World of Goop","floor":3,"gold_loss":0},{"damage_healed":0,"gold_gain":0,"player_choice":"Paid Fearfully","damage_taken":0,"max_hp_gain":0,"max_hp_loss":0,"event_name":"Masked Bandits","floor":22,"gold_loss":33},{"damage_healed":0,"gold_gain":0,"player_choice":"Inject Mutagens","damage_taken":0,"relics_obtained":["MutagenicStrength"],"max_hp_gain":0,"max_hp_loss":0,"event_name":"Drug Dealer","floor":28,"gold_loss":0},{"damage_healed":0,"gold_gain":99,"player_choice":"Stole From Cult","damage_taken":0,"max_hp_gain":0,"max_hp_loss":0,"event_name":"Nest","floor":30,"gold_loss":0},{"cards_removed":["Strike_G"],"damage_healed":0,"gold_gain":0,"player_choice":"Removed Attack","damage_taken":0,"max_hp_gain":0,"max_hp_loss":0,"event_name":"Falling","floor":44,"gold_loss":0},{"damage_healed":0,"gold_gain":0,"player_choice":"Embrace Madness","damage_taken":9,"max_hp_gain":0,"max_hp_loss":0,"event_name":"Winding Halls","floor":48,"gold_loss":0,"cards_obtained":["Madness","Madness"]}],"is_beta":false,"boss_relics":[{"not_picked":["Astrolabe","Snecko Eye"],"picked":"Runic Pyramid"},{"not_picked":["Fusion Hammer","Busted Crown"],"picked":"Eternal Feather"}],"items_purged_floors":[14,20,45],"is_endless":false,"potions_floor_spawned":[4,5,7,12,16,25,31,33,37,38,41,47,54],"killed_by":"The Heart","ascension_level":6}