{"gold_per_floor":[111,111,34,53,128,128,25,58,58,70,86,96,108,176,176,281,281,298,298,316,331,331,331,331],"floor_reached":24,"playtime":1957,"items_purged":[],"score":200,"play_id":"e7ad3c86-bf27-4fb1-8804-02684c46ea7f","local_time":"20180715224350","is_ascension_mode":false,"campfire_choices":[{"data":"Regret","floor":6,"key":"PURGE"},{"floor":15,"key":"REST"},{"floor":23,"key":"REST"}],"neow_cost":"","seed_source_timestamp":324398505896234,"circlet_count":0,"master_deck":["Strike_R","Strike_R","Strike_R","Strike_R","Strike_R","Defend_R","Defend_R","Defend_R","Defend_R","Bash","Flex","Fire Breathing","Rampage","Dramatic Entrance","Thunderclap","Pommel Strike+1","Pommel Strike+1","Sword Boomerang+1","Bludgeon+1","Feed+1","Thunderclap+1","RitualDagger+1","Ghostly Armor","Rage+1"],"relics":["Burning Blood","Peace Pipe","Bottled Lightning","Molten Egg 2","Runic Cube"],"potions_floor_usage":[22,22],"damage_taken":[{"damage":0,"enemies":"2 Louse","floor":1,"turns":3},{"damage":7,"enemies":"Jaw Worm","floor":4,"turns":4},{"damage":49,"enemies":"Gremlin Nob","floor":8,"turns":5},{"damage":0,"enemies":"Cultist","floor":10,"turns":3},{"damage":0,"enemies":"Large Slime","floor":11,"turns":4},{"damage":6,"enemies":"Exordium Wildlife","floor":12,"turns":2},{"damage":10,"enemies":"Looter","floor":13,"turns":2},{"damage":30,"enemies":"Slime Boss","floor":16,"turns":7},{"damage":21,"enemies":"Spheric Guardian","floor":18,"turns":4},{"damage":34,"enemies":"Shell Parasite","floor":20,"turns":5},{"damage":23,"enemies":"Centurion and Healer","floor":21,"turns":7},{"damage":22,"enemies":"Snecko","floor":22,"turns":4},{"damage":43,"enemies":"Slavers","floor":24,"turns":3}],"seed_played":"315512137990353870","potions_obtained":[{"floor":8,"key":"SpeedPotion"},{"floor":11,"key":"SmokeBomb"}],"is_trial":false,"path_per_floor":["M","?","$","M","?","R","$","E","T","M","M","M","M","?","R","B",null,"M","?","M","M","M","R"],"character_chosen":"IRONCLAD","items_purchased":["Fire Breathing","Dramatic Entrance"],"campfire_rested":2,"item_purchase_floors":[3,7],"current_hp_per_floor":[80,80,80,79,68,68,68,25,25,31,37,37,33,33,57,33,80,69,63,39,26,10,37,0],"gold":331,"neow_bonus":"","is_prod":false,"is_daily":false,"chose_seed":false,"campfire_upgraded":0,"win_rate":0.0,"timestamp":1531709030,"path_taken":["M","?","$","M","?","R","?","E","T","M","M","M","M","?","R","BOSS","M","?","M","M","M","R","E"],"build_version":"2018-07-12","purchased_purges":0,"victory":false,"max_hp_per_floor":[80,80,80,80,80,80,80,80,80,80,80,80,80,80,80,80,80,84,84,88,92,92,92,92],"card_choices":[{"not_picked":["Warcry","Headbutt"],"picked":"Flex","floor":1},{"not_picked":["Twin Strike","Thunderclap"],"picked":"Rampage","floor":4},{"not_picked":["Clothesline","Clash"],"picked":"Thunderclap","floor":8},{"not_picked":["Corruption","Intimidate"],"picked":"Pommel Strike+1","floor":10},{"not_picked":["Burning Pact","Intimidate"],"picked":"Pommel Strike+1","floor":11},{"not_picked":["Rupture","Armaments"],"picked":"Sword Boomerang+1","floor":12},{"not_picked":["Pommel Strike+1","True Grit"],"picked":"Bludgeon+1","floor":13},{"not_picked":["Reaper+1","Fiend Fire+1"],"picked":"Feed+1","floor":16},{"not_picked":["Feel No Pain","Pummel+1"],"picked":"Thunderclap+1","floor":18},{"not_picked":["Second Wind","Feel No Pain+1"],"picked":"Ghostly Armor","floor":20},{"not_picked":["Whirlwind+1","Thunderclap+1"],"picked":"Rage+1","floor":21}],"player_experience":31416,"relics_obtained":[{"floor":8,"key":"Bottled Lightning"},{"floor":9,"key":"Molten Egg 2"}],"event_choices":[{"event_name":"Big Fish","player_choice":"Box","floor":2,"damage_taken":0},{"event_name":"World of Goop","player_choice":"Gather Gold","floor":5,"damage_taken":0},{"event_name":"Golden Wing","player_choice":"Gained Gold","floor":14,"damage_taken":0},{"event_name":"Nest","player_choice":"Joined the Cult","floor":19,"damage_taken":0}],"boss_relics":[{"not_picked":["Runic Pyramid","Philosopher\u0027s Stone"],"picked":"Runic Cube"}],"items_purged_floors":[],"is_endless":false,"potions_floor_spawned":[8,11],"killed_by":"Slavers","ascension_level":0}