{"gold_per_floor":[215,229,81,95,113,113,146,146,146,146,156,176,18,29,29,128,128,144,74,74,74,61,61,81,81,81,91,109,208,223,251,251,347,347,360,376,388,663,218,248,51,79,79,92,105,131,150,0,0,0],"floor_reached":51,"playtime":4625,"items_purged":["Strike_G","Regret","Writhe"],"score":1156,"play_id":"92cd06f2-d3a9-41f4-ac33-c5652ac3327a","local_time":"20190415180403","is_ascension_mode":true,"campfire_choices":[{"data":"Wraith Form v2","floor":6,"key":"SMITH"},{"floor":8,"key":"REST"},{"data":"Noxious Fumes","floor":15,"key":"SMITH"},{"floor":23,"key":"RECALL"},{"floor":25,"key":"REST"},{"floor":32,"key":"REST"},{"floor":49,"key":"REST"}],"neow_cost":"NONE","seed_source_timestamp":146351685368276,"circlet_count":0,"master_deck":["Defend_G","Defend_G","Defend_G","Defend_G","Defend_G","Strike_G","Strike_G+1","Strike_G+1","Survivor","Neutralize","Flechettes","Cloak And Dagger","Noxious Fumes+1","Wraith Form v2+1","Dodge and Roll","Blade Dance","PiercingWail","Deadly Poison","Wraith Form v2","Night Terror","Sucker Punch+1","Footwork","Corpse Explosion","Well Laid Plans","Calculated Gamble","Crippling Poison+1","Night Terror","Crippling Poison+1","Expertise+1","Caltrops"],"relics":["Ring of the Snake","Blood Vial","PreservedInsect","Fusion Hammer","Ninja Scroll","Anchor","Busted Crown","Snake Skull","Toolbox","Singing Bowl","Kunai","Pear","Whetstone","Red Mask"],"potions_floor_usage":[18,30,30,45,50,50],"damage_taken":[{"damage":0,"enemies":"2 Louse","floor":1,"turns":4},{"damage":2,"enemies":"Jaw Worm","floor":2,"turns":5},{"damage":0,"enemies":"Cultist","floor":4,"turns":4},{"damage":3,"enemies":"Blue Slaver","floor":5,"turns":6},{"damage":41,"enemies":"Lagavulin","floor":7,"turns":12},{"damage":3,"enemies":"Red Slaver","floor":11,"turns":5},{"damage":2,"enemies":"Exordium Wildlife","floor":12,"turns":4},{"damage":2,"enemies":"Blue Slaver","floor":14,"turns":5},{"damage":29,"enemies":"Hexaghost","floor":16,"turns":12},{"damage":15,"enemies":"Spheric Guardian","floor":18,"turns":6},{"damage":3,"enemies":"2 Thieves","floor":22,"turns":4},{"damage":17,"enemies":"Centurion and Healer","floor":24,"turns":10},{"damage":0,"enemies":"Snecko","floor":27,"turns":6},{"damage":3,"enemies":"3 Cultists","floor":28,"turns":4},{"damage":2,"enemies":"Snake Plant","floor":30,"turns":6},{"damage":2,"enemies":"Gremlin Leader","floor":31,"turns":7},{"damage":32,"enemies":"Champ","floor":33,"turns":17},{"damage":10,"enemies":"Orb Walker","floor":35,"turns":6},{"damage":12,"enemies":"3 Darklings","floor":36,"turns":4},{"damage":0,"enemies":"4 Shapes","floor":37,"turns":1},{"damage":0,"enemies":"Giant Head","floor":40,"turns":10},{"damage":1,"enemies":"Reptomancer","floor":42,"turns":5},{"damage":1,"enemies":"Transient","floor":44,"turns":5},{"damage":15,"enemies":"Writhing Mass","floor":45,"turns":10},{"damage":1,"enemies":"Nemesis","floor":46,"turns":7},{"damage":1,"enemies":"Maw","floor":47,"turns":7},{"damage":8,"enemies":"Donu and Deca","floor":50,"turns":8}],"seed_played":"5811325906245596849","potions_obtained":[{"floor":1,"key":"SneckoOil"},{"floor":4,"key":"AttackPotion"},{"floor":7,"key":"SteroidPotion"},{"floor":22,"key":"Dexterity Potion"},{"floor":27,"key":"Block Potion"},{"floor":31,"key":"SmokeBomb"},{"floor":33,"key":"Ancient Potion"},{"floor":35,"key":"SkillPotion"},{"floor":37,"key":"Explosive Potion"},{"floor":40,"key":"Regen Potion"}],"is_trial":false,"path_per_floor":["M","M","$","M","M","R","E","R","T","?","M","M","$","M","R","B",null,"M","$","?","?","M","R","M","R","T","M","M","?","M","E","R","B",null,"M","M","M","?","$","E","$","E","T","M","M","E","M","?","R","B",null],"character_chosen":"THE_SILENT","items_purchased":["Noxious Fumes","Wraith Form v2","Footwork","Snake Skull","Toolbox","Caltrops"],"campfire_rested":4,"item_purchase_floors":[3,13,19,39,39,41],"current_hp_per_floor":[63,61,61,61,58,58,17,38,38,31,30,30,30,30,30,3,53,40,40,40,63,62,62,47,68,68,70,67,67,67,67,70,38,62,54,44,46,46,46,48,48,51,61,64,53,56,59,59,86,90],"gold":0,"neow_bonus":"HUNDRED_GOLD","is_prod":false,"is_daily":false,"chose_seed":false,"campfire_upgraded":2,"win_rate":0,"timestamp":1555344243,"path_taken":["M","M","$","M","M","R","E","R","T","?","M","M","$","M","R","BOSS","M","$","?","?","M","R","M","R","T","M","M","?","?","E","R","BOSS","M","M","?","?","$","E","$","E","T","M","?","E","M","?","R","BOSS"],"build_version":"2019-01-23","purchased_purges":3,"victory":true,"max_hp_per_floor":[70,70,70,70,70,70,70,70,70,70,70,70,70,70,70,70,70,70,70,70,70,70,70,70,70,70,70,70,70,70,70,70,70,70,70,70,70,70,70,70,70,72,82,84,86,88,90,90,90,90],"card_choices":[{"not_picked":["Underhanded Strike","Quick Slash"],"picked":"Flechettes","floor":1},{"not_picked":["Quick Slash","Underhanded Strike"],"picked":"Cloak And Dagger","floor":2},{"not_picked":["Prepared","Blade Dance"],"picked":"Wraith Form v2","floor":4},{"not_picked":["Quick Slash","Concentrate"],"picked":"Dodge and Roll","floor":5},{"not_picked":["Slice","Sucker Punch"],"picked":"Blade Dance","floor":7},{"not_picked":["Outmaneuver","Bane"],"picked":"PiercingWail","floor":11},{"not_picked":["Deflect","Blade Dance"],"picked":"Deadly Poison","floor":12},{"not_picked":["Eviscerate","Dagger Throw","Unload"],"picked":"SKIP","floor":14},{"not_picked":["Glass Knife","Adrenaline"],"picked":"Night Terror","floor":16},{"not_picked":["Calculated Gamble","Caltrops+1"],"picked":"Sucker Punch+1","floor":18},{"not_picked":["Dagger Throw","Reflex+1","PiercingWail"],"picked":"SKIP","floor":22},{"not_picked":["Blade Dance+1","Prepared"],"picked":"Corpse Explosion","floor":24},{"not_picked":["Dagger Throw+1","Backflip+1"],"picked":"Well Laid Plans","floor":27},{"not_picked":["Prepared","Unload","Bane"],"picked":"SKIP","floor":28},{"not_picked":["Underhanded Strike","Deflect"],"picked":"Calculated Gamble","floor":30},{"not_picked":["Escape Plan+1","Riddle With Holes"],"picked":"Crippling Poison+1","floor":31},{"not_picked":["Burst","Die Die Die"],"picked":"Night Terror","floor":33},{"not_picked":[],"picked":"Crippling Poison+1","floor":35},{"not_picked":["Bouncing Flask"],"picked":"SKIP","floor":36},{"not_picked":["Slice"],"picked":"SKIP","floor":37},{"not_picked":[],"picked":"Expertise+1","floor":40},{"not_picked":["Distraction"],"picked":"Singing Bowl","floor":42},{"not_picked":["Cloak And Dagger"],"picked":"Singing Bowl","floor":44},{"not_picked":["Riddle With Holes+1"],"picked":"Singing Bowl","floor":45},{"not_picked":["Sucker Punch"],"picked":"Singing Bowl","floor":46},{"not_picked":["Heel Hook"],"picked":"Singing Bowl","floor":47}],"player_experience":441007,"relics_obtained":[{"floor":7,"key":"Blood Vial"},{"floor":9,"key":"PreservedInsect"},{"floor":31,"key":"Anchor"},{"floor":40,"key":"Singing Bowl"},{"floor":42,"key":"Kunai"},{"floor":43,"key":"Pear"},{"floor":46,"key":"Whetstone"}],"event_choices":[{"cards_removed":["Strike_G"],"damage_healed":0,"gold_gain":0,"player_choice":"Card Removal","damage_taken":7,"max_hp_gain":0,"max_hp_loss":0,"event_name":"Golden Wing","floor":10,"gold_loss":0},{"damage_healed":0,"gold_gain":0,"player_choice":"Opened","damage_taken":0,"relics_obtained":["Ninja Scroll"],"max_hp_gain":0,"max_hp_loss":0,"event_name":"The Mausoleum","floor":20,"gold_loss":0,"cards_obtained":["Writhe"]},{"damage_healed":23,"gold_gain":0,"player_choice":"Heal","damage_taken":0,"max_hp_gain":0,"max_hp_loss":0,"event_name":"The Library","floor":21,"gold_loss":0},{"damage_healed":0,"gold_gain":99,"player_choice":"Stole From Cult","damage_taken":0,"max_hp_gain":0,"max_hp_loss":0,"event_name":"Nest","floor":29,"gold_loss":0},{"damage_healed":0,"gold_gain":275,"player_choice":"Desecrate","damage_taken":0,"max_hp_gain":0,"max_hp_loss":0,"event_name":"Golden Shrine","floor":38,"gold_loss":0,"cards_obtained":["Regret"]},{"damage_healed":0,"gold_gain":0,"player_choice":"Paid","damage_taken":0,"relics_obtained":["Red Mask"],"max_hp_gain":0,"max_hp_loss":0,"event_name":"Tomb of Lord Red Mask","floor":48,"gold_loss":150}],"is_beta":false,"boss_relics":[{"not_picked":["Eternal Feather","Empty Cage"],"picked":"Fusion Hammer"},{"not_picked":["HoveringKite","Orrery"],"picked":"Busted Crown"}],"items_purged_floors":[3,39,41],"is_endless":false,"potions_floor_spawned":[1,4,7,22,27,28,31,33,35,37,40,44],"ascension_level":9}