{"gold_per_floor":[114,79,92,11,0,27,37,37,37,48,48,68,68,43,43,118,118,133,64,64,64,77,77,1,1,28,28,28,46,61,61,61,139,139,154,166,60,160,174,174,193,193,219,238,258,258,271,271],"floor_reached":48,"playtime":4247,"items_purged":[],"score":734,"play_id":"e30d4ca5-9d9a-4c04-bd36-19fe96ab208a","local_time":"20190428025204","is_ascension_mode":true,"campfire_choices":[{"floor":8,"key":"REST"},{"data":"Footwork","floor":13,"key":"SMITH"},{"floor":15,"key":"REST"},{"floor":23,"key":"REST"},{"data":"Doppelganger","floor":25,"key":"SMITH"},{"data":"Noxious Fumes","floor":27,"key":"SMITH"},{"floor":32,"key":"REST"},{"floor":40,"key":"REST"},{"floor":42,"key":"REST"}],"neow_cost":"PERCENT_DAMAGE","seed_source_timestamp":535294169664700,"circlet_count":0,"master_deck":["AscendersBane","Defend_G","Defend_G","Defend_G","Defend_G","Defend_G","Strike_G","Strike_G","Strike_G","Strike_G","Strike_G","Survivor","Neutralize","Doppelganger+1","Acrobatics","Bouncing Flask","Footwork+1","Escape Plan","Cloak And Dagger","Corpse Explosion","Leg Sweep","Noxious Fumes+1","Well Laid Plans","Backflip","Bullet Time","Leg Sweep","Noxious Fumes","Dash","Dash+1","Bouncing Flask+1","Backflip"],"special_seed":0,"relics":["Ring of the Snake","Pear","Pen Nib","Runic Pyramid","Bronze Scales","MutagenicStrength","Fusion Hammer","Pocketwatch","PreservedInsect"],"potions_floor_usage":[16,33,35],"damage_taken":[{"damage":0.0,"enemies":"2 Louse","floor":1.0,"turns":5.0},{"damage":0,"enemies":"Small Slimes","floor":3,"turns":3},{"damage":25,"enemies":"Lagavulin","floor":6,"turns":8},{"damage":1,"enemies":"Jaw Worm","floor":7,"turns":6},{"damage":3,"enemies":"2 Fungi Beasts","floor":10,"turns":6},{"damage":7,"enemies":"Large Slime","floor":12,"turns":9},{"damage":75,"enemies":"Slime Boss","floor":16,"turns":23},{"damage":11,"enemies":"Spheric Guardian","floor":18,"turns":12},{"damage":1,"enemies":"Chosen","floor":22,"turns":8},{"damage":19,"enemies":"Snecko","floor":29,"turns":7},{"damage":19,"enemies":"Snake Plant","floor":30,"turns":4},{"damage":55,"enemies":"Collector","floor":33,"turns":12},{"damage":10,"enemies":"3 Darklings","floor":35,"turns":5},{"damage":0,"enemies":"3 Shapes","floor":36,"turns":5},{"damage":0,"enemies":"Mind Bloom Boss Battle","floor":38,"turns":8},{"damage":1,"enemies":"Jaw Worm Horde","floor":39,"turns":4},{"damage":18,"enemies":"Spire Growth","floor":41,"turns":6},{"damage":52,"enemies":"Transient","floor":44,"turns":5},{"damage":20,"enemies":"Writhing Mass","floor":45,"turns":6},{"damage":8,"enemies":"Jaw Worm Horde","floor":47,"turns":3},{"damage":1,"enemies":"4 Shapes","floor":48,"turns":1}],"seed_played":"7617172564111462781","potions_obtained":[{"floor":1.0,"key":"Block Potion"},{"floor":3,"key":"Swift Potion"},{"floor":18,"key":"Weak Potion"},{"floor":22,"key":"SkillPotion"},{"floor":33,"key":"Block Potion"},{"floor":35,"key":"GamblersBrew"},{"floor":39,"key":"Ancient Potion"}],"is_trial":false,"path_per_floor":["M","?","M","$","?","E","M","R","T","M","?","M","R","$","R","B",null,"M","$","?","?","M","R","$","R","T","R","?","M","M","?","R","B",null,"M","M","$","?","M","R","M","R","T","M","M","?","M","M"],"character_chosen":"THE_SILENT","items_purchased":["Footwork","Cloak And Dagger","Leg Sweep","Well Laid Plans","Noxious Fumes","Dash"],"campfire_rested":6,"item_purchase_floors":[4,14,19,24,37,37],"current_hp_per_floor":[44,60,60,60,60,45,44,66,66,63,68,61,61,61,81,6,62,51,51,51,51,50,74,74,74,74,74,74,55,36,36,60,5,62,52,52,52,52,51,75,57,81,81,29,9,9,1,0],"gold":271,"neow_bonus":"THREE_RARE_CARDS","is_prod":false,"is_daily":false,"chose_seed":false,"campfire_upgraded":3,"win_rate":0,"timestamp":1556434324,"path_taken":["M","?","M","$","?","E","M","R","T","M","?","M","R","?","R","BOSS","M","$","?","?","M","R","$","R","T","R","?","M","M","?","R","BOSS","M","M","$","?","M","R","M","R","T","M","M","?","M","?"],"build_version":"2019-01-23","purchased_purges":0,"victory":false,"max_hp_per_floor":[66,66,66,66,66,76,76,76,76,76,81,81,81,81,81,81,81,81,81,81,81,81,81,81,81,81,81,81,81,81,81,81,81,81,81,81,81,81,81,81,81,81,81,81,81,78,78,78],"card_choices":[{"not_picked":["Phantasmal Killer","Grand Finale"],"picked":"Doppelganger","floor":0.0},{"not_picked":["Tactician","Calculated Gamble"],"picked":"Acrobatics","floor":1.0},{"not_picked":["Slice","Choke"],"picked":"Bouncing Flask","floor":3},{"not_picked":["Slice","Concentrate","Deflect"],"picked":"SKIP","floor":6},{"not_picked":["Backflip","Prepared"],"picked":"Escape Plan","floor":7},{"not_picked":["Prepared","Poisoned Stab","Blade Dance"],"picked":"SKIP","floor":10},{"not_picked":["Poisoned Stab","Heel Hook","Blade Dance"],"picked":"SKIP","floor":12},{"not_picked":["Tools of the Trade","Glass Knife"],"picked":"Corpse Explosion","floor":16},{"not_picked":["Flying Knee","Blade Dance","Underhanded Strike+1"],"picked":"SKIP","floor":18},{"not_picked":["Dagger Throw","Endless Agony"],"picked":"Noxious Fumes","floor":22},{"not_picked":["Eviscerate","Bane","Riddle With Holes"],"picked":"SKIP","floor":29},{"not_picked":["Outmaneuver","Tactician"],"picked":"Backflip","floor":30},{"not_picked":["Night Terror","Grand Finale"],"picked":"Bullet Time","floor":33},{"not_picked":["Flying Knee","Dagger Spray","Underhanded Strike+1"],"picked":"SKIP","floor":35},{"not_picked":["Outmaneuver","Blade Dance"],"picked":"Leg Sweep","floor":36},{"not_picked":["Sucker Punch+1","Dodge and Roll+1"],"picked":"Dash+1","floor":38},{"not_picked":["Setup+1","Infinite Blades"],"picked":"Bouncing Flask+1","floor":39},{"not_picked":["Flying Knee+1","Poisoned Stab"],"picked":"Backflip","floor":41},{"not_picked":["Underhanded Strike","Prepared+1","Reflex"],"picked":"SKIP","floor":44},{"not_picked":["Blade Dance","Accuracy","Choke+1"],"picked":"SKIP","floor":45},{"not_picked":["Flying Knee","Masterful Stab","Deadly Poison"],"picked":"SKIP","floor":47}],"player_experience":1060875,"relics_obtained":[{"floor":6,"key":"Pear"},{"floor":9,"key":"Pen Nib"},{"floor":26,"key":"Bronze Scales"},{"floor":38,"key":"Pocketwatch"},{"floor":43,"key":"PreservedInsect"}],"event_choices":[{"damage_healed":16.0,"max_hp_gain":0.0,"max_hp_loss":0.0,"gold_gain":0.0,"event_name":"The Cleric","player_choice":"Healed","floor":2.0,"gold_loss":35.0,"damage_taken":0.0},{"damage_healed":0,"gold_gain":0,"player_choice":"Left Gold","damage_taken":0,"max_hp_gain":0,"max_hp_loss":0,"event_name":"World of Goop","floor":5,"gold_loss":11},{"damage_healed":0,"gold_gain":0,"player_choice":"Donut","damage_taken":0,"max_hp_gain":5,"max_hp_loss":0,"event_name":"Big Fish","floor":11,"gold_loss":0},{"damage_healed":0,"gold_gain":0,"player_choice":"Ignored","damage_taken":0,"max_hp_gain":0,"max_hp_loss":0,"event_name":"Ghosts","floor":20,"gold_loss":0},{"damage_healed":0,"gold_gain":0,"player_choice":"Ignored","damage_taken":0,"max_hp_gain":0,"max_hp_loss":0,"event_name":"Vampires","floor":21,"gold_loss":0},{"damage_healed":0,"gold_gain":0,"player_choice":"Inject Mutagens","damage_taken":0,"relics_obtained":["MutagenicStrength"],"max_hp_gain":0,"max_hp_loss":0,"event_name":"Drug Dealer","floor":28,"gold_loss":0},{"damage_healed":0,"gold_gain":0,"player_choice":"Ignored","damage_taken":0,"max_hp_gain":0,"max_hp_loss":0,"event_name":"The Mausoleum","floor":31,"gold_loss":0},{"damage_healed":0,"gold_gain":0,"player_choice":"Fight","damage_taken":0,"max_hp_gain":0,"max_hp_loss":0,"event_name":"MindBloom","floor":38,"gold_loss":0},{"cards_removed":["Parasite"],"damage_healed":0,"gold_gain":0,"player_choice":"Purged","damage_taken":0,"max_hp_gain":0,"max_hp_loss":0,"event_name":"Purifier","floor":46,"gold_loss":0}],"is_beta":false,"boss_relics":[{"not_picked":["HoveringKite","Eternal Feather"],"picked":"Runic Pyramid"},{"not_picked":["White Beast Statue","Orrery"],"picked":"Fusion Hammer"}],"items_purged_floors":[],"is_endless":false,"potions_floor_spawned":[1,3,7,18,22,33,35,39],"killed_by":"4 Shapes","ascension_level":14}