{"gold_per_floor":[218,232,258,278,26,37,53,88,88,99,99,129,114],"floor_reached":13,"playtime":1529,"items_purged":[],"score":107,"play_id":"87826fac-4f9e-4a8c-be1f-fd66698a7081","local_time":"20181126183347","is_ascension_mode":true,"campfire_choices":[{"floor":11,"key":"REST"}],"neow_cost":"NONE","seed_source_timestamp":935232451755889,"circlet_count":0,"master_deck":["Strike_B","Strike_B","Strike_B","Strike_B","Defend_B","Defend_B","Defend_B","Defend_B","Zap","Dualcast","Defragment","Hyperbeam","Conserve Battery","Ball Lightning","Darkness"],"relics":["Cracked Core","Bottled Tornado","Vajra","Prayer Wheel","Singing Bowl"],"potions_floor_usage":[8,8,13],"damage_taken":[{"damage":0,"enemies":"Cultist","floor":1,"turns":4},{"damage":0,"enemies":"Small Slimes","floor":2,"turns":3},{"damage":4,"enemies":"Jaw Worm","floor":4,"turns":3},{"damage":30,"enemies":"Gremlin Gang","floor":6,"turns":5},{"damage":8,"enemies":"Red Slaver","floor":7,"turns":3},{"damage":28,"enemies":"Lagavulin","floor":8,"turns":6},{"damage":4,"enemies":"Blue Slaver","floor":10,"turns":4},{"damage":19,"enemies":"Gremlin Nob","floor":12,"turns":4},{"damage":11,"enemies":"Looter","floor":13,"turns":1}],"seed_played":"987370900901993373","potions_obtained":[{"floor":1,"key":"SpeedPotion"},{"floor":7,"key":"FearPotion"},{"floor":12,"key":"Strength Potion"}],"is_trial":false,"path_per_floor":["M","M","T","M","$","M","M","E","T","M","R","E","M"],"character_chosen":"DEFECT","items_purchased":["Bottled Tornado"],"campfire_rested":1,"item_purchase_floors":[5],"current_hp_per_floor":[75,75,75,71,71,41,33,5,5,1,23,6,0],"gold":114,"neow_bonus":"HUNDRED_GOLD","is_prod":false,"is_daily":false,"chose_seed":false,"campfire_upgraded":0,"win_rate":0,"timestamp":1543275227,"path_taken":["M","?","?","M","$","M","M","E","T","M","R","E","?"],"build_version":"2018-11-15","purchased_purges":0,"victory":false,"max_hp_per_floor":[75,75,75,75,75,75,75,75,75,75,75,77,77],"card_choices":[{"not_picked":["Capacitor","Storm"],"picked":"Defragment","floor":1},{"not_picked":["Turbo","Reinforced Body","Cold Snap"],"picked":"SKIP","floor":2},{"not_picked":["Streamline","Consume","Cold Snap"],"picked":"SKIP","floor":4},{"not_picked":["Genetic Algorithm","Steam"],"picked":"Hyperbeam","floor":6},{"not_picked":["Stack","Beam Cell"],"picked":"Conserve Battery","floor":7},{"not_picked":["Sweeping Beam","Steam Power","Ball Lightning"],"picked":"SKIP","floor":8},{"not_picked":["Beam Cell","Heatsinks"],"picked":"Ball Lightning","floor":10},{"not_picked":["Steam Power","Hologram"],"picked":"Darkness","floor":10},{"not_picked":["Redo","Beam Cell","Cold Snap"],"picked":"Singing Bowl","floor":12}],"player_experience":354205,"relics_obtained":[{"floor":8,"key":"Vajra"},{"floor":9,"key":"Prayer Wheel"},{"floor":12,"key":"Singing Bowl"}],"event_choices":[],"is_beta":false,"boss_relics":[],"items_purged_floors":[],"is_endless":false,"potions_floor_spawned":[1,7,12],"killed_by":"Looter","ascension_level":2}