{"gold_per_floor":[110,110,110,130,140,140,27,27,52,64,74,101,119,137,137,240,240,259,259,259,144,144,50,50,65,65,76,76,87,87,118,118,213,213,227,227,240,55,55,55,70,70],"floor_reached":42,"playtime":2407,"items_purged":[],"score":527,"play_id":"5110115d-59aa-4c68-a2d3-439853904b45","local_time":"20180831004808","is_ascension_mode":true,"campfire_choices":[{"data":"Dodge and Roll","floor":6,"key":"SMITH"},{"data":"Noxious Fumes","floor":8,"key":"SMITH"},{"floor":15,"key":"REST"},{"floor":24,"key":"REST"},{"floor":30,"key":"REST"},{"floor":32,"key":"REST"},{"floor":40,"key":"REST"}],"neow_cost":"","seed_source_timestamp":1364121348441028,"circlet_count":0,"master_deck":["Defend_G","Defend_G","Defend_G","Defend_G","Defend_G","Strike_G","Strike_G","Strike_G","Strike_G","Strike_G","Survivor","Neutralize","Dodge and Roll+1","Infinite Blades","Finisher","Noxious Fumes+1","Bouncing Flask","Crippling Poison","Dodge and Roll","Storm of Steel","Noxious Fumes+1","Accuracy+1","Burst","Deadly Poison+1","Noxious Fumes+1","PiercingWail","PiercingWail","Outmaneuver","Deflect","Footwork+1","Deflect+1","Backflip+1","Deadly Poison","Night Terror","Cloak And Dagger+1","PiercingWail+1","Caltrops+1","Panache+1","Dagger Spray","Blur+1"],"relics":["Ring of the Snake","Blood Vial","Happy Flower","Frozen Egg 2","Black Star","Ninja Scroll","Shuriken","Calipers","Bird Faced Urn","Eternal Feather","Dream Catcher"],"potions_floor_usage":[13,14,16,33,33,33,33,37,42,42],"damage_taken":[{"damage":2,"enemies":"2 Louse","floor":1,"turns":4},{"damage":0,"enemies":"Jaw Worm","floor":4,"turns":6},{"damage":1,"enemies":"Small Slimes","floor":5,"turns":5},{"damage":23,"enemies":"Exordium Thugs","floor":10,"turns":5},{"damage":23,"enemies":"Gremlin Gang","floor":11,"turns":5},{"damage":16,"enemies":"Lagavulin","floor":12,"turns":6},{"damage":0,"enemies":"Blue Slaver","floor":13,"turns":3},{"damage":4,"enemies":"Exordium Wildlife","floor":14,"turns":4},{"damage":14,"enemies":"The Guardian","floor":16,"turns":9},{"damage":40,"enemies":"2 Thieves","floor":18,"turns":5},{"damage":0,"enemies":"Spheric Guardian","floor":25,"turns":3},{"damage":36,"enemies":"3 Cultists","floor":27,"turns":5},{"damage":17,"enemies":"Snake Plant","floor":29,"turns":5},{"damage":19,"enemies":"Slavers","floor":31,"turns":7},{"damage":48,"enemies":"Champ","floor":33,"turns":10},{"damage":44,"enemies":"Orb Walker","floor":35,"turns":7},{"damage":36,"enemies":"3 Shapes","floor":37,"turns":4},{"damage":29,"enemies":"3 Darklings","floor":41,"turns":6},{"damage":55,"enemies":"Maw","floor":42,"turns":7}],"seed_played":"-3619329126214606716","potions_obtained":[{"floor":1,"key":"SpeedPotion"},{"floor":12,"key":"Fire Potion"},{"floor":13,"key":"SpeedPotion"},{"floor":18,"key":"Poison Potion"},{"floor":31,"key":"EntropicBrew"},{"floor":35,"key":"PowerPotion"},{"floor":36,"key":"Regen Potion"},{"floor":36,"key":"SteroidPotion"},{"floor":37,"key":"FearPotion"}],"is_trial":false,"path_per_floor":["M","?","?","M","M","R","$","R","T","M","M","E","M","M","R","B",null,"M","?","T","$","?","$","R","M","T","M","?","M","R","E","R","B",null,"M","?","M","$","?","R","M"],"character_chosen":"THE_SILENT","items_purchased":["Noxious Fumes","Bouncing Flask","Noxious Fumes+1","PiercingWail","Outmaneuver","Deflect","Caltrops+1","Dream Catcher"],"campfire_rested":5,"item_purchase_floors":[7,7,21,21,23,23,38,38],"current_hp_per_floor":[68,68,61,63,64,64,64,64,64,43,22,8,10,8,29,17,70,30,53,53,53,53,53,70,70,70,34,34,19,40,23,44,12,70,32,32,16,16,16,58,35,0],"gold":70,"neow_bonus":"","is_prod":false,"is_daily":false,"chose_seed":false,"campfire_upgraded":2,"win_rate":0,"timestamp":1535690888,"path_taken":["M","?","?","M","?","R","$","R","T","M","M","E","M","?","R","BOSS","M","?","?","$","?","?","R","M","T","M","?","M","R","E","R","BOSS","M","?","M","$","?","R","M","M"],"build_version":"2018-08-30","purchased_purges":0,"victory":false,"max_hp_per_floor":[70,70,70,70,70,70,70,70,70,70,70,70,70,70,70,70,70,70,70,70,70,70,70,70,70,70,70,70,70,70,70,70,70,70,70,70,70,70,70,70,70,70],"card_choices":[{"not_picked":["Riddle With Holes","Acrobatics"],"picked":"Dodge and Roll","floor":1},{"not_picked":["Backstab","Acrobatics"],"picked":"Infinite Blades","floor":4},{"not_picked":["Sucker Punch","Endless Agony"],"picked":"Finisher","floor":5},{"not_picked":["Slice","Distraction"],"picked":"Crippling Poison","floor":10},{"not_picked":["Deflect","Predator"],"picked":"Dodge and Roll","floor":11},{"not_picked":["Calculated Gamble","Slice"],"picked":"Storm of Steel","floor":12},{"not_picked":["Eviscerate","Backstab"],"picked":"Noxious Fumes+1","floor":13},{"not_picked":["Sucker Punch","Prepared"],"picked":"Accuracy+1","floor":14},{"not_picked":["Grand Finale","Bullet Time"],"picked":"Burst","floor":16},{"not_picked":["Flying Knee","Dagger Throw"],"picked":"Deadly Poison+1","floor":18},{"not_picked":["Deflect","Finisher"],"picked":"Footwork+1","floor":25},{"not_picked":["Sucker Punch+1","Outmaneuver"],"picked":"Deflect+1","floor":27},{"not_picked":["Catalyst","PiercingWail"],"picked":"Backflip+1","floor":29},{"not_picked":["Blade Dance","Acrobatics"],"picked":"Deadly Poison","floor":31},{"not_picked":["Unload","Doppelganger"],"picked":"Night Terror","floor":33},{"not_picked":["Deadly Poison+1","Underhanded Strike"],"picked":"Cloak And Dagger+1","floor":35},{"not_picked":["Dagger Throw","Dagger Spray+1"],"picked":"PiercingWail+1","floor":37},{"not_picked":["Thinking Ahead","Dark Shackles"],"picked":"Panache+1","floor":39},{"not_picked":["Tactician","Underhanded Strike+1"],"picked":"Dagger Spray","floor":40},{"not_picked":["Deflect+1","PiercingWail"],"picked":"Blur+1","floor":41}],"player_experience":121856,"relics_obtained":[{"floor":9,"key":"Happy Flower"},{"floor":12,"key":"Frozen Egg 2"},{"floor":20,"key":"Ninja Scroll"},{"floor":26,"key":"Shuriken"},{"floor":31,"key":"Calipers"},{"floor":31,"key":"Bird Faced Urn"}],"event_choices":[{"event_name":"Big Fish","player_choice":"Box","floor":2,"damage_taken":0},{"event_name":"Golden Wing","player_choice":"Card Removal","floor":3,"damage_taken":0},{"event_name":"The Library","player_choice":"Heal","floor":19,"damage_taken":0},{"event_name":"Duplicator","player_choice":"One dupe","floor":22,"damage_taken":0},{"event_name":"Ghosts","player_choice":"Ignored","floor":28,"damage_taken":0},{"event_name":"The Lab","player_choice":"Got Potions","floor":36,"damage_taken":0},{"event_name":"SensoryStone","player_choice":"Memory 1","floor":39,"damage_taken":0}],"is_beta":false,"boss_relics":[{"not_picked":["Orrery","Runic Dome"],"picked":"Black Star"},{"not_picked":["Calling Bell","Empty Cage"],"picked":"Eternal Feather"}],"items_purged_floors":[],"is_endless":false,"potions_floor_spawned":[1,12,13,18,31,35,37,41],"killed_by":"Maw","ascension_level":4}