{"gold_per_floor":[119,132,132,152,15,15,43,43,43,70,70,82,7,25,25,123,123,140,157,175,191,191,191,224,224,247,247],"floor_reached":27,"playtime":2275,"items_purged":["Strike_G"],"score":365,"play_id":"eb03c549-e009-4b20-8ab8-16439afb6719","local_time":"20190412114438","is_ascension_mode":true,"campfire_choices":[{"data":"Crippling Poison","floor":6,"key":"SMITH"},{"data":"Footwork","floor":8,"key":"SMITH"},{"data":"Neutralize","floor":15,"key":"SMITH"},{"floor":23,"key":"REST"}],"neow_cost":"NONE","seed_source_timestamp":136624397555762,"circlet_count":0,"master_deck":["Defend_G","Defend_G","Defend_G","Defend_G","Defend_G","Strike_G","Strike_G","Strike_G","Survivor","Neutralize+1","Dodge and Roll","Footwork","Footwork+1","Noxious Fumes","Crippling Poison+1","Leg Sweep","Noxious Fumes","Burst","Skewer+1","Dodge and Roll","Acrobatics","Poisoned Stab+1","Blur"],"relics":["Ring of the Snake","NeowsBlessing","Singing Bowl","Shuriken","Dream Catcher","Runic Dome","Bag of Marbles","Snake Skull"],"potions_floor_usage":[10,14,24,27,27],"damage_taken":[{"damage":0,"enemies":"Small Slimes","floor":1,"turns":1},{"damage":0,"enemies":"Cultist","floor":2,"turns":1},{"damage":0,"enemies":"Jaw Worm","floor":4,"turns":1},{"damage":6,"enemies":"Lagavulin","floor":7,"turns":9},{"damage":24,"enemies":"Gremlin Nob","floor":10,"turns":6},{"damage":22,"enemies":"Lots of Slimes","floor":12,"turns":4},{"damage":4,"enemies":"Gremlin Gang","floor":14,"turns":5},{"damage":6,"enemies":"The Guardian","floor":16,"turns":11},{"damage":5,"enemies":"3 Byrds","floor":18,"turns":4},{"damage":10,"enemies":"Shell Parasite","floor":19,"turns":5},{"damage":12,"enemies":"Centurion and Healer","floor":20,"turns":8},{"damage":4,"enemies":"Shelled Parasite and Fungi","floor":21,"turns":7},{"damage":50,"enemies":"Slavers","floor":24,"turns":6},{"damage":9,"enemies":"Gremlin Leader","floor":27,"turns":2}],"seed_played":"-8686878218110476180","potions_obtained":[{"floor":1,"key":"Strength Potion"},{"floor":4,"key":"Dexterity Potion"},{"floor":7,"key":"Energy Potion"},{"floor":10,"key":"SkillPotion"},{"floor":21,"key":"Energy Potion"},{"floor":24,"key":"Weak Potion"}],"is_trial":false,"path_per_floor":["M","M","?","M","$","R","E","R","T","E","?","M","$","M","R","B",null,"M","M","M","M","?","R","E","?","T","E"],"character_chosen":"THE_SILENT","items_purchased":["Noxious Fumes","Crippling Poison"],"campfire_rested":1,"item_purchase_floors":[5,5],"current_hp_per_floor":[63,63,63,63,63,63,59,59,59,35,82,60,60,58,58,52,76,71,61,49,45,29,55,7,7,7,0],"gold":247,"neow_bonus":"THREE_ENEMY_KILL","is_prod":false,"is_daily":false,"chose_seed":false,"campfire_upgraded":3,"win_rate":0,"timestamp":1555062278,"path_taken":["M","M","?","?","?","R","E","R","T","E","?","M","$","M","R","BOSS","M","?","?","M","?","R","E","?","T","E"],"build_version":"2019-01-23","purchased_purges":1,"victory":false,"max_hp_per_floor":[70,70,70,70,70,70,72,72,72,72,82,82,82,84,84,84,84,84,84,84,84,89,89,91,91,91,91],"card_choices":[{"not_picked":["Concentrate","Acrobatics"],"picked":"Dodge and Roll","floor":1},{"not_picked":["Caltrops","Concentrate"],"picked":"Footwork","floor":2},{"not_picked":["Dodge and Roll","Blade Dance"],"picked":"Footwork","floor":4},{"not_picked":["Setup","Accuracy","Concentrate"],"picked":"Singing Bowl","floor":7},{"not_picked":["Storm of Steel","Dagger Throw"],"picked":"Leg Sweep","floor":10},{"not_picked":["Underhanded Strike","Slice"],"picked":"Noxious Fumes","floor":12},{"not_picked":["Slice","Masterful Stab","PiercingWail"],"picked":"Singing Bowl","floor":14},{"not_picked":["Envenom","Die Die Die"],"picked":"Burst","floor":16},{"not_picked":["Dagger Spray","Quick Slash"],"picked":"Skewer+1","floor":18},{"not_picked":["Dagger Spray","Blade Dance"],"picked":"Dodge and Roll","floor":19},{"not_picked":["Blade Dance","Setup"],"picked":"Acrobatics","floor":20},{"not_picked":["Masterful Stab","Prepared"],"picked":"Poisoned Stab+1","floor":21},{"not_picked":["Endless Agony","Acrobatics+1"],"picked":"Blur","floor":23},{"not_picked":["Masterful Stab","Caltrops","Flying Knee"],"picked":"Singing Bowl","floor":24}],"player_experience":423875,"relics_obtained":[{"floor":7,"key":"Singing Bowl"},{"floor":9,"key":"Shuriken"},{"floor":10,"key":"Dream Catcher"},{"floor":24,"key":"Bag of Marbles"},{"floor":26,"key":"Snake Skull"}],"event_choices":[{"damage_healed":0,"gold_gain":0,"player_choice":"1 cards matched","damage_taken":0,"max_hp_gain":0,"max_hp_loss":0,"event_name":"Match and Keep!","floor":3,"gold_loss":0,"cards_obtained":["Grand Finale"]},{"cards_removed":["Grand Finale"],"damage_healed":37,"gold_gain":0,"player_choice":"Offered Rare","damage_taken":0,"max_hp_gain":10,"max_hp_loss":0,"event_name":"Bonfire Elementals","floor":11,"gold_loss":0},{"damage_healed":0,"gold_gain":0,"player_choice":"Shed Blood","damage_taken":21,"max_hp_gain":5,"max_hp_loss":0,"event_name":"Forgotten Altar","floor":22,"gold_loss":0},{"cards_removed":["Strike_G"],"damage_healed":0,"gold_gain":0,"player_choice":"Purged","damage_taken":0,"max_hp_gain":0,"max_hp_loss":0,"event_name":"Purifier","floor":25,"gold_loss":0}],"is_beta":false,"boss_relics":[{"not_picked":["Eternal Feather","White Beast Statue"],"picked":"Runic Dome"}],"items_purged_floors":[13],"is_endless":false,"potions_floor_spawned":[1,4,7,10,21,24],"killed_by":"Gremlin Leader","ascension_level":8}