{"gold_per_floor":[114,129,144,144,144,144,159,159,159,174,99,114,144,159,159,259,259,274,274,274,289,116,146,146,161,161,191,206,221,251,266,266,366,366,381,396,136,0,30,60,110,140,215,245,245,260,260,30,30,30],"floor_reached":51,"playtime":3450,"items_purged":["Storm","Defend_G","Strike_G","Defend_G"],"score":1102,"play_id":"e309a8c6-1e85-404f-a611-868cf4df701d","local_time":"20190415160011","daily_mods":["Cursed Run","Diverse","DeadlyEvents"],"is_ascension_mode":false,"campfire_choices":[{"data":"Cleave","floor":6,"key":"SMITH"},{"data":"Steam Power","floor":8,"key":"SMITH"},{"data":"Flame Barrier","floor":15,"key":"SMITH"},{"data":"Reinforced Body","floor":24,"key":"SMITH"},{"floor":32,"key":"REST"},{"data":"Limit Break","floor":45,"key":"SMITH"},{"data":"Blade Dance","floor":47,"key":"SMITH"},{"data":"Battle Trance","floor":49,"key":"SMITH"}],"neow_cost":"","seed_source_timestamp":0,"circlet_count":0,"master_deck":["Defend_G","Defend_G","Defend_G","Strike_G","Survivor","Neutralize+1","Cleave+1","Steam Power+1","Doubt","Battle Trance+1","Flame Barrier+1","Shame","Hyperbeam","Shrug It Off+1","Disarm","Pain","Blade Dance+1","Accuracy","Reinforced Body+1","Sword Boomerang","Decay","Cloak And Dagger+1","Twin Strike+1","Pommel Strike+1","Disarm+1","Caltrops","Shame","Offering","Shame","Injury","Shame","White Noise","Blood for Blood+1","Blade Dance+1","Shrug It Off+1","Writhe","Limit Break+1","Beam Cell+1","Rupture+1","Inflame+1","Decay"],"special_seed":18001,"relics":["Cursed Key","Darkstone Periapt","Du-Vu Doll","Gremlin Horn","Bag of Marbles","Empty Cage","WarpedTongs","The Courier","Centennial Puzzle","PreservedInsect","Blue Candle","Calling Bell","Pen Nib","Ornamental Fan","Mango","Medical Kit","Red Mask","Pear","Torii","Prayer Wheel","Singing Bowl","Frozen Egg 2","Happy Flower"],"potions_floor_usage":[16,29,30,39,50],"damage_taken":[{"damage":0,"enemies":"Cultist","floor":1,"turns":5},{"damage":8,"enemies":"Jaw Worm","floor":2,"turns":5},{"damage":0,"enemies":"Small Slimes","floor":3,"turns":2},{"damage":2,"enemies":"Red Slaver","floor":7,"turns":4},{"damage":8,"enemies":"Large Slime","floor":10,"turns":9},{"damage":0,"enemies":"Lots of Slimes","floor":12,"turns":1},{"damage":1,"enemies":"3 Sentries","floor":13,"turns":4},{"damage":1,"enemies":"3 Louse","floor":14,"turns":3},{"damage":37,"enemies":"The Guardian","floor":16,"turns":19},{"damage":0,"enemies":"Chosen","floor":18,"turns":3},{"damage":0,"enemies":"2 Thieves","floor":21,"turns":1},{"damage":32,"enemies":"Book of Stabbing","floor":23,"turns":7},{"damage":6,"enemies":"Cultist and Chosen","floor":25,"turns":6},{"damage":8,"enemies":"Gremlin Leader","floor":27,"turns":3},{"damage":13,"enemies":"Centurion and Healer","floor":28,"turns":4},{"damage":1,"enemies":"Shelled Parasite and Fungi","floor":29,"turns":2},{"damage":9,"enemies":"Slavers","floor":30,"turns":3},{"damage":0,"enemies":"Chosen and Byrds","floor":31,"turns":4},{"damage":17,"enemies":"Automaton","floor":33,"turns":10},{"damage":1,"enemies":"3 Darklings","floor":35,"turns":1},{"damage":0,"enemies":"3 Shapes","floor":36,"turns":1},{"damage":1,"enemies":"Giant Head","floor":39,"turns":5},{"damage":0,"enemies":"Reptomancer","floor":40,"turns":1},{"damage":15,"enemies":"2 Orb Walkers","floor":41,"turns":3},{"damage":0,"enemies":"Nemesis","floor":42,"turns":1},{"damage":1,"enemies":"Reptomancer","floor":44,"turns":2},{"damage":7,"enemies":"Spire Growth","floor":46,"turns":1},{"damage":39,"enemies":"Awakened One","floor":50,"turns":5}],"seed_played":"5414150561768435775","potions_obtained":[{"floor":1,"key":"EssenceOfSteel"},{"floor":3,"key":"GamblersBrew"},{"floor":16,"key":"AttackPotion"},{"floor":21,"key":"SpeedPotion"},{"floor":23,"key":"Explosive Potion"},{"floor":29,"key":"GamblersBrew"},{"floor":33,"key":"SkillPotion"},{"floor":39,"key":"Ancient Potion"},{"floor":40,"key":"GamblersBrew"}],"is_trial":false,"path_per_floor":["M","M","M","?","?","R","M","R","T","M","$","M","E","M","R","B",null,"M","?","?","M","$","E","R","M","T","E","M","M","E","M","R","B",null,"M","M","$","?","E","E","?","E","T","E","R","M","R","$","R","B",null],"character_chosen":"THE_SILENT","items_purchased":["Accuracy","Medical Kit","Rupture+1","Inflame+1"],"campfire_rested":1,"item_purchase_floors":[22,37,48,48],"current_hp_per_floor":[70,62,62,62,55,55,53,53,59,51,51,51,50,49,49,18,82,82,82,88,88,88,56,56,50,56,48,35,34,25,25,53,42,132,131,131,131,131,140,140,125,127,133,132,132,127,127,127,127,94],"gold":30,"neow_bonus":"","is_prod":false,"is_daily":true,"chose_seed":false,"campfire_upgraded":7,"win_rate":0,"timestamp":1555336811,"path_taken":["M","M","?","?","?","R","?","R","T","M","$","M","E","M","R","BOSS","M","?","?","M","$","E","R","M","T","E","M","M","E","M","R","BOSS","M","M","?","?","?","E","?","?","T","E","R","M","R","$","R","BOSS"],"build_version":"2019-01-23","purchased_purges":4,"victory":true,"max_hp_per_floor":[70,70,70,70,70,70,70,70,76,76,76,76,76,76,76,82,82,82,82,88,88,88,88,88,88,94,94,94,94,94,94,94,100,132,132,132,132,132,142,142,142,144,150,150,150,152,152,152,152,158],"card_choices":[{"not_picked":["Reprogram","Dagger Throw","Prepared"],"picked":"SKIP","floor":1},{"not_picked":["Outmaneuver","Blood for Blood"],"picked":"Cleave","floor":2},{"not_picked":["Fusion","Infernal Blade"],"picked":"Storm","floor":3},{"not_picked":["Redo","Reprogram"],"picked":"Steam Power","floor":7},{"not_picked":["Combust","Clash"],"picked":"Battle Trance","floor":10},{"not_picked":["Sword Boomerang","Bloodletting"],"picked":"Flame Barrier","floor":12},{"not_picked":["Thunderclap","All Out Attack","Buffer"],"picked":"SKIP","floor":13},{"not_picked":["Compile Driver","Tempest","Flex"],"picked":"SKIP","floor":14},{"not_picked":["Brutality","Electrodynamics"],"picked":"Hyperbeam","floor":16},{"not_picked":["Dagger Throw","Ghostly Armor"],"picked":"Shrug It Off+1","floor":18},{"not_picked":["Tempest+1","Conserve Battery"],"picked":"Blade Dance","floor":21},{"not_picked":["Compile Driver","Fusion"],"picked":"Reinforced Body","floor":23},{"not_picked":["Melter","Power Through"],"picked":"Sword Boomerang","floor":25},{"not_picked":["Biased Cognition","Rage+1"],"picked":"Cloak And Dagger+1","floor":27},{"not_picked":["Underhanded Strike","Flex"],"picked":"Twin Strike+1","floor":28},{"not_picked":["Quick Slash","Chill"],"picked":"Pommel Strike+1","floor":29},{"not_picked":["Slice","Burst"],"picked":"Disarm+1","floor":30},{"not_picked":["Slice","Deflect"],"picked":"Caltrops","floor":31},{"not_picked":["Core Surge","Electrodynamics"],"picked":"Offering","floor":33},{"not_picked":["Havoc+1","Heel Hook"],"picked":"White Noise","floor":35},{"not_picked":["Streamline+1","Underhanded Strike"],"picked":"Blood for Blood+1","floor":36},{"not_picked":["Anger+1","Uppercut"],"picked":"Blade Dance+1","floor":39},{"not_picked":["Clothesline+1","Streamline+1","Combust"],"picked":"SKIP","floor":40},{"not_picked":["Cloak And Dagger","Setup+1"],"picked":"Shrug It Off+1","floor":41},{"not_picked":["Prepared","Bane","Uppercut"],"picked":"Singing Bowl","floor":42},{"not_picked":["Sever Soul","Finisher+1"],"picked":"Limit Break","floor":44},{"not_picked":["Cleave","Streamline"],"picked":"Beam Cell+1","floor":46},{"not_picked":["Warcry+1","Power Through","Lockon+1"],"picked":"Singing Bowl","floor":46}],"player_experience":437557,"relics_obtained":[{"floor":9,"key":"Gremlin Horn"},{"floor":13,"key":"Bag of Marbles"},{"floor":23,"key":"The Courier"},{"floor":26,"key":"Centennial Puzzle"},{"floor":27,"key":"PreservedInsect"},{"floor":30,"key":"Blue Candle"},{"floor":34,"key":"Pen Nib"},{"floor":34,"key":"Ornamental Fan"},{"floor":34,"key":"Mango"},{"floor":39,"key":"Pear"},{"floor":40,"key":"Torii"},{"floor":41,"key":"Prayer Wheel"},{"floor":42,"key":"Singing Bowl"},{"floor":43,"key":"Frozen Egg 2"},{"floor":44,"key":"Happy Flower"}],"event_choices":[{"damage_healed":0,"gold_gain":0,"player_choice":"Grow","damage_taken":0,"max_hp_gain":0,"max_hp_loss":0,"event_name":"Living Wall","floor":4,"gold_loss":0,"cards_upgraded":["Neutralize"]},{"cards_removed":["Strike_G"],"damage_healed":0,"gold_gain":0,"player_choice":"Card Removal","damage_taken":7,"max_hp_gain":0,"max_hp_loss":0,"event_name":"Golden Wing","floor":5,"gold_loss":0},{"damage_healed":0,"gold_gain":0,"player_choice":"Read","damage_taken":0,"max_hp_gain":0,"max_hp_loss":0,"event_name":"The Library","floor":19,"gold_loss":0,"cards_obtained":["Disarm"]},{"damage_healed":0,"gold_gain":0,"player_choice":"Rummage","damage_taken":0,"relics_obtained":["WarpedTongs"],"max_hp_gain":0,"max_hp_loss":0,"event_name":"Accursed Blacksmith","floor":20,"gold_loss":0,"cards_obtained":["Pain"]},{"damage_healed":0,"gold_gain":0,"player_choice":"Paid","damage_taken":0,"relics_obtained":["Red Mask"],"max_hp_gain":0,"max_hp_loss":0,"event_name":"Tomb of Lord Red Mask","floor":38,"gold_loss":136},{"damage_healed":0,"gold_gain":0,"player_choice":"Fight","damage_taken":0,"max_hp_gain":0,"max_hp_loss":0,"event_name":"Mysterious Sphere","floor":41,"gold_loss":0}],"is_beta":false,"boss_relics":[{"not_picked":["WristBlade","HoveringKite"],"picked":"Empty Cage"},{"not_picked":["Coffee Dripper","Pandora\u0027s Box"],"picked":"Calling Bell"}],"items_purged_floors":[11,22,37,48],"is_endless":false,"potions_floor_spawned":[1,3,16,21,23,27,29,33,39,40],"ascension_level":0}