{"gold_per_floor":[112,127,127,77,77,77,108,120,172,172,187,187,218,231,231,331,331,347,347,347,33,33,33,33,33,108,128,144,171,184,13,13,110,110,130,145,145,155,173,199,209,209,209,14,34,34,52,116,116,116,116,116,65,65],"floor_reached":54,"playtime":10036,"items_purged":["Defend_B"],"score":1070,"play_id":"dacdb5a7-2740-4188-bf30-95ccecb4d5ed","local_time":"20190202145624","is_ascension_mode":true,"campfire_choices":[{"floor":6.0,"key":"REST"},{"floor":10.0,"key":"REST"},{"floor":12.0,"key":"REST"},{"data":"Buffer","floor":15.0,"key":"SMITH"},{"data":"Hologram","floor":23.0,"key":"SMITH"},{"floor":25.0,"key":"REST"},{"floor":32.0,"key":"REST"},{"floor":42.0,"key":"REST"},{"floor":46.0,"key":"REST"},{"floor":49.0,"key":"RECALL"},{"data":"Blizzard","floor":52.0,"key":"SMITH"}],"neow_cost":"PERCENT_DAMAGE","seed_source_timestamp":0,"circlet_count":0,"master_deck":["AscendersBane","Zap+1","Dualcast+1","Coolheaded+1","Go for the Eyes+1","Buffer+1","Ball Lightning","Ball Lightning","Hologram+1","Echo Form","Conserve Battery","FTL","RitualDagger","Cold Snap","Cold Snap+1","Cold Snap+1","BootSequence","FTL+1","Machine Learning","Force Field+1","Hello World+1","Chaos+1","Defragment+1","Reinforced Body","Blizzard+1","Coolheaded+1","Secret Technique","Coolheaded","Cold Snap"],"special_seed":0,"relics":["Cracked Core","War Paint","Ancient Tea Set","Bag of Preparation","Velvet Choker","ClockworkSouvenir","Matryoshka","Shuriken","Astrolabe","SsserpentHead","Art of War","Whetstone"],"potions_floor_usage":[54],"damage_taken":[{"damage":0.0,"enemies":"Small Slimes","floor":1.0,"turns":3.0},{"damage":3.0,"enemies":"Jaw Worm","floor":2.0,"turns":5.0},{"damage":46.0,"enemies":"Gremlin Nob","floor":7.0,"turns":5.0},{"damage":4.0,"enemies":"2 Louse","floor":8.0,"turns":2.0},{"damage":3.0,"enemies":"Exordium Wildlife","floor":11.0,"turns":4.0},{"damage":18.0,"enemies":"3 Sentries","floor":13.0,"turns":7.0},{"damage":1.0,"enemies":"Red Slaver","floor":14.0,"turns":2.0},{"damage":3.0,"enemies":"The Guardian","floor":16.0,"turns":11.0},{"damage":29.0,"enemies":"2 Thieves","floor":18.0,"turns":4.0},{"damage":0.0,"enemies":"Shell Parasite","floor":27.0,"turns":5.0},{"damage":0.0,"enemies":"Cultist and Chosen","floor":28.0,"turns":6.0},{"damage":17.0,"enemies":"Book of Stabbing","floor":29.0,"turns":5.0},{"damage":4.0,"enemies":"Chosen and Byrds","floor":30.0,"turns":4.0},{"damage":1.0,"enemies":"Champ","floor":33.0,"turns":9.0},{"damage":0.0,"enemies":"3 Shapes","floor":35.0,"turns":5.0},{"damage":25.0,"enemies":"3 Darklings","floor":36.0,"turns":7.0},{"damage":5.0,"enemies":"4 Shapes","floor":38.0,"turns":6.0},{"damage":3.0,"enemies":"Sphere and 2 Shapes","floor":39.0,"turns":4.0},{"damage":16.0,"enemies":"Reptomancer","floor":40.0,"turns":9.0},{"damage":7.0,"enemies":"3 Darklings","floor":41.0,"turns":6.0},{"damage":0.0,"enemies":"Spire Growth","floor":45.0,"turns":6.0},{"damage":0.0,"enemies":"Transient","floor":47.0,"turns":5.0},{"damage":0.0,"enemies":"4 Shapes","floor":48.0,"turns":5.0},{"damage":39.0,"enemies":"Time Eater","floor":50.0,"turns":15.0},{"damage":67,"enemies":"Shield and Spear","floor":54,"turns":5}],"seed_played":"-5679719160358314051","potions_obtained":[{"floor":1.0,"key":"Regen Potion"},{"floor":2.0,"key":"SteroidPotion"},{"floor":8.0,"key":"EssenceOfSteel"},{"floor":27.0,"key":"Swift Potion"},{"floor":29.0,"key":"GamblersBrew"},{"floor":30.0,"key":"PowerPotion"},{"floor":36.0,"key":"LiquidBronze"},{"floor":45.0,"key":"SkillPotion"}],"is_trial":false,"path_per_floor":["M","M","?","?","?","R","E","M","T","R","M","R","E","M","R","B",null,"M","?","?","$","?","R","?","R","T","M","M","E","M","$","R","B",null,"M","M","?","M","M","E","M","R","T","$","M","R","M","M","R","B",null,"R","$","E"],"character_chosen":"DEFECT","items_purchased":["ClockworkSouvenir","FTL","Fruit Juice","FTL","Secret Technique","SkillPotion"],"campfire_rested":7,"item_purchase_floors":[21,21,31,31,44,53],"current_hp_per_floor":[50,61,54,54,39,61,15,11,11,33,30,52,34,33,33,30,64,35,35,35,35,35,35,29,51,51,51,51,34,30,30,52,56,74,74,49,49,44,41,25,18,42,42,42,42,66,66,66,66,27,67,67,67,0],"gold":65,"neow_bonus":"REMOVE_TWO","is_prod":false,"is_daily":false,"chose_seed":false,"campfire_upgraded":3,"win_rate":0,"timestamp":1549137384,"path_taken":["M","M","?","?","?","R","E","M","T","R","M","R","E","M","R","BOSS","M","?","?","$","?","R","?","R","T","M","?","E","M","?","R","BOSS","M","M","?","M","M","E","M","R","T","$","M","R","M","?","R","BOSS","R","$","E"],"build_version":"2019-01-23","purchased_purges":1,"victory":false,"max_hp_per_floor":[75,75,75,75,75,75,75,75,75,75,75,75,75,75,75,75,75,75,75,75,75,75,75,75,75,75,75,75,75,75,75,75,80,80,80,80,80,80,80,80,80,80,80,80,80,80,80,80,80,80,80,80,80,80],"card_choices":[{"not_picked":["Hello World","Rebound"],"picked":"Coolheaded","floor":1.0},{"not_picked":["Gash","Turbo"],"picked":"Go for the Eyes","floor":2.0},{"not_picked":["Turbo","Barrage"],"picked":"Rebound","floor":7.0},{"not_picked":["Go for the Eyes","Loop"],"picked":"Buffer","floor":8.0},{"not_picked":["Chaos","Redo"],"picked":"Ball Lightning","floor":11.0},{"not_picked":["Aggregate","Heatsinks"],"picked":"Ball Lightning","floor":13.0},{"not_picked":["Scrape","Gash"],"picked":"Hologram","floor":14.0},{"not_picked":["Reboot","Seek"],"picked":"Echo Form","floor":16.0},{"not_picked":["Ball Lightning","Leap"],"picked":"Conserve Battery","floor":18.0},{"not_picked":["Barrage+1","Tempest"],"picked":"Cold Snap","floor":27.0},{"not_picked":["Beam Cell+1","Fusion"],"picked":"Cold Snap+1","floor":28.0},{"not_picked":["Hyperbeam","Barrage"],"picked":"Cold Snap+1","floor":29.0},{"not_picked":["Beam Cell","Coolheaded"],"picked":"BootSequence","floor":30.0},{"not_picked":["Hyperbeam","Rainbow"],"picked":"Machine Learning","floor":33.0},{"not_picked":["Storm","Auto Shields","Go for the Eyes+1"],"picked":"SKIP","floor":35.0},{"not_picked":["Steam","Coolheaded","Sweeping Beam"],"picked":"SKIP","floor":36.0},{"not_picked":["Conserve Battery+1","Turbo"],"picked":"Defragment+1","floor":38.0},{"not_picked":["Ball Lightning+1","Compile Driver+1"],"picked":"Reinforced Body","floor":39.0},{"not_picked":["Compile Driver","Lockon+1"],"picked":"Blizzard","floor":40.0},{"not_picked":["Conserve Battery","Rip and Tear+1"],"picked":"Coolheaded+1","floor":41.0},{"not_picked":["Reprogram+1","Fusion"],"picked":"Coolheaded","floor":45.0},{"not_picked":["Go for the Eyes+1","Sweeping Beam+1"],"picked":"Cold Snap","floor":47.0},{"not_picked":["FTL+1","Static Discharge","Conserve Battery+1"],"picked":"SKIP","floor":48.0}],"player_experience":810239,"relics_obtained":[{"floor":7.0,"key":"War Paint"},{"floor":9.0,"key":"Ancient Tea Set"},{"floor":13.0,"key":"Bag of Preparation"},{"floor":26.0,"key":"Matryoshka"},{"floor":29.0,"key":"Shuriken"},{"floor":40.0,"key":"Art of War"},{"floor":43.0,"key":"Whetstone"}],"event_choices":[{"cards_removed":["Strike_B"],"damage_healed":0.0,"max_hp_gain":0.0,"max_hp_loss":0.0,"gold_gain":0.0,"event_name":"Golden Wing","player_choice":"Card Removal","floor":3.0,"gold_loss":0.0,"damage_taken":7.0},{"cards_removed":["Defend_B"],"damage_healed":0.0,"max_hp_gain":0.0,"max_hp_loss":0.0,"gold_gain":0.0,"event_name":"The Cleric","player_choice":"Card Removal","floor":4.0,"gold_loss":50.0,"damage_taken":0.0},{"damage_healed":0.0,"max_hp_gain":0.0,"max_hp_loss":0.0,"gold_gain":0.0,"event_name":"Shining Light","player_choice":"Entered Light","floor":5.0,"gold_loss":0.0,"damage_taken":15.0,"cards_upgraded":["Coolheaded","Dualcast"]},{"cards_removed":["Strike_B"],"damage_healed":0.0,"max_hp_gain":0.0,"max_hp_loss":0.0,"gold_gain":0.0,"event_name":"Back to Basics","player_choice":"Elegance","floor":19.0,"gold_loss":0.0,"damage_taken":0.0},{"damage_healed":0.0,"max_hp_gain":0.0,"max_hp_loss":0.0,"gold_gain":0.0,"event_name":"Cursed Tome","player_choice":"Ignored","floor":20.0,"gold_loss":0.0,"damage_taken":0.0},{"damage_healed":0.0,"max_hp_gain":0.0,"max_hp_loss":0.0,"gold_gain":0.0,"event_name":"Ghosts","player_choice":"Ignored","floor":22.0,"gold_loss":0.0,"damage_taken":0.0},{"damage_healed":0.0,"max_hp_gain":0.0,"max_hp_loss":0.0,"gold_gain":0.0,"event_name":"Nest","player_choice":"Joined the Cult","floor":24.0,"gold_loss":0.0,"damage_taken":6.0,"cards_obtained":["RitualDagger"]},{"damage_healed":0.0,"max_hp_gain":0.0,"max_hp_loss":0.0,"gold_gain":0.0,"event_name":"FaceTrader","player_choice":"Trade","floor":37.0,"gold_loss":0.0,"damage_taken":0.0,"relics_obtained":["SsserpentHead"]}],"is_beta":false,"boss_relics":[{"not_picked":["Lizard Tail","Tiny House"],"picked":"Velvet Choker"},{"not_picked":["Pandora\u0027s Box","Cursed Key"],"picked":"Astrolabe"}],"items_purged_floors":[21],"is_endless":false,"potions_floor_spawned":[1,2,8,27,29,30,36,45,48],"killed_by":"Shield and Spear","ascension_level":11}