{"gold_per_floor":[116,116,134,55,69,69,98,98,98,127,127,144,163,163,163,234,234,246,262,275,275,19,19,35,35],"floor_reached":25,"playtime":2373,"items_purged":[],"score":405,"play_id":"084694c3-7d0d-444b-8c23-3728604cdb99","local_time":"20190608101452","is_ascension_mode":true,"campfire_choices":[{"data":"Neutralize","floor":6.0,"key":"SMITH"},{"floor":8.0,"key":"REST"},{"floor":11.0,"key":"REST"},{"floor":15.0,"key":"REST"},{"floor":23.0,"key":"REST"}],"neow_cost":"NONE","seed_source_timestamp":0,"circlet_count":0,"master_deck":["AscendersBane","Defend_G","Defend_G","Defend_G","Defend_G","Defend_G","Strike_G","Strike_G","Strike_G","Survivor","Neutralize+1","Escape Plan","Slice","Dash","Bane","A Thousand Cuts","Sucker Punch","Dodge and Roll","A Thousand Cuts","Acrobatics","Poisoned Stab","Adrenaline","Poisoned Stab"],"special_seed":0,"relics":["Ring of the Snake","NeowsBlessing","Paper Crane","Omamori","Anchor","Busted Crown"],"potions_floor_usage":[25],"damage_taken":[{"damage":0.0,"enemies":"Jaw Worm","floor":1.0,"turns":1.0},{"damage":0.0,"enemies":"Cultist","floor":3.0,"turns":1.0},{"damage":0.0,"enemies":"2 Louse","floor":5.0,"turns":1.0},{"damage":50.0,"enemies":"Lagavulin","floor":7.0,"turns":9.0},{"damage":17.0,"enemies":"3 Sentries","floor":10.0,"turns":10.0},{"damage":2.0,"enemies":"Lots of Slimes","floor":12.0,"turns":5.0},{"damage":12.0,"enemies":"Large Slime","floor":13.0,"turns":7.0},{"damage":26.0,"enemies":"The Guardian","floor":16.0,"turns":20.0},{"damage":16.0,"enemies":"Chosen","floor":18.0,"turns":7.0},{"damage":19.0,"enemies":"Spheric Guardian","floor":19.0,"turns":7.0},{"damage":9.0,"enemies":"3 Cultists","floor":20.0,"turns":5.0},{"damage":0.0,"enemies":"Colosseum Slavers","floor":21.0,"turns":1.0},{"damage":7.0,"enemies":"Cultist and Chosen","floor":24.0,"turns":6.0},{"damage":24,"enemies":"Book of Stabbing","floor":25,"turns":4}],"seed_played":"6651507992800419100","potions_obtained":[{"floor":3.0,"key":"Energy Potion"},{"floor":5.0,"key":"FearPotion"},{"floor":7.0,"key":"FearPotion"},{"floor":13.0,"key":"SmokeBomb"},{"floor":18.0,"key":"Explosive Potion"},{"floor":20.0,"key":"Poison Potion"}],"is_trial":false,"path_per_floor":["M","?","M","$","M","R","E","R","T","E","R","M","M","?","R","B",null,"M","M","M","?","$","R","M","E"],"character_chosen":"THE_SILENT","items_purchased":["Dash","Adrenaline","Poisoned Stab","Swift Potion"],"campfire_rested":4,"item_purchase_floors":[4,22,22,22],"current_hp_per_floor":[59,59,59,59,59,59,9,28,28,11,30,28,16,16,35,9,52,36,17,8,8,8,27,20,0],"gold":35,"neow_bonus":"THREE_ENEMY_KILL","is_prod":false,"is_daily":false,"chose_seed":false,"campfire_upgraded":1,"win_rate":0,"timestamp":1559981692,"path_taken":["M","?","?","$","M","R","E","R","T","E","R","M","M","?","R","BOSS","M","?","M","?","$","R","M","E"],"build_version":"2019-01-23","purchased_purges":0,"victory":false,"max_hp_per_floor":[66,66,66,66,66,66,66,66,66,66,66,66,66,66,66,66,66,66,66,66,66,66,66,66,66],"card_choices":[{"not_picked":["Prepared","Flechettes"],"picked":"Escape Plan","floor":1.0},{"not_picked":["Dodge and Roll","Prepared"],"picked":"Slice","floor":3.0},{"not_picked":["Blade Dance","Prepared"],"picked":"Bane","floor":5.0},{"not_picked":["Choke","Flying Knee","Slice"],"picked":"SKIP","floor":7.0},{"not_picked":["Backflip","Outmaneuver"],"picked":"A Thousand Cuts","floor":10.0},{"not_picked":["Predator","Deflect"],"picked":"Sucker Punch","floor":12.0},{"not_picked":["Sucker Punch","Tactician"],"picked":"Dodge and Roll","floor":13.0},{"not_picked":["Grand Finale","Phantasmal Killer"],"picked":"A Thousand Cuts","floor":16.0},{"not_picked":[],"picked":"Acrobatics","floor":18.0},{"not_picked":[],"picked":"Poisoned Stab","floor":19.0},{"not_picked":["Expertise"],"picked":"SKIP","floor":20.0},{"not_picked":["Flying Knee"],"picked":"SKIP","floor":24}],"player_experience":821743,"relics_obtained":[{"floor":7.0,"key":"Paper Crane"},{"floor":9.0,"key":"Omamori"},{"floor":10.0,"key":"Anchor"}],"event_choices":[{"cards_removed":["Strike_G"],"damage_healed":0.0,"max_hp_gain":0.0,"max_hp_loss":0.0,"gold_gain":0.0,"event_name":"Purifier","player_choice":"Purged","floor":2.0,"gold_loss":0.0,"damage_taken":0.0},{"cards_removed":["Strike_G"],"damage_healed":0.0,"max_hp_gain":0.0,"max_hp_loss":0.0,"gold_gain":0.0,"event_name":"Purifier","player_choice":"Purged","floor":14.0,"gold_loss":0.0,"damage_taken":0.0},{"damage_healed":0.0,"max_hp_gain":0.0,"max_hp_loss":0.0,"gold_gain":0.0,"event_name":"Colosseum","player_choice":"Fight","floor":21.0,"gold_loss":0.0,"damage_taken":0.0},{"damage_healed":0.0,"max_hp_gain":0.0,"max_hp_loss":0.0,"gold_gain":0.0,"event_name":"Colosseum","player_choice":"Fled From Nobs","floor":21.0,"gold_loss":0.0,"damage_taken":0.0}],"is_beta":false,"boss_relics":[{"not_picked":["Pandora\u0027s Box","White Beast Statue"],"picked":"Busted Crown"}],"items_purged_floors":[],"is_endless":false,"potions_floor_spawned":[3,5,7,13,18,20],"killed_by":"Book of Stabbing","ascension_level":18}