{"gold_per_floor":[131,143,155,180,205,217,239,25,74,74,74,74,93,107,107,184,184,196,5,22,42,56,91,91,419,419,434,434,450,450,450,450,525,525,541,97,114,162,6,6,32,47,71,71,8,26,26],"floor_reached":47,"playtime":5930,"items_purged":["Strike_G","Strike_G","Strike_G"],"score":938,"play_id":"69a03697-243c-4d46-9abd-95593875eb3f","local_time":"20190310144901","is_ascension_mode":true,"campfire_choices":[{"floor":6.0,"key":"REST"},{"floor":12.0,"key":"REST"},{"data":"After Image","floor":15.0,"key":"SMITH"},{"floor":24.0,"key":"REST"},{"floor":28.0,"key":"REST"},{"floor":30.0,"key":"REST"},{"data":"Catalyst","floor":32.0,"key":"SMITH"},{"floor":40,"key":"REST"}],"neow_cost":"NONE","seed_source_timestamp":0,"circlet_count":0,"master_deck":["AscendersBane","Defend_G","Defend_G","Defend_G","Defend_G","Defend_G","Strike_G+1","Survivor","Neutralize","Noxious Fumes+1","Cloak And Dagger","Footwork","Escape Plan","Noxious Fumes","Escape Plan","Acrobatics+1","After Image+1","Adrenaline","Leg Sweep","Backstab+1","Footwork","Catalyst+1","Noxious Fumes","Malaise","Well Laid Plans","Cloak And Dagger","Backflip+1","Jack Of All Trades","Envenom","Panache"],"special_seed":0,"relics":["Ring of the Snake","MawBank","Pen Nib","Vajra","Philosopher\u0027s Stone","Membership Card","Whetstone","Old Coin","Nunchaku","MutagenicStrength","Runic Dome","Pear","Molten Egg 2","Dead Branch","Bronze Scales","War Paint"],"potions_floor_usage":[38],"damage_taken":[{"damage":4.0,"enemies":"Small Slimes","floor":1.0,"turns":4.0},{"damage":3.0,"enemies":"Jaw Worm","floor":4.0,"turns":5.0},{"damage":0.0,"enemies":"Cultist","floor":5.0,"turns":3.0},{"damage":26.0,"enemies":"Gremlin Gang","floor":7.0,"turns":6.0},{"damage":0.0,"enemies":"Blue Slaver","floor":13.0,"turns":5.0},{"damage":6.0,"enemies":"Large Slime","floor":14.0,"turns":8.0},{"damage":22.0,"enemies":"The Guardian","floor":16.0,"turns":11.0},{"damage":1.0,"enemies":"Chosen","floor":18.0,"turns":7.0},{"damage":12.0,"enemies":"3 Byrds","floor":20.0,"turns":6.0},{"damage":6.0,"enemies":"Centurion and Healer","floor":21.0,"turns":9.0},{"damage":0.0,"enemies":"Shelled Parasite and Fungi","floor":22.0,"turns":7.0},{"damage":37.0,"enemies":"Gremlin Leader","floor":23.0,"turns":9.0},{"damage":0.0,"enemies":"Book of Stabbing","floor":25.0,"turns":9.0},{"damage":5.0,"enemies":"Cultist and Chosen","floor":27.0,"turns":6.0},{"damage":9.0,"enemies":"3 Cultists","floor":29.0,"turns":5.0},{"damage":18.0,"enemies":"Champ","floor":33.0,"turns":11.0},{"damage":15.0,"enemies":"3 Darklings","floor":35.0,"turns":6.0},{"damage":4.0,"enemies":"3 Shapes","floor":37.0,"turns":4.0},{"damage":45,"enemies":"2 Orb Walkers","floor":38,"turns":6},{"damage":1,"enemies":"Nemesis","floor":41,"turns":7},{"damage":20,"enemies":"Transient","floor":42,"turns":5},{"damage":0,"enemies":"3 Darklings","floor":46,"turns":5},{"damage":11,"enemies":"Reptomancer","floor":47,"turns":2}],"seed_played":"-5659659908986631641","potions_obtained":[{"floor":13.0,"key":"Regen Potion"},{"floor":20.0,"key":"Strength Potion"},{"floor":21.0,"key":"Fruit Juice"},{"floor":22.0,"key":"Block Potion"},{"floor":25.0,"key":"SneckoOil"},{"floor":46,"key":"Block Potion"}],"is_trial":false,"path_per_floor":["M","?","?","M","M","R","M","$","T","?","?","R","M","M","R","B",null,"M","$","M","M","M","E","R","E","T","M","R","M","R","?","R","B",null,"M","$","M","?","$","R","E","M","T","?","$","M","E"],"character_chosen":"THE_SILENT","items_purchased":["Noxious Fumes","Escape Plan","Membership Card","Well Laid Plans","Cloak And Dagger","Pear","Backflip","Molten Egg 2","PowerPotion","Jack Of All Trades","Envenom","Bronze Scales"],"campfire_rested":6,"item_purchase_floors":[8,8,19,36,36,36,36,36,36,36,39,39],"current_hp_per_floor":[55,22,22,19,19,38,12,12,12,12,12,31,31,40,40,18,54,53,53,41,35,40,3,24,24,24,19,40,31,52,52,52,34,62,47,57,53,8,8,32,31,11,11,11,11,11,0],"gold":26,"neow_bonus":"RANDOM_COMMON_RELIC","is_prod":false,"is_daily":false,"chose_seed":false,"campfire_upgraded":2,"win_rate":0,"timestamp":1552243741,"path_taken":["M","?","?","M","M","R","M","$","T","?","?","R","?","M","R","BOSS","M","$","?","M","M","E","R","E","T","M","R","M","R","?","R","BOSS","M","$","M","?","$","R","E","M","T","?","?","M","E"],"build_version":"2019-01-23","purchased_purges":3,"victory":false,"max_hp_per_floor":[66,66,66,66,66,66,66,66,66,66,66,66,66,66,66,66,66,66,66,66,66,71,71,71,71,71,71,71,71,71,71,71,71,71,71,81,81,81,81,81,81,81,81,81,81,81,81],"card_choices":[{"not_picked":["Quick Slash","Dodge and Roll"],"picked":"Noxious Fumes","floor":1.0},{"not_picked":["Deflect","Caltrops"],"picked":"Cloak And Dagger","floor":4.0},{"not_picked":["Dagger Spray","Masterful Stab"],"picked":"Footwork","floor":5.0},{"not_picked":["Flechettes","Terror"],"picked":"Escape Plan","floor":7.0},{"not_picked":["Deflect","Outmaneuver"],"picked":"Acrobatics","floor":13.0},{"not_picked":["Predator","Quick Slash"],"picked":"After Image","floor":14.0},{"not_picked":["Malaise","Grand Finale"],"picked":"Adrenaline","floor":16.0},{"not_picked":["Flechettes","Quick Slash","Outmaneuver"],"picked":"SKIP","floor":18.0},{"not_picked":["Predator","Flechettes"],"picked":"Leg Sweep","floor":20.0},{"not_picked":["Acrobatics+1","Outmaneuver"],"picked":"Backstab","floor":21.0},{"not_picked":["Poisoned Stab","Acrobatics"],"picked":"Footwork","floor":22.0},{"not_picked":["Riddle With Holes","Tactician"],"picked":"Catalyst","floor":23.0},{"not_picked":["Underhanded Strike","Blur"],"picked":"Noxious Fumes","floor":25.0},{"not_picked":["Dodge and Roll","Accuracy+1","Expertise"],"picked":"SKIP","floor":27.0},{"not_picked":["Dagger Throw","Outmaneuver","Doppelganger"],"picked":"SKIP","floor":29.0},{"not_picked":["After Image","Grand Finale"],"picked":"Malaise","floor":33.0},{"not_picked":["Poisoned Stab","Riddle With Holes+1","Blade Dance"],"picked":"SKIP","floor":35.0},{"not_picked":["Predator+1","Deadly Poison","Poisoned Stab+1"],"picked":"SKIP","floor":37.0},{"not_picked":["PiercingWail","Terror","Deadly Poison+1"],"picked":"SKIP","floor":41},{"not_picked":["Riddle With Holes+1","Acrobatics","Slice+1"],"picked":"SKIP","floor":42},{"not_picked":["PanicButton","The Bomb"],"picked":"Panache","floor":44},{"not_picked":["Quick Slash+1","Setup","Slice+1"],"picked":"SKIP","floor":46}],"player_experience":966656,"relics_obtained":[{"floor":9.0,"key":"Vajra"},{"floor":23.0,"key":"Whetstone"},{"floor":25.0,"key":"Old Coin"},{"floor":26.0,"key":"Nunchaku"},{"floor":38,"key":"Dead Branch"},{"floor":41,"key":"War Paint"}],"event_choices":[{"damage_healed":0.0,"max_hp_gain":0.0,"max_hp_loss":0.0,"gold_gain":0.0,"event_name":"Scrap Ooze","player_choice":"Success","floor":2.0,"gold_loss":0.0,"damage_taken":33.0,"relics_obtained":["Pen Nib"]},{"damage_healed":0.0,"max_hp_gain":0.0,"max_hp_loss":0.0,"gold_gain":0.0,"event_name":"Living Wall","player_choice":"Grow","floor":3.0,"gold_loss":0.0,"damage_taken":0.0,"cards_upgraded":["Noxious Fumes"]},{"damage_healed":0.0,"max_hp_gain":0.0,"max_hp_loss":0.0,"gold_gain":0.0,"event_name":"Shining Light","player_choice":"Ignored","floor":10.0,"gold_loss":0.0,"damage_taken":0.0},{"cards_removed":["Strike_G"],"damage_healed":0.0,"max_hp_gain":0.0,"max_hp_loss":0.0,"gold_gain":0.0,"event_name":"Bonfire Elementals","player_choice":"Offered Basic","floor":11.0,"gold_loss":0.0,"damage_taken":0.0},{"damage_healed":0.0,"max_hp_gain":0.0,"max_hp_loss":0.0,"gold_gain":0.0,"event_name":"Drug Dealer","player_choice":"Inject Mutagens","floor":31.0,"gold_loss":0.0,"damage_taken":0.0,"relics_obtained":["MutagenicStrength"]},{"damage_healed":0,"gold_gain":0,"player_choice":"Fight","damage_taken":0,"max_hp_gain":0,"max_hp_loss":0,"event_name":"Mysterious Sphere","floor":38,"gold_loss":0},{"damage_healed":0,"gold_gain":0,"player_choice":"Memory 1","damage_taken":0,"max_hp_gain":0,"max_hp_loss":0,"event_name":"SensoryStone","floor":44,"gold_loss":0}],"is_beta":false,"boss_relics":[{"not_picked":["Runic Pyramid","Pandora\u0027s Box"],"picked":"Philosopher\u0027s Stone"},{"not_picked":["HoveringKite","Velvet Choker"],"picked":"Runic Dome"}],"items_purged_floors":[8,36,45],"is_endless":false,"potions_floor_spawned":[13,20,21,22,25,37,46],"killed_by":"Reptomancer","ascension_level":14}