{"gold_per_floor":[117,135,115,135,60,94,111,142,142,162,162,132,150,180,180,282,282,298,315,326,326,326,358,358,375,423,436,452,482,499,510,510,610,610,630,641,641,657,214,239,257,282,305,319,319,0,0,16,16,16],"floor_reached":51,"playtime":26216,"items_purged":["Pain","Decay"],"score":750,"play_id":"94647732-3821-4f8d-aa56-e76d51faa1ef","local_time":"20180719213233","is_ascension_mode":false,"campfire_choices":[{"floor":11,"key":"REST"},{"floor":15,"key":"REST"},{"floor":24,"key":"REST"},{"floor":32,"key":"REST"},{"floor":49,"key":"DIG"}],"neow_cost":"NONE","seed_source_timestamp":0,"circlet_count":0,"master_deck":["Defend_G","Defend_G","Defend_G","Defend_G","Defend_G","Strike_G","Strike_G","Strike_G","Strike_G","Strike_G","Survivor","Neutralize","Heel Hook","Malaise","Sucker Punch","Crippling Poison","Noxious Fumes","Infinite Blades","Footwork","Phantasmal Killer","Bane","Predator","Dagger Throw","Corpse Explosion","Acrobatics+1","Dagger Throw","Backstab+1","Poisoned Stab+1","Terror","Poisoned Stab+1","Flying Knee+1","Corpse Explosion","Clumsy","Malaise+1","Bouncing Flask+1","After Image","Deadly Poison","Expertise+1","Footwork","Infinite Blades"],"special_seed":0,"relics":["Ring of the Snake","Blood Vial","Ornamental Fan","Pear","Mummified Hand","Bottled Flame","Busted Crown","Enchiridion","Molten Egg 2","Orichalcum","Shovel","Calling Bell","Centennial Puzzle","Mercury Hourglass","Torii","Anchor","Lee\u0027s Waffle","Vajra","Shuriken","Bronze Scales","Snake Skull","Juzu Bracelet"],"potions_floor_usage":[6,6,16,16,31,35,40,42,44,50,50],"damage_taken":[{"damage":0.0,"enemies":"2 Louse","floor":1.0,"turns":3.0},{"damage":0.0,"enemies":"Cultist","floor":2.0,"turns":4.0},{"damage":0.0,"enemies":"Small Slimes","floor":4.0,"turns":3.0},{"damage":24,"enemies":"Lagavulin","floor":6,"turns":12},{"damage":6,"enemies":"Blue Slaver","floor":7,"turns":5},{"damage":18,"enemies":"3 Sentries","floor":8,"turns":8},{"damage":3,"enemies":"3 Louse","floor":10,"turns":4},{"damage":7,"enemies":"Looter","floor":12,"turns":4},{"damage":6,"enemies":"Blue Slaver","floor":13,"turns":5},{"damage":20,"enemies":"Lagavulin","floor":14,"turns":8},{"damage":25,"enemies":"The Guardian","floor":16,"turns":12},{"damage":12,"enemies":"3 Byrds","floor":18,"turns":5},{"damage":2,"enemies":"Shell Parasite","floor":19,"turns":6},{"damage":15,"enemies":"Snake Plant","floor":20,"turns":5},{"damage":30,"enemies":"Gremlin Leader","floor":23,"turns":7},{"damage":0,"enemies":"3 Cultists","floor":25,"turns":1},{"damage":3,"enemies":"Snecko","floor":27,"turns":4},{"damage":11,"enemies":"Snake Plant","floor":28,"turns":3},{"damage":12,"enemies":"Slavers","floor":29,"turns":3},{"damage":0,"enemies":"3 Cultists","floor":30,"turns":2},{"damage":2,"enemies":"Centurion and Healer","floor":31,"turns":5},{"damage":57,"enemies":"Champ","floor":33,"turns":12},{"damage":0,"enemies":"Orb Walker","floor":35,"turns":2},{"damage":10,"enemies":"3 Shapes","floor":36,"turns":3},{"damage":28,"enemies":"Transient","floor":38,"turns":5},{"damage":1,"enemies":"2 Orb Walkers","floor":40,"turns":2},{"damage":0,"enemies":"4 Shapes","floor":41,"turns":2},{"damage":48,"enemies":"Nemesis","floor":42,"turns":7},{"damage":2,"enemies":"Sphere and 2 Shapes","floor":44,"turns":4},{"damage":4,"enemies":"Spire Growth","floor":48,"turns":3},{"damage":71,"enemies":"Awakened One","floor":50,"turns":11}],"seed_played":"8406109587302264232","potions_obtained":[{"floor":1.0,"key":"Weak Potion"},{"floor":2.0,"key":"Dexterity Potion"},{"floor":3.0,"key":"SkillPotion"},{"floor":7,"key":"SpeedPotion"},{"floor":14,"key":"EssenceOfSteel"},{"floor":25,"key":"Fire Potion"},{"floor":28,"key":"Ancient Potion"},{"floor":31,"key":"Fire Potion"},{"floor":36,"key":"Dexterity Potion"},{"floor":41,"key":"Ancient Potion"},{"floor":42,"key":"Poison Potion"}],"is_trial":false,"path_per_floor":["M","M","?","M","$","E","M","E","T","M","R","M","M","E","R","B",null,"M","M","M","?","?","E","R","M","T","M","M","E","M","M","R","B",null,"M","M","?","M","$","E","M","E","T","M","?","$","?","M","R","B"],"character_chosen":"THE_SILENT","items_purchased":["Crippling Poison","After Image","Deadly Poison","Lee\u0027s Waffle","Snake Skull","Infinite Blades"],"campfire_rested":4,"item_purchase_floors":[5,39,39,39,46,46],"current_hp_per_floor":[70,70,70,70,70,46,42,36,36,35,59,54,50,32,56,33,80,68,68,55,39,65,37,61,63,63,62,53,43,45,45,69,14,80,80,70,70,44,87,86,87,39,39,39,39,39,76,72,72,3],"gold":16,"neow_bonus":"RANDOM_COMMON_RELIC","is_prod":false,"is_daily":false,"chose_seed":false,"campfire_upgraded":0,"win_rate":0.0,"timestamp":1532050353,"path_taken":["M","M","?","M","$","E","M","E","T","M","R","M","M","E","R","BOSS","M","M","?","?","?","E","R","M","T","M","M","E","?","M","R","BOSS","M","M","?","M","$","E","M","E","T","M","?","$","?","M","R","BOSS"],"build_version":"2018-07-12","purchased_purges":2,"victory":true,"max_hp_per_floor":[70,70,70,70,70,70,70,80,80,80,80,80,80,80,80,80,80,80,80,80,80,80,80,80,80,80,80,80,80,80,80,80,80,80,80,80,80,80,87,87,87,87,87,87,87,87,76,76,76,76],"card_choices":[{"not_picked":["Underhanded Strike","Dodge and Roll"],"picked":"Heel Hook","floor":1.0},{"not_picked":["Dagger Throw","Sucker Punch"],"picked":"Malaise","floor":2.0},{"not_picked":["Endless Agony","Finisher"],"picked":"Sucker Punch","floor":4.0},{"not_picked":["Escape Plan","Slice"],"picked":"Noxious Fumes","floor":6},{"not_picked":["Well Laid Plans","Sucker Punch"],"picked":"Infinite Blades","floor":7},{"not_picked":["Masterful Stab","Eviscerate"],"picked":"Footwork","floor":8},{"not_picked":["Outmaneuver","Dagger Spray"],"picked":"Phantasmal Killer","floor":10},{"not_picked":["Infinite Blades","Dagger Throw"],"picked":"Bane","floor":12},{"not_picked":["Outmaneuver","Flying Knee"],"picked":"Predator","floor":13},{"not_picked":["Deflect","Reflex"],"picked":"Dagger Throw","floor":14},{"not_picked":["Venomology","Bullet Time"],"picked":"Corpse Explosion","floor":16},{"not_picked":[],"picked":"Acrobatics+1","floor":18},{"not_picked":["Prepared"],"picked":"SKIP","floor":19},{"not_picked":[],"picked":"Dagger Throw","floor":20},{"not_picked":[],"picked":"Backstab","floor":23},{"not_picked":[],"picked":"Poisoned Stab+1","floor":25},{"not_picked":["Expertise"],"picked":"SKIP","floor":27},{"not_picked":[],"picked":"Terror","floor":28},{"not_picked":["Reflex"],"picked":"SKIP","floor":29},{"not_picked":[],"picked":"Poisoned Stab+1","floor":30},{"not_picked":[],"picked":"Flying Knee+1","floor":31},{"not_picked":[],"picked":"Corpse Explosion","floor":33},{"not_picked":[],"picked":"Malaise+1","floor":35},{"not_picked":[],"picked":"Bouncing Flask+1","floor":36},{"not_picked":["Underhanded Strike+1"],"picked":"SKIP","floor":38},{"not_picked":[],"picked":"Expertise+1","floor":40},{"not_picked":[],"picked":"Footwork","floor":41},{"not_picked":["Deflect"],"picked":"SKIP","floor":42},{"not_picked":["Acrobatics+1"],"picked":"SKIP","floor":44},{"not_picked":["Dagger Throw+1"],"picked":"SKIP","floor":48}],"player_experience":149510,"relics_obtained":[{"floor":6,"key":"Ornamental Fan"},{"floor":8,"key":"Pear"},{"floor":9,"key":"Mummified Hand"},{"floor":14,"key":"Bottled Flame"},{"floor":21,"key":"Enchiridion"},{"floor":23,"key":"Molten Egg 2"},{"floor":26,"key":"Orichalcum"},{"floor":29,"key":"Shovel"},{"floor":34,"key":"Centennial Puzzle"},{"floor":34,"key":"Mercury Hourglass"},{"floor":34,"key":"Torii"},{"floor":40,"key":"Vajra"},{"floor":42,"key":"Shuriken"},{"floor":43,"key":"Bronze Scales"},{"floor":49,"key":"Juzu Bracelet"}],"event_choices":[{"event_name":"The Woman in Blue","player_choice":"Bought 1 Potion","floor":3.0,"damage_taken":0.0},{"event_name":"Cursed Tome","player_choice":"Obtained Book","floor":21,"damage_taken":0},{"event_name":"The Library","player_choice":"Heal","floor":22,"damage_taken":0},{"event_name":"Wheel of Change","player_choice":"Relic","floor":37,"damage_taken":0},{"event_name":"Tomb of Lord Red Mask","player_choice":"Ignored","floor":45,"damage_taken":0},{"event_name":"The Moai Head","player_choice":"Heal","floor":47,"damage_taken":0}],"boss_relics":[{"not_picked":["Runic Dome","Ectoplasm"],"picked":"Busted Crown"},{"not_picked":["Snecko Eye","Empty Cage"],"picked":"Calling Bell"}],"items_purged_floors":[39,46],"is_endless":false,"potions_floor_spawned":[1,2,7,14,25,28,30,31,36,41,42],"ascension_level":0}