{"gold_per_floor":[113,36,311,331,281,292,318,318,368,381,381,399,417,57,57,57],"floor_reached":16,"playtime":976,"items_purged":[],"score":106,"play_id":"d0c9096c-fc4b-4503-9af1-8c975a1ec530","local_time":"20180829204614","is_ascension_mode":true,"campfire_choices":[{"floor":8,"key":"REST"},{"floor":15,"key":"REST"}],"neow_cost":"","seed_source_timestamp":1264636981191399,"circlet_count":0,"master_deck":["Defend_G","Defend_G","Defend_G","Defend_G","Defend_G","Strike_G+1","Strike_G","Strike_G","Strike_G","Strike_G","Survivor","Neutralize","Backflip","Noxious Fumes","Infinite Blades","Poisoned Stab","Backflip+1","PiercingWail","PiercingWail","Catalyst","Outmaneuver"],"relics":["Ring of the Snake","Odd Mushroom","Bag of Marbles","Kunai"],"potions_floor_usage":[7,12,12,12,12,12,16],"damage_taken":[{"damage":6,"enemies":"Small Slimes","floor":1,"turns":4},{"damage":5,"enemies":"Cultist","floor":4,"turns":4},{"damage":6,"enemies":"2 Louse","floor":6,"turns":3},{"damage":29,"enemies":"The Mushroom Lair","floor":7,"turns":5},{"damage":28,"enemies":"Lots of Slimes","floor":10,"turns":5},{"damage":8,"enemies":"Large Slime","floor":12,"turns":5},{"damage":3,"enemies":"Blue Slaver","floor":13,"turns":5},{"damage":28,"enemies":"Slime Boss","floor":16,"turns":11}],"seed_played":"-6961199897373231140","potions_obtained":[{"floor":4,"key":"Regen Potion"},{"floor":6,"key":"FearPotion"},{"floor":10,"key":"EntropicBrew"}],"is_trial":false,"path_per_floor":["M","$","?","M","?","M","?","R","T","M","?","M","M","$","R"],"character_chosen":"THE_SILENT","items_purchased":["Noxious Fumes","Kunai","Outmaneuver","Dexterity Potion"],"campfire_rested":2,"item_purchase_floors":[2,14,14,14],"current_hp_per_floor":[64,64,64,59,59,53,36,57,57,29,15,7,4,4,25,0],"gold":57,"neow_bonus":"","is_prod":false,"is_daily":false,"chose_seed":false,"campfire_upgraded":0,"win_rate":0,"timestamp":1535589974,"path_taken":["M","$","?","?","?","M","?","R","T","M","?","M","M","$","R","BOSS"],"build_version":"2018-08-23v2","purchased_purges":0,"victory":false,"max_hp_per_floor":[70,70,70,70,70,70,70,70,70,70,70,70,70,70,70,70],"card_choices":[{"not_picked":["Outmaneuver","Finisher"],"picked":"Backflip","floor":1},{"not_picked":["Dash","Calculated Gamble"],"picked":"Infinite Blades","floor":4},{"not_picked":["Quick Slash","Expertise"],"picked":"Poisoned Stab","floor":6},{"not_picked":["Reflex","Deflect"],"picked":"Backflip","floor":7},{"not_picked":["Dodge and Roll","Endless Agony"],"picked":"PiercingWail","floor":10},{"not_picked":["Choke","Deadly Poison"],"picked":"PiercingWail","floor":12},{"not_picked":["Blade Dance","Slice"],"picked":"Catalyst","floor":13}],"player_experience":110093,"relics_obtained":[{"floor":7,"key":"Odd Mushroom"},{"floor":9,"key":"Bag of Marbles"}],"event_choices":[{"event_name":"Golden Shrine","player_choice":"Desecrate","floor":3,"damage_taken":0},{"event_name":"The Cleric","player_choice":"Card Removal","floor":5,"damage_taken":0},{"event_name":"Mushrooms","player_choice":"Fought Mushrooms","floor":7,"damage_taken":0},{"event_name":"Shining Light","player_choice":"Entered Light","floor":11,"damage_taken":0}],"is_beta":false,"boss_relics":[],"items_purged_floors":[],"is_endless":false,"potions_floor_spawned":[4,6,10],"killed_by":"Slime Boss","ascension_level":3}