{"gold_per_floor":[116,132,132,145,159,159,178,209,209,236,248,295,307,338,350,465,477,504,441,472,484,514,526,548,560,595,607],"floor_reached":27,"playtime":1662,"items_purged":[],"score":306,"play_id":"375bb90f-1da9-4c1a-bb79-cdfec7d9f050","local_time":"20190218104139","is_ascension_mode":true,"campfire_choices":[{"data":"Neutralize","floor":6,"key":"SMITH"},{"floor":11,"key":"REST"},{"floor":13,"key":"REST"},{"data":"Noxious Fumes","floor":15,"key":"SMITH"},{"floor":23,"key":"REST"},{"floor":25,"key":"REST"}],"neow_cost":"NONE","seed_source_timestamp":296875257578266,"circlet_count":0,"master_deck":["Defend_G","Defend_G","Defend_G","Defend_G","Strike_G","Strike_G+1","Strike_G","Survivor","Neutralize+1","Slice","Endless Agony","Crippling Poison","Noxious Fumes+1","Calculated Gamble","Sucker Punch+1","Terror","Corpse Explosion","Poisoned Stab","Catalyst","Concentrate","Well Laid Plans+1"],"relics":["Ring of the Snake","Bronze Scales","Ornamental Fan","MawBank","Whetstone","Empty Cage","Happy Flower"],"potions_floor_usage":[5,8,16,18],"damage_taken":[{"damage":0,"enemies":"Small Slimes","floor":1,"turns":4},{"damage":0,"enemies":"Cultist","floor":2,"turns":4},{"damage":0,"enemies":"2 Louse","floor":4,"turns":2},{"damage":27,"enemies":"Gremlin Gang","floor":5,"turns":4},{"damage":0,"enemies":"Looter","floor":7,"turns":3},{"damage":7,"enemies":"Gremlin Nob","floor":8,"turns":5},{"damage":14,"enemies":"Large Slime","floor":10,"turns":7},{"damage":10,"enemies":"Lagavulin","floor":12,"turns":8},{"damage":7,"enemies":"Exordium Wildlife","floor":14,"turns":5},{"damage":20,"enemies":"Slime Boss","floor":16,"turns":10},{"damage":21,"enemies":"Chosen","floor":18,"turns":6},{"damage":2,"enemies":"Shell Parasite","floor":20,"turns":4},{"damage":17,"enemies":"Chosen and Byrds","floor":22,"turns":5},{"damage":26,"enemies":"Centurion and Healer","floor":24,"turns":5},{"damage":9,"enemies":"Shelled Parasite and Fungi","floor":27,"turns":2}],"seed_played":"-3396496865789974936","potions_obtained":[{"floor":1,"key":"Ancient Potion"},{"floor":2,"key":"SkillPotion"},{"floor":5,"key":"GhostInAJar"},{"floor":8,"key":"AttackPotion"},{"floor":16,"key":"SneckoOil"},{"floor":18,"key":"SmokeBomb"}],"is_trial":false,"path_per_floor":["M","M","?","M","M","R","M","E","T","M","R","E","R","M","R","B",null,"M","?","M","?","M","R","M","R","T","M"],"character_chosen":"THE_SILENT","items_purchased":[],"campfire_rested":4,"item_purchase_floors":[],"current_hp_per_floor":[63,63,63,63,36,36,36,29,29,15,36,26,47,40,40,20,58,37,37,35,35,18,39,13,34,34,25],"gold":607,"neow_bonus":"RANDOM_COMMON_RELIC","is_prod":false,"is_daily":false,"chose_seed":false,"campfire_upgraded":2,"win_rate":0,"timestamp":1550504499,"path_taken":["M","M","?","M","M","R","M","E","T","M","R","E","R","?","R","BOSS","M","?","M","?","M","R","?","R","T","M"],"build_version":"2019-01-23","purchased_purges":0,"victory":false,"max_hp_per_floor":[70,70,70,70,70,70,70,70,70,70,70,70,70,70,70,70,70,70,70,70,70,70,70,70,70,70,70],"card_choices":[{"not_picked":["Accuracy","Flying Knee"],"picked":"Slice","floor":1},{"not_picked":["Blade Dance","Bane"],"picked":"Endless Agony","floor":2},{"not_picked":["Poisoned Stab","Backstab"],"picked":"Crippling Poison","floor":4},{"not_picked":["Blade Dance","Poisoned Stab"],"picked":"Noxious Fumes","floor":5},{"not_picked":["Blade Dance","Dagger Spray","Accuracy"],"picked":"SKIP","floor":7},{"not_picked":["Dodge and Roll","Poisoned Stab"],"picked":"Calculated Gamble","floor":8},{"not_picked":["Prepared","Flying Knee"],"picked":"Sucker Punch","floor":10},{"not_picked":["Quick Slash","Backflip"],"picked":"Terror","floor":12},{"not_picked":["Sucker Punch","Choke","Tools of the Trade"],"picked":"SKIP","floor":14},{"not_picked":["Bullet Time","Doppelganger"],"picked":"Corpse Explosion","floor":16},{"not_picked":["Flying Knee+1","Dodge and Roll"],"picked":"Poisoned Stab","floor":18},{"not_picked":["Slice","Quick Slash+1"],"picked":"Catalyst","floor":20},{"not_picked":["Slice","PiercingWail"],"picked":"Concentrate","floor":22},{"not_picked":["Sucker Punch+1","All Out Attack"],"picked":"Well Laid Plans+1","floor":24}],"player_experience":313720,"relics_obtained":[{"floor":8,"key":"Ornamental Fan"},{"floor":9,"key":"MawBank"},{"floor":12,"key":"Whetstone"},{"floor":26,"key":"Happy Flower"}],"event_choices":[{"damage_healed":0,"gold_gain":0,"player_choice":"Bought 0 Potions","damage_taken":0,"max_hp_gain":0,"max_hp_loss":0,"event_name":"The Woman in Blue","floor":3,"gold_loss":0},{"cards_removed":["Defend_G"],"damage_healed":0,"gold_gain":0,"player_choice":"Gave Gold","damage_taken":0,"max_hp_gain":0,"max_hp_loss":0,"event_name":"Beggar","floor":19,"gold_loss":75},{"damage_healed":0,"gold_gain":0,"player_choice":"Ignored","damage_taken":0,"max_hp_gain":0,"max_hp_loss":0,"event_name":"Transmorgrifier","floor":21,"gold_loss":0}],"is_beta":false,"boss_relics":[{"not_picked":["Runic Pyramid","Pandora\u0027s Box"],"picked":"Empty Cage"}],"items_purged_floors":[],"is_endless":false,"potions_floor_spawned":[1,2,5,8,16,18],"killed_by":"Shelled Parasite and Fungi","ascension_level":7}