{"gold_per_floor":[114,114,132,151,167,167,196,210,237,255,289,300,300,332,332,434,434,452,469,489,504,514,514,549,549,549,474,22,22,22,36,36,135,135,153,253,265,190,190,190,90,90,139,139,139,150,164,164,164,164],"floor_reached":51,"playtime":2789,"items_purged":["Defend_R","Defend_R"],"score":1006,"play_id":"153d087e-9e2d-4581-8c0e-7dccd2cb5cfd","local_time":"20190413233940","is_ascension_mode":true,"campfire_choices":[{"data":"Flame Barrier","floor":6,"key":"SMITH"},{"floor":13,"key":"REST"},{"data":"Armaments","floor":15,"key":"SMITH"},{"data":"Heavy Blade","floor":23,"key":"SMITH"},{"floor":25,"key":"REST"},{"data":"Limit Break","floor":29,"key":"SMITH"},{"data":"Metallicize","floor":32,"key":"SMITH"},{"floor":40,"key":"REST"},{"data":"Offering","floor":42,"key":"SMITH"},{"data":"Flex","floor":44,"key":"SMITH"},{"floor":49,"key":"REST"}],"neow_cost":"NONE","seed_source_timestamp":2979324605400,"circlet_count":0,"master_deck":["AscendersBane","Strike_R","Strike_R","Strike_R","Strike_R","Strike_R","Defend_R","Bash","Flame Barrier+1","Pommel Strike","Twin Strike","Limit Break+1","Spot Weakness","Metallicize+1","Flex+1","Whirlwind","Armaments+1","Feed","Disarm","Heavy Blade+1","Headbutt+1","Warcry","Headbutt+1","Reaper","Flame Barrier","Offering+1","True Grit+1","Madness","Madness","Limit Break+1","Parasite","Headbutt+1"],"relics":["Burning Blood","Blood Vial","Odd Mushroom","Orichalcum","Red Skull","Art of War","Orrery","WingedGreaves","Mummified Hand","Torii","FossilizedHelix","Runic Cube","Du-Vu Doll","Centennial Puzzle"],"potions_floor_usage":[7,7,16,24,33,33,33,33,50],"damage_taken":[{"damage":7,"enemies":"Small Slimes","floor":1,"turns":4},{"damage":7,"enemies":"Jaw Worm","floor":3,"turns":4},{"damage":0,"enemies":"Cultist","floor":4,"turns":4},{"damage":9,"enemies":"Blue Slaver","floor":5,"turns":5},{"damage":31,"enemies":"The Mushroom Lair","floor":7,"turns":5},{"damage":0,"enemies":"3 Louse","floor":8,"turns":3},{"damage":23,"enemies":"Large Slime","floor":10,"turns":8},{"damage":22,"enemies":"Gremlin Nob","floor":11,"turns":5},{"damage":12,"enemies":"Lots of Slimes","floor":12,"turns":4},{"damage":22,"enemies":"3 Sentries","floor":14,"turns":5},{"damage":37,"enemies":"The Guardian","floor":16,"turns":11},{"damage":18,"enemies":"Shell Parasite","floor":18,"turns":7},{"damage":17,"enemies":"Chosen","floor":19,"turns":8},{"damage":22,"enemies":"Centurion and Healer","floor":20,"turns":6},{"damage":14,"enemies":"Cultist and Chosen","floor":21,"turns":5},{"damage":8,"enemies":"Snecko","floor":22,"turns":5},{"damage":24,"enemies":"Book of Stabbing","floor":24,"turns":4},{"damage":10,"enemies":"Centurion and Healer","floor":31,"turns":8},{"damage":62,"enemies":"Collector","floor":33,"turns":9},{"damage":16,"enemies":"3 Shapes","floor":35,"turns":13},{"damage":36,"enemies":"Mind Bloom Boss Battle","floor":36,"turns":6},{"damage":26,"enemies":"3 Darklings","floor":37,"turns":4},{"damage":17,"enemies":"Writhing Mass","floor":46,"turns":5},{"damage":34,"enemies":"Transient","floor":47,"turns":5},{"damage":101,"enemies":"Donu and Deca","floor":50,"turns":7}],"seed_played":"-6832827460305450880","potions_obtained":[{"floor":3,"key":"Energy Potion"},{"floor":4,"key":"Weak Potion"},{"floor":7,"key":"LiquidBronze"},{"floor":11,"key":"Energy Potion"},{"floor":22,"key":"SteroidPotion"},{"floor":24,"key":"LiquidBronze"},{"floor":31,"key":"EntropicBrew"},{"floor":33,"key":"FairyPotion"},{"floor":37,"key":"Ancient Potion"}],"is_trial":false,"path_per_floor":["M","?","M","M","M","R","?","M","T","M","E","M","R","E","R","B",null,"M","M","M","M","M","R","E","R","T","?","$","R","T","M","R","B",null,"M","?","M","$","?","R","$","R","T","R","?","M","M","?","R","B",null],"character_chosen":"IRONCLAD","items_purchased":["Reaper","Torii"],"campfire_rested":4,"item_purchase_floors":[28,28],"current_hp_per_floor":[73,73,74,80,77,77,54,62,62,47,33,29,53,39,39,10,63,56,50,36,30,30,30,14,39,39,39,39,39,39,70,70,16,69,74,57,42,42,30,57,57,57,57,57,57,48,22,22,49,34],"gold":164,"neow_bonus":"RANDOM_COMMON_RELIC","is_prod":false,"is_daily":false,"chose_seed":false,"campfire_upgraded":7,"win_rate":0,"timestamp":1555213180,"path_taken":["M","?","M","M","M","R","?","M","T","M","E","M","R","E","R","BOSS","M","M","M","M","M","R","E","R","T","?","?","R","?","M","R","BOSS","M","?","M","$","?","R","$","R","T","R","?","?","M","?","R","BOSS"],"build_version":"2019-01-23","purchased_purges":2,"victory":true,"max_hp_per_floor":[80,80,80,80,80,80,80,80,80,80,80,80,80,80,80,80,80,83,86,86,86,86,86,86,86,86,86,86,86,86,86,86,86,86,89,89,92,92,92,92,92,92,92,92,92,92,92,92,92,92],"card_choices":[{"not_picked":["Cleave","Hemokinesis"],"picked":"Flame Barrier","floor":1},{"not_picked":["Havoc","Searing Blow"],"picked":"Pommel Strike","floor":3},{"not_picked":["Body Slam","Anger"],"picked":"Twin Strike","floor":4},{"not_picked":["Anger","Wild Strike"],"picked":"Limit Break","floor":5},{"not_picked":["Shockwave","Body Slam"],"picked":"Spot Weakness","floor":7},{"not_picked":["Reckless Charge","Fire Breathing"],"picked":"Metallicize","floor":8},{"not_picked":["Twin Strike","Sentinel","Pommel Strike"],"picked":"SKIP","floor":10},{"not_picked":["Impervious","Iron Wave"],"picked":"Flex","floor":11},{"not_picked":["Searing Blow","Reckless Charge"],"picked":"Whirlwind","floor":12},{"not_picked":["Corruption","Twin Strike"],"picked":"Armaments","floor":14},{"not_picked":["Exhume","Barricade"],"picked":"Feed","floor":16},{"not_picked":["Combust","Body Slam"],"picked":"Disarm","floor":17},{"not_picked":["Infernal Blade","Corruption"],"picked":"Heavy Blade","floor":17},{"not_picked":["Iron Wave","Dual Wield","Fiend Fire"],"picked":"SKIP","floor":18},{"not_picked":["Armaments","Pommel Strike+1","Cleave"],"picked":"SKIP","floor":19},{"not_picked":["Clothesline+1","Havoc"],"picked":"Headbutt+1","floor":20},{"not_picked":["Clothesline","Carnage+1"],"picked":"Warcry","floor":21},{"not_picked":["Immolate","Flex+1"],"picked":"Headbutt+1","floor":22},{"not_picked":["Corruption","Wild Strike","Thunderclap"],"picked":"SKIP","floor":24},{"not_picked":["Iron Wave","Fire Breathing"],"picked":"Flame Barrier","floor":31},{"not_picked":["Impervious","Bludgeon"],"picked":"Offering","floor":33},{"not_picked":["Feel No Pain","Wild Strike+1","Clash+1"],"picked":"SKIP","floor":35},{"not_picked":["Armaments+1","Carnage"],"picked":"True Grit+1","floor":37},{"not_picked":["Rupture+1","Perfected Strike+1"],"picked":"Headbutt+1","floor":46},{"not_picked":["Perfected Strike+1","Dark Embrace","Clash+1"],"picked":"SKIP","floor":47}],"player_experience":366925,"relics_obtained":[{"floor":7,"key":"Odd Mushroom"},{"floor":9,"key":"Orichalcum"},{"floor":11,"key":"Red Skull"},{"floor":14,"key":"Art of War"},{"floor":24,"key":"WingedGreaves"},{"floor":26,"key":"Mummified Hand"},{"floor":30,"key":"FossilizedHelix"},{"floor":36,"key":"Du-Vu Doll"},{"floor":43,"key":"Centennial Puzzle"}],"event_choices":[{"damage_healed":0,"gold_gain":0,"player_choice":"Ignored","damage_taken":0,"max_hp_gain":0,"max_hp_loss":0,"event_name":"Liars Game","floor":2,"gold_loss":0},{"damage_healed":0,"gold_gain":0,"player_choice":"Fought Mushrooms","damage_taken":0,"max_hp_gain":0,"max_hp_loss":0,"event_name":"Mushrooms","floor":7,"gold_loss":0},{"cards_removed":["Defend_R"],"damage_healed":0,"gold_gain":0,"player_choice":"Gave Gold","damage_taken":0,"max_hp_gain":0,"max_hp_loss":0,"event_name":"Beggar","floor":27,"gold_loss":75},{"damage_healed":0,"gold_gain":0,"player_choice":"Fight","damage_taken":0,"max_hp_gain":0,"max_hp_loss":0,"event_name":"MindBloom","floor":36,"gold_loss":0},{"damage_healed":0,"gold_gain":0,"player_choice":"Embrace Madness","damage_taken":12,"max_hp_gain":0,"max_hp_loss":0,"event_name":"Winding Halls","floor":39,"gold_loss":0,"cards_obtained":["Madness","Madness"]},{"damage_healed":0,"gold_gain":0,"player_choice":"Copied","damage_taken":0,"max_hp_gain":0,"max_hp_loss":0,"event_name":"Duplicator","floor":45,"gold_loss":0,"cards_obtained":["Limit Break"]},{"damage_healed":0,"gold_gain":0,"player_choice":"Ignored","damage_taken":0,"max_hp_gain":0,"max_hp_loss":0,"event_name":"Mysterious Sphere","floor":48,"gold_loss":0}],"is_beta":false,"boss_relics":[{"not_picked":["Pandora\u0027s Box","Tiny House"],"picked":"Orrery"},{"not_picked":["Eternal Feather","Black Blood"],"picked":"Runic Cube"}],"items_purged_floors":[38,41],"is_endless":false,"potions_floor_spawned":[3,4,7,11,22,24,31,33,35,36,37],"ascension_level":10}