{"gold_per_floor":[361,375,31,41,41,58,58,58,82,82,93,18,32,48,48,126,126,140,150,65,65,45,55,55,66,66,66,77,0,18,18,18,18],"floor_reached":33,"playtime":2974,"items_purged":[],"score":410,"play_id":"63e66e71-ee1e-4e62-9be8-2b62dab97e02","local_time":"20190526215118","is_ascension_mode":true,"campfire_choices":[{"floor":8.0,"key":"REST"},{"floor":10.0,"key":"REST"},{"floor":15.0,"key":"REST"},{"floor":24.0,"key":"REST"},{"floor":27.0,"key":"REST"},{"floor":32.0,"key":"REST"}],"neow_cost":"PERCENT_DAMAGE","seed_source_timestamp":530405970174500,"circlet_count":0,"master_deck":["AscendersBane","Defend_G","Defend_G","Defend_G","Defend_G","Defend_G","Strike_G","Strike_G+1","Strike_G","Survivor","Neutralize","Dodge and Roll","Footwork","Panache","Backstab+1","Blade Dance","Noxious Fumes","Storm of Steel","Burst","PiercingWail","Bouncing Flask","Infinite Blades","Leg Sweep"],"special_seed":0,"relics":["Ring of the Snake","Centennial Puzzle","Empty Cage","Oddly Smooth Stone","Tough Bandages","MutagenicStrength"],"potions_floor_usage":[33],"damage_taken":[{"damage":1.0,"enemies":"Cultist","floor":1.0,"turns":5.0},{"damage":12.0,"enemies":"Jaw Worm","floor":2.0,"turns":8.0},{"damage":2.0,"enemies":"Small Slimes","floor":4.0,"turns":4.0},{"damage":8.0,"enemies":"Exordium Thugs","floor":6.0,"turns":7.0},{"damage":4.0,"enemies":"3 Louse","floor":11.0,"turns":5.0},{"damage":10.0,"enemies":"Large Slime","floor":13.0,"turns":6.0},{"damage":3.0,"enemies":"Blue Slaver","floor":14.0,"turns":4.0},{"damage":35.0,"enemies":"The Guardian","floor":16.0,"turns":12.0},{"damage":11.0,"enemies":"Spheric Guardian","floor":18.0,"turns":10.0},{"damage":4.0,"enemies":"Chosen","floor":19.0,"turns":4.0},{"damage":38.0,"enemies":"Snake Plant","floor":23.0,"turns":9.0},{"damage":17.0,"enemies":"Centurion and Healer","floor":25.0,"turns":10.0},{"damage":16.0,"enemies":"Shelled Parasite and Fungi","floor":28.0,"turns":9.0},{"damage":8.0,"enemies":"Snake Plant","floor":30.0,"turns":4.0},{"damage":53,"enemies":"Collector","floor":33,"turns":6}],"seed_played":"6784137203346161806","potions_obtained":[{"floor":6.0,"key":"SneckoOil"},{"floor":11.0,"key":"AttackPotion"},{"floor":13.0,"key":"Explosive Potion"},{"floor":19.0,"key":"Fruit Juice"},{"floor":22.0,"key":"Fruit Juice"},{"floor":25.0,"key":"Ancient Potion"},{"floor":30.0,"key":"Strength Potion"}],"is_trial":false,"path_per_floor":["M","M","$","M","?","M","?","R","T","R","M","$","M","M","R","B",null,"M","M","?","?","?","M","R","M","T","R","M","?","M","?","R","B"],"character_chosen":"THE_SILENT","items_purchased":["Footwork","Panache","Backstab","Blade Dance","Noxious Fumes"],"campfire_rested":6,"item_purchase_floors":[3,3,3,3,12],"current_hp_per_floor":[43,31,31,29,34,26,12,33,33,54,50,50,40,37,58,23,59,48,49,49,49,54,16,40,23,23,47,31,31,23,23,47,0],"gold":18,"neow_bonus":"TWO_FIFTY_GOLD","is_prod":false,"is_daily":false,"chose_seed":false,"campfire_upgraded":0,"win_rate":0,"timestamp":1558921878,"path_taken":["M","?","$","M","?","M","?","R","T","R","M","$","M","M","R","BOSS","M","M","?","?","?","?","R","M","T","R","M","?","M","?","R","BOSS"],"build_version":"2019-01-23","purchased_purges":0,"victory":false,"max_hp_per_floor":[66,66,66,66,71,71,71,71,71,71,71,71,71,71,71,71,71,71,76,76,76,81,81,81,81,81,81,81,81,81,81,81,81],"card_choices":[{"not_picked":["Poisoned Stab","Choke"],"picked":"Dodge and Roll","floor":1.0},{"not_picked":["Flechettes","Slice","Dagger Throw"],"picked":"SKIP","floor":2.0},{"not_picked":["Dagger Throw","Deadly Poison","Concentrate"],"picked":"SKIP","floor":4.0},{"not_picked":["Distraction","Dodge and Roll","Dagger Spray"],"picked":"SKIP","floor":6.0},{"not_picked":["Bane","Quick Slash","Outmaneuver"],"picked":"SKIP","floor":11.0},{"not_picked":["Expertise","Dodge and Roll","Sucker Punch"],"picked":"SKIP","floor":13.0},{"not_picked":["Dagger Throw","Blade Dance"],"picked":"Storm of Steel","floor":14.0},{"not_picked":["Bullet Time","Die Die Die"],"picked":"Burst","floor":16.0},{"not_picked":["Dagger Throw","Expertise","Terror"],"picked":"SKIP","floor":18.0},{"not_picked":["Flying Knee","Deadly Poison"],"picked":"PiercingWail","floor":19.0},{"not_picked":["Caltrops","Outmaneuver","Flechettes"],"picked":"SKIP","floor":23.0},{"not_picked":["Deadly Poison","PiercingWail"],"picked":"Bouncing Flask","floor":25.0},{"not_picked":["Dodge and Roll+1","Dagger Spray"],"picked":"Infinite Blades","floor":28.0},{"not_picked":["All Out Attack","Deadly Poison+1"],"picked":"Leg Sweep","floor":30.0}],"player_experience":1114194,"relics_obtained":[{"floor":9.0,"key":"Centennial Puzzle"},{"floor":26.0,"key":"Tough Bandages"}],"event_choices":[{"damage_healed":0.0,"max_hp_gain":5.0,"max_hp_loss":0.0,"gold_gain":0.0,"event_name":"Big Fish","player_choice":"Donut","floor":5.0,"gold_loss":0.0,"damage_taken":0.0},{"damage_healed":0.0,"max_hp_gain":0.0,"max_hp_loss":0.0,"gold_gain":0.0,"event_name":"Shining Light","player_choice":"Entered Light","floor":7.0,"gold_loss":0.0,"damage_taken":14.0,"cards_upgraded":["Strike_G","Backstab"]},{"damage_healed":0.0,"max_hp_gain":0.0,"max_hp_loss":0.0,"gold_gain":0.0,"event_name":"Addict","player_choice":"Obtained Relic","floor":20.0,"gold_loss":85.0,"damage_taken":0.0,"relics_obtained":["Oddly Smooth Stone"]},{"damage_healed":0.0,"max_hp_gain":0.0,"max_hp_loss":0.0,"gold_gain":0.0,"event_name":"Beggar","player_choice":"Ignored","floor":21.0,"gold_loss":0.0,"damage_taken":0.0},{"damage_healed":0.0,"max_hp_gain":0.0,"max_hp_loss":0.0,"gold_gain":0.0,"event_name":"The Woman in Blue","player_choice":"Bought 1 Potion","floor":22.0,"gold_loss":0.0,"damage_taken":0.0},{"damage_healed":0.0,"max_hp_gain":0.0,"max_hp_loss":0.0,"gold_gain":0.0,"event_name":"Masked Bandits","player_choice":"Paid Fearfully","floor":29.0,"gold_loss":77.0,"damage_taken":0.0},{"damage_healed":0.0,"max_hp_gain":0.0,"max_hp_loss":0.0,"gold_gain":0.0,"event_name":"Drug Dealer","player_choice":"Inject Mutagens","floor":31.0,"gold_loss":0.0,"damage_taken":0.0,"relics_obtained":["MutagenicStrength"]}],"is_beta":false,"boss_relics":[{"not_picked":["Astrolabe","Lizard Tail"],"picked":"Empty Cage"}],"items_purged_floors":[],"is_endless":false,"potions_floor_spawned":[6,11,13,16,19,25,30],"killed_by":"Collector","ascension_level":14}