{"gold_per_floor":[118,41,58,23,43,71,71,102,102,277,277,303,318,338,338,441,441,451,461,511,523,75,107,107,0,0,0,33,33,53,53,53,154,154,171,171,0,0,10,10,10],"floor_reached":41,"playtime":2913,"items_purged":["Doubt"],"score":559,"play_id":"1b6bfb9d-a5fd-4c6f-a134-2c861ed05769","local_time":"20180903164819","is_ascension_mode":true,"campfire_choices":[{"floor":7,"key":"REST"},{"floor":11,"key":"REST"},{"data":"Adrenaline","floor":15,"key":"SMITH"},{"floor":24,"key":"REST"},{"floor":27,"key":"REST"},{"floor":32,"key":"REST"},{"floor":40,"key":"DIG"}],"neow_cost":"","seed_source_timestamp":1680425597482245,"circlet_count":0,"master_deck":["Defend_G","Defend_G","Defend_G","Defend_G","Defend_G","Strike_G","Strike_G","Strike_G","Strike_G","Survivor","Neutralize","Noxious Fumes","Footwork","Deflect+1","Bouncing Flask+1","Adrenaline+1","Leg Sweep","PiercingWail","Predator","Setup","Die Die Die","Dodge and Roll","Skewer","Poisoned Stab","Leg Sweep","Dagger Throw","Decay","Footwork","Enlightenment","Burst","Shame","After Image","Caltrops","Writhe","Outmaneuver+1"],"relics":["Ring of the Snake","Bag of Marbles","Gambling Chip","Pear","Letter Opener","Odd Mushroom","Cursed Key","Happy Flower","War Paint","Art of War","Bird Faced Urn","Shovel","Bag of Preparation","Coffee Dripper","Red Mask","Pen Nib"],"potions_floor_usage":[16,21,33,33,33,41],"damage_taken":[{"damage":4,"enemies":"Cultist","floor":1,"turns":5},{"damage":19,"enemies":"Small Slimes","floor":3,"turns":4},{"damage":0,"enemies":"2 Louse","floor":5,"turns":3},{"damage":17,"enemies":"Lagavulin","floor":6,"turns":8},{"damage":31,"enemies":"Gremlin Nob","floor":8,"turns":5},{"damage":3,"enemies":"Lagavulin","floor":12,"turns":6},{"damage":0,"enemies":"Blue Slaver","floor":13,"turns":4},{"damage":4,"enemies":"The Mushroom Lair","floor":14,"turns":5},{"damage":36,"enemies":"Slime Boss","floor":16,"turns":14},{"damage":6,"enemies":"3 Byrds","floor":18,"turns":4},{"damage":3,"enemies":"Spheric Guardian","floor":19,"turns":5},{"damage":14,"enemies":"Chosen and Byrds","floor":21,"turns":5},{"damage":18,"enemies":"Book of Stabbing","floor":23,"turns":6},{"damage":20,"enemies":"Slavers","floor":28,"turns":6},{"damage":16,"enemies":"3 Cultists","floor":30,"turns":6},{"damage":38,"enemies":"Collector","floor":33,"turns":10},{"damage":45,"enemies":"3 Darklings","floor":35,"turns":6},{"damage":31,"enemies":"3 Shapes","floor":39,"turns":3},{"damage":71,"enemies":"Giant Head","floor":41,"turns":9}],"seed_played":"-1759742607857260419","potions_obtained":[{"floor":1,"key":"Ancient Potion"},{"floor":3,"key":"GamblersBrew"},{"floor":13,"key":"Explosive Potion"},{"floor":14,"key":"SteroidPotion"},{"floor":19,"key":"Dexterity Potion"},{"floor":23,"key":"Regen Potion"},{"floor":30,"key":"PowerPotion"},{"floor":35,"key":"Regen Potion"}],"is_trial":false,"path_per_floor":["M","$","M","?","M","E","R","E","T","?","R","E","M","?","R","B",null,"M","M","?","M","$","E","R","?","T","R","E","?","M","?","R","B",null,"M","?","?","?","M","R"],"character_chosen":"THE_SILENT","items_purchased":["Footwork","Happy Flower","Leg Sweep","War Paint"],"campfire_rested":5,"item_purchase_floors":[2,22,22,22],"current_hp_per_floor":[66,66,47,64,64,47,68,37,47,47,71,68,68,64,64,28,80,74,71,71,57,57,39,63,63,63,80,62,46,36,36,60,45,80,39,59,59,59,38,38,0],"gold":10,"neow_bonus":"","is_prod":false,"is_daily":false,"chose_seed":false,"campfire_upgraded":1,"win_rate":0,"timestamp":1536007699,"path_taken":["M","?","M","?","M","E","R","E","T","?","R","E","M","?","R","BOSS","M","M","?","M","$","E","R","?","T","R","E","?","M","?","R","BOSS","M","?","?","?","M","R","E"],"build_version":"2018-08-30","purchased_purges":1,"victory":false,"max_hp_per_floor":[70,70,70,70,70,70,70,70,80,80,80,80,80,80,80,80,80,80,80,80,80,80,80,80,80,80,80,80,80,80,80,80,80,80,80,80,80,80,80,80,80],"card_choices":[{"not_picked":["Prepared","PiercingWail"],"picked":"Noxious Fumes","floor":1},{"not_picked":["Acrobatics","Deadly Poison"],"picked":"Deflect","floor":3},{"not_picked":["Deadly Poison","Venomology"],"picked":"Bouncing Flask","floor":5},{"not_picked":["Flying Knee","Distraction"],"picked":"Adrenaline","floor":6},{"not_picked":["Quick Slash","Poisoned Stab"],"picked":"Leg Sweep","floor":8},{"not_picked":["Quick Slash","Dodge and Roll"],"picked":"PiercingWail","floor":12},{"not_picked":["Outmaneuver","PiercingWail"],"picked":"Predator","floor":13},{"not_picked":["Eviscerate","Underhanded Strike"],"picked":"Setup","floor":14},{"not_picked":["Unload","Venomology"],"picked":"Die Die Die","floor":16},{"not_picked":["Underhanded Strike","Expertise"],"picked":"Dodge and Roll","floor":18},{"not_picked":["Acrobatics","Slice+1"],"picked":"Skewer","floor":19},{"not_picked":["Flying Knee","Bane"],"picked":"Poisoned Stab","floor":21},{"not_picked":["Outmaneuver","Blade Dance"],"picked":"Dagger Throw","floor":23},{"not_picked":["PiercingWail+1","Dagger Throw+1"],"picked":"Footwork","floor":28},{"not_picked":["Endless Agony","Deflect"],"picked":"Burst","floor":30},{"not_picked":["Malaise","Night Terror"],"picked":"After Image","floor":33},{"not_picked":["Dagger Spray+1","Poisoned Stab+1"],"picked":"Caltrops","floor":35},{"not_picked":["Calculated Gamble+1","Dagger Spray"],"picked":"Outmaneuver+1","floor":39}],"player_experience":139779,"relics_obtained":[{"floor":6,"key":"Bag of Marbles"},{"floor":8,"key":"Gambling Chip"},{"floor":9,"key":"Pear"},{"floor":12,"key":"Letter Opener"},{"floor":14,"key":"Odd Mushroom"},{"floor":23,"key":"Art of War"},{"floor":26,"key":"Bird Faced Urn"},{"floor":28,"key":"Shovel"},{"floor":40,"key":"Pen Nib"}],"event_choices":[{"event_name":"The Cleric","player_choice":"Healed","floor":4,"damage_taken":0},{"event_name":"Liars Game","player_choice":"agreed","floor":10,"damage_taken":0},{"event_name":"Mushrooms","player_choice":"Fought Mushrooms","floor":14,"damage_taken":0},{"event_name":"The Joust","player_choice":"Bet on Murderer","floor":20,"damage_taken":0},{"event_name":"Masked Bandits","player_choice":"Paid Fearfully","floor":25,"damage_taken":0},{"event_name":"Knowing Skull","player_choice":"CARD ","floor":29,"damage_taken":0},{"event_name":"Addict","player_choice":"Stole Relic","floor":31,"damage_taken":0},{"event_name":"Winding Halls","player_choice":"Writhe","floor":36,"damage_taken":0},{"event_name":"Tomb of Lord Red Mask","player_choice":"Paid","floor":37,"damage_taken":0},{"event_name":"Falling","player_choice":"Removed Attack","floor":38,"damage_taken":0}],"is_beta":false,"boss_relics":[{"not_picked":["Orrery","Snecko Eye"],"picked":"Cursed Key"},{"not_picked":["Philosopher\u0027s Stone","Calling Bell"],"picked":"Coffee Dripper"}],"items_purged_floors":[22],"is_endless":false,"potions_floor_spawned":[1,3,13,14,19,23,30,35],"killed_by":"Giant Head","ascension_level":4}