{"gold_per_floor":[114,126,141,159,171,203,203,234,259,224,259,434,434,30,30,127,127,67,78,78,89,89],"floor_reached":22,"playtime":947,"items_purged":["Strike_R"],"score":326,"play_id":"072374df-daa3-4542-8566-bf6abfc1d108","local_time":"20190427232110","is_ascension_mode":true,"campfire_choices":[{"floor":7,"key":"REST"},{"floor":15,"key":"REST"}],"neow_cost":"PERCENT_DAMAGE","seed_source_timestamp":305009489996600,"circlet_count":0,"master_deck":["AscendersBane","Strike_R","Strike_R","Strike_R","Strike_R","Defend_R","Defend_R","Defend_R+1","Defend_R","Bash","Bludgeon","Dropkick","Warcry","True Grit+1","Sentinel","Second Wind","True Grit","Double Tap","Forethought","Exhume","Feel No Pain","Reaper"],"relics":["Burning Blood","Potion Belt","War Paint","PreservedInsect","Boot","Sozu"],"potions_floor_usage":[5,5,16,16,22],"damage_taken":[{"damage":6,"enemies":"2 Louse","floor":1,"turns":2},{"damage":2,"enemies":"Jaw Worm","floor":2,"turns":3},{"damage":4,"enemies":"Small Slimes","floor":3,"turns":3},{"damage":11,"enemies":"2 Fungi Beasts","floor":4,"turns":4},{"damage":17,"enemies":"Lots of Slimes","floor":5,"turns":5},{"damage":18,"enemies":"Lagavulin","floor":6,"turns":6},{"damage":36,"enemies":"Gremlin Nob","floor":8,"turns":5},{"damage":11,"enemies":"Lagavulin","floor":11,"turns":6},{"damage":49,"enemies":"Slime Boss","floor":16,"turns":14},{"damage":29,"enemies":"2 Thieves","floor":18,"turns":4},{"damage":25,"enemies":"3 Byrds","floor":19,"turns":6},{"damage":26,"enemies":"Centurion and Healer","floor":21,"turns":8},{"damage":22,"enemies":"Shelled Parasite and Fungi","floor":22,"turns":3}],"seed_played":"6677657613361163639","potions_obtained":[{"floor":1,"key":"Energy Potion"},{"floor":2,"key":"Fire Potion"},{"floor":8,"key":"Explosive Potion"},{"floor":11,"key":"SteroidPotion"}],"is_trial":false,"path_per_floor":["M","M","M","M","M","E","R","E","T","?","E","?","?","$","R","B",null,"M","M","?","M","M"],"character_chosen":"IRONCLAD","items_purchased":["Double Tap","Forethought","Regen Potion"],"campfire_rested":2,"item_purchase_floors":[14,14,14],"current_hp_per_floor":[51,55,57,52,41,29,53,23,23,23,18,18,18,18,42,14,64,41,22,22,22,0],"gold":89,"neow_bonus":"THREE_RARE_CARDS","is_prod":false,"is_daily":false,"chose_seed":false,"campfire_upgraded":0,"win_rate":0,"timestamp":1556421670,"path_taken":["M","M","M","M","M","E","R","E","T","?","E","?","?","$","R","BOSS","M","M","?","M","?"],"build_version":"2019-01-23","purchased_purges":1,"victory":false,"max_hp_per_floor":[80,80,80,80,80,80,80,80,80,80,80,80,80,80,80,80,80,80,80,80,80,80],"card_choices":[{"not_picked":["Berserk","Impervious"],"picked":"Bludgeon","floor":0},{"not_picked":["Body Slam","Wild Strike"],"picked":"Dropkick","floor":1},{"not_picked":["Armaments","Anger"],"picked":"Warcry","floor":2},{"not_picked":["Iron Wave","Anger","Sword Boomerang"],"picked":"SKIP","floor":3},{"not_picked":["Warcry","Blood for Blood"],"picked":"True Grit","floor":4},{"not_picked":["Thunderclap","Warcry"],"picked":"Sentinel","floor":5},{"not_picked":["Clash","Heavy Blade"],"picked":"Second Wind","floor":6},{"not_picked":["Uppercut","Combust"],"picked":"True Grit","floor":8},{"not_picked":["Body Slam","Havoc","Perfected Strike"],"picked":"SKIP","floor":11},{"not_picked":["Barricade","Limit Break"],"picked":"Exhume","floor":16},{"not_picked":["Heavy Blade+1","Iron Wave+1","Flex"],"picked":"SKIP","floor":18},{"not_picked":["Havoc","Entrench"],"picked":"Feel No Pain","floor":19},{"not_picked":["Pommel Strike","Second Wind","Body Slam"],"picked":"SKIP","floor":21}],"player_experience":392243,"relics_obtained":[{"floor":6,"key":"Potion Belt"},{"floor":8,"key":"War Paint"},{"floor":9,"key":"PreservedInsect"},{"floor":11,"key":"Boot"}],"event_choices":[{"damage_healed":0,"gold_gain":0,"player_choice":"Left Gold","damage_taken":0,"max_hp_gain":0,"max_hp_loss":0,"event_name":"World of Goop","floor":10,"gold_loss":35},{"damage_healed":0,"gold_gain":175,"player_choice":"AGREE","damage_taken":0,"max_hp_gain":0,"max_hp_loss":0,"event_name":"Liars Game","floor":12,"gold_loss":0,"cards_obtained":["Doubt"]},{"cards_removed":["Doubt"],"damage_healed":0,"gold_gain":0,"player_choice":"Forget","damage_taken":0,"max_hp_gain":0,"max_hp_loss":0,"event_name":"Living Wall","floor":13,"gold_loss":0},{"damage_healed":0,"gold_gain":0,"player_choice":"1 cards matched","damage_taken":0,"max_hp_gain":0,"max_hp_loss":0,"event_name":"Match and Keep!","floor":20,"gold_loss":0,"cards_obtained":["Reaper"]}],"is_beta":false,"boss_relics":[{"not_picked":["Runic Dome","Orrery"],"picked":"Sozu"}],"items_purged_floors":[14],"is_endless":false,"potions_floor_spawned":[1,2,8,11,19,21],"killed_by":"Shelled Parasite and Fungi","ascension_level":12}