{"gold_per_floor":[114,189,189,31,31,66,66,83,83,83],"floor_reached":10,"playtime":183,"items_purged":[],"score":125,"play_id":"0c5ec4c4-30d2-49bd-932c-536a77e12f92","local_time":"20190615002935","is_ascension_mode":true,"campfire_choices":[{"floor":7.0,"key":"REST"}],"neow_cost":"NONE","seed_source_timestamp":161505352195636,"circlet_count":0,"master_deck":["AscendersBane","Strike_B","Strike_B","Strike_B","Strike_B","Defend_B","Defend_B","Defend_B+1","Defend_B","Zap","Dualcast+1","Force Field","Hologram"],"special_seed":0,"relics":["Cracked Core","War Paint","Juzu Bracelet","Shuriken"],"potions_floor_usage":[10,10],"damage_taken":[{"damage":2.0,"enemies":"Jaw Worm","floor":1.0,"turns":3.0},{"damage":59.0,"enemies":"3 Sentries","floor":6.0,"turns":9.0},{"damage":0,"enemies":"Small Slimes","floor":8,"turns":3},{"damage":52,"enemies":"Gremlin Nob","floor":10,"turns":4}],"seed_played":"4869256213500496000","potions_obtained":[{"floor":6.0,"key":"Regen Potion"},{"floor":8,"key":"Ancient Potion"}],"is_trial":false,"path_per_floor":["M","?","?","$","?","E","R","M","T","E"],"character_chosen":"DEFECT","items_purchased":["War Paint"],"campfire_rested":1,"item_purchase_floors":[4],"current_hp_per_floor":[69,58,63,63,63,4,28,28,28,0],"gold":83,"neow_bonus":"TEN_PERCENT_HP_BONUS","is_prod":false,"is_daily":false,"chose_seed":false,"campfire_upgraded":0,"win_rate":0,"timestamp":1560529775,"path_taken":["M","?","?","?","?","E","R","M","T","E"],"build_version":"2019-01-23","purchased_purges":0,"victory":false,"max_hp_per_floor":[78,78,83,83,83,83,83,83,83,83],"card_choices":[{"not_picked":["Redo","Turbo"],"picked":"Force Field","floor":1.0},{"not_picked":["Darkness","Redo","Steam Power"],"picked":"SKIP","floor":6.0},{"not_picked":["Rip and Tear","Conserve Battery"],"picked":"Hologram","floor":8}],"player_experience":686652,"relics_obtained":[{"floor":6.0,"key":"Juzu Bracelet"},{"floor":9,"key":"Shuriken"}],"event_choices":[{"damage_healed":0.0,"max_hp_gain":0.0,"max_hp_loss":0.0,"gold_gain":75.0,"event_name":"World of Goop","player_choice":"Gather Gold","floor":2.0,"gold_loss":0.0,"damage_taken":11.0},{"damage_healed":0.0,"max_hp_gain":5.0,"max_hp_loss":0.0,"gold_gain":0.0,"event_name":"Big Fish","player_choice":"Donut","floor":3.0,"gold_loss":0.0,"damage_taken":0.0},{"damage_healed":0.0,"max_hp_gain":0.0,"max_hp_loss":0.0,"gold_gain":0.0,"event_name":"Scrap Ooze","player_choice":"Fled","floor":5.0,"gold_loss":0.0,"damage_taken":0.0}],"is_beta":false,"boss_relics":[],"items_purged_floors":[],"is_endless":false,"potions_floor_spawned":[6,8],"killed_by":"Gremlin Nob","ascension_level":19}