{"gold_per_floor":[219,219,104,121,141,141,161,180,180,180,200,215,215,248,248,349,349,366,281,296,296,310,58,58,91,91,91,101,117,117,130,130,230,230,247,12,25,25,45,77,77,106,133,133,33,67,79,0,12,24],"floor_reached":51,"playtime":3485,"items_purged":["Defend_R","Strike_R","Strike_R"],"score":730,"play_id":"9f9bd0f0-e0f5-4dbd-abe0-f6b24c930720","local_time":"20190511203940","is_ascension_mode":false,"campfire_choices":[{"data":"Rampage","floor":6,"key":"SMITH"},{"data":"Rage","floor":10,"key":"SMITH"},{"data":"Bash","floor":13,"key":"SMITH"},{"data":"Battle Trance","floor":15,"key":"SMITH"},{"data":"Offering","floor":24,"key":"SMITH"},{"data":"Disarm","floor":30,"key":"SMITH"},{"floor":32,"key":"REST"},{"data":"Juggernaut","floor":41,"key":"SMITH"},{"floor":49,"key":"REST"}],"neow_cost":"NONE","seed_source_timestamp":148728497726600,"circlet_count":0,"master_deck":["Strike_R","Strike_R","Defend_R","Defend_R","Bash+1","Evolve","Rampage+1","Battle Trance+1","Rage+1","Dual Wield","Whirlwind+1","Offering+1","Intimidate+1","Disarm+1","Rampage+1","Juggernaut+1","Pommel Strike+1","Violence","Flame Barrier","Shockwave+1"],"relics":["Burning Blood","The Courier","Odd Mushroom","Thread and Needle","Velvet Choker","Paper Frog","Self Forming Clay","Strawberry","Sozu","Bronze Scales","Lantern","Oddly Smooth Stone","MawBank","Juzu Bracelet","Red Mask"],"potions_floor_usage":[11,11,14,20,29,33,50],"damage_taken":[{"damage":2,"enemies":"Small Slimes","floor":1,"turns":4},{"damage":6,"enemies":"2 Louse","floor":4,"turns":3},{"damage":1,"enemies":"Cultist","floor":5,"turns":3},{"damage":13,"enemies":"3 Louse","floor":7,"turns":4},{"damage":3,"enemies":"Blue Slaver","floor":8,"turns":3},{"damage":21,"enemies":"The Mushroom Lair","floor":11,"turns":4},{"damage":18,"enemies":"Exordium Wildlife","floor":12,"turns":5},{"damage":19,"enemies":"Lagavulin","floor":14,"turns":6},{"damage":19,"enemies":"Hexaghost","floor":16,"turns":9},{"damage":30,"enemies":"2 Thieves","floor":18,"turns":4},{"damage":16,"enemies":"Spheric Guardian","floor":20,"turns":4},{"damage":5,"enemies":"Snake Plant","floor":22,"turns":4},{"damage":22,"enemies":"Book of Stabbing","floor":25,"turns":4},{"damage":12,"enemies":"Centurion and Healer","floor":28,"turns":4},{"damage":0,"enemies":"3 Cultists","floor":29,"turns":3},{"damage":9,"enemies":"Snake Plant","floor":31,"turns":3},{"damage":22,"enemies":"Champ","floor":33,"turns":11},{"damage":8,"enemies":"Orb Walker","floor":35,"turns":4},{"damage":12,"enemies":"3 Shapes","floor":37,"turns":3},{"damage":6,"enemies":"Writhing Mass","floor":39,"turns":5},{"damage":18,"enemies":"Nemesis","floor":40,"turns":6},{"damage":26,"enemies":"Giant Head","floor":42,"turns":7},{"damage":15,"enemies":"Reptomancer","floor":46,"turns":4},{"damage":22,"enemies":"Donu and Deca","floor":50,"turns":6}],"seed_played":"6950185121762295315","potions_obtained":[{"floor":1,"key":"FearPotion"},{"floor":8,"key":"AttackPotion"},{"floor":11,"key":"SpeedPotion"},{"floor":12,"key":"SkillPotion"},{"floor":18,"key":"Weak Potion"},{"floor":22,"key":"Fire Potion"},{"floor":31,"key":"SmokeBomb"},{"floor":33,"key":"PowerPotion"}],"is_trial":false,"path_per_floor":["M","?","$","M","M","R","M","M","T","R","?","M","R","E","R","B",null,"M","?","M","?","M","$","R","E","T","?","M","M","R","M","R","B",null,"M","$","M","$","M","E","R","E","T","?","$","E","?","?","R","B",null],"character_chosen":"IRONCLAD","items_purchased":["Rampage","Self Forming Clay","Offering","Violence"],"campfire_rested":2,"item_purchase_floors":[3,23,23,36],"current_hp_per_floor":[80,73,73,73,78,78,71,74,74,74,59,47,47,34,34,21,80,56,56,46,46,47,47,47,38,38,38,32,38,38,35,61,45,87,85,85,79,79,79,67,67,47,47,47,47,38,38,38,64,48],"gold":36,"neow_bonus":"HUNDRED_GOLD","is_prod":false,"is_daily":false,"chose_seed":false,"campfire_upgraded":7,"win_rate":0,"timestamp":1557621580,"path_taken":["M","?","$","M","M","R","M","M","T","R","?","M","R","E","R","BOSS","M","?","M","?","?","$","R","E","T","?","M","M","R","M","R","BOSS","M","$","M","$","M","E","R","E","T","?","$","E","?","?","R","BOSS"],"build_version":"2019-01-23","purchased_purges":3,"victory":true,"max_hp_per_floor":[80,80,80,80,80,80,80,80,80,80,80,80,80,80,80,80,80,80,80,80,80,80,80,80,87,87,87,87,87,87,87,87,87,87,87,87,87,87,87,87,87,87,87,87,87,87,87,87,87,87],"card_choices":[{"not_picked":["Heavy Blade","Sentinel"],"picked":"Evolve","floor":1},{"not_picked":["Thunderclap","Sentinel","Body Slam"],"picked":"SKIP","floor":4},{"not_picked":["Headbutt","Warcry"],"picked":"Battle Trance","floor":5},{"not_picked":["Pummel","Corruption"],"picked":"Rage","floor":7},{"not_picked":["Flex","Spot Weakness"],"picked":"Dual Wield","floor":8},{"not_picked":["Armaments","Rupture","Twin Strike"],"picked":"SKIP","floor":12},{"not_picked":["Combust","Evolve","Anger"],"picked":"SKIP","floor":14},{"not_picked":["Sword Boomerang+1","Headbutt+1","Shrug It Off"],"picked":"SKIP","floor":18},{"not_picked":["Feel No Pain","Heavy Blade"],"picked":"Whirlwind","floor":20},{"not_picked":["Cleave","Wild Strike","Flex"],"picked":"SKIP","floor":22},{"not_picked":["Anger","Feel No Pain","Uppercut"],"picked":"SKIP","floor":25},{"not_picked":["Cleave","Power Through+1"],"picked":"Intimidate+1","floor":28},{"not_picked":["Bloodletting","Clothesline"],"picked":"Disarm","floor":29},{"not_picked":["Carnage","Spot Weakness+1"],"picked":"Rampage+1","floor":31},{"not_picked":["Double Tap","Impervious"],"picked":"Juggernaut","floor":33},{"not_picked":["Rampage","Evolve+1"],"picked":"Pommel Strike+1","floor":35},{"not_picked":["Perfected Strike+1","Clothesline"],"picked":"Flame Barrier","floor":37},{"not_picked":["Headbutt+1","Feel No Pain+1"],"picked":"Shockwave+1","floor":39},{"not_picked":["Dropkick","Barricade","Armaments+1"],"picked":"SKIP","floor":40},{"not_picked":["Anger","Sword Boomerang+1","Flex+1"],"picked":"SKIP","floor":42},{"not_picked":["Reckless Charge+1","Bloodletting+1","Rampage"],"picked":"SKIP","floor":46}],"player_experience":434012,"relics_obtained":[{"floor":9,"key":"The Courier"},{"floor":11,"key":"Odd Mushroom"},{"floor":14,"key":"Thread and Needle"},{"floor":25,"key":"Strawberry"},{"floor":40,"key":"Bronze Scales"},{"floor":42,"key":"Lantern"},{"floor":43,"key":"Oddly Smooth Stone"},{"floor":46,"key":"MawBank"}],"event_choices":[{"cards_removed":["Strike_R"],"damage_healed":0,"gold_gain":0,"player_choice":"Card Removal","damage_taken":7,"max_hp_gain":0,"max_hp_loss":0,"event_name":"Golden Wing","floor":2,"gold_loss":0},{"damage_healed":0,"gold_gain":0,"player_choice":"Fought Mushrooms","damage_taken":0,"max_hp_gain":0,"max_hp_loss":0,"event_name":"Mushrooms","floor":11,"gold_loss":0},{"damage_healed":0,"gold_gain":0,"player_choice":"Obtained Relic","damage_taken":0,"relics_obtained":["Paper Frog"],"max_hp_gain":0,"max_hp_loss":0,"event_name":"Addict","floor":19,"gold_loss":85},{"damage_healed":0,"gold_gain":0,"player_choice":"Forge","damage_taken":0,"max_hp_gain":0,"max_hp_loss":0,"event_name":"Accursed Blacksmith","floor":21,"gold_loss":0,"cards_upgraded":["Whirlwind"]},{"damage_healed":0,"gold_gain":0,"player_choice":"Ignored","damage_taken":0,"max_hp_gain":0,"max_hp_loss":0,"event_name":"Vampires","floor":27,"gold_loss":0},{"cards_removed":["Defend_R"],"damage_healed":0,"gold_gain":0,"player_choice":"Removed Skill","damage_taken":0,"max_hp_gain":0,"max_hp_loss":0,"event_name":"Falling","floor":44,"gold_loss":0},{"damage_healed":0,"gold_gain":0,"player_choice":"Gave Potion","damage_taken":0,"relics_obtained":["Juzu Bracelet"],"max_hp_gain":0,"max_hp_loss":0,"event_name":"WeMeetAgain","floor":47,"gold_loss":0},{"damage_healed":0,"gold_gain":0,"player_choice":"Paid","damage_taken":0,"relics_obtained":["Red Mask"],"max_hp_gain":0,"max_hp_loss":0,"event_name":"Tomb of Lord Red Mask","floor":48,"gold_loss":91}],"is_beta":false,"boss_relics":[{"not_picked":["Pandora\u0027s Box","Tiny House"],"picked":"Velvet Choker"},{"not_picked":["Busted Crown","Astrolabe"],"picked":"Sozu"}],"items_purged_floors":[3,36,45],"is_endless":false,"potions_floor_spawned":[1,8,11,12,18,22,31,33,35,37],"ascension_level":0}