{"gold_per_floor":[209,29,29,43,62,92,112,145,191,205,218,218,318,347,347,442,442,454,469,122,122,138,163,163,173,173,198,198,226,226,126,126,230,230,242,242,262,278,73,73,107,107,107,140,140,140,140,160,160,160],"floor_reached":51,"playtime":4179,"items_purged":["Strike_R","Strike_R","Fire Breathing"],"score":875,"play_id":"8871c1fb-9eca-47be-a503-2d152ff244c4","local_time":"20190614010858","is_ascension_mode":true,"campfire_choices":[{"data":"Bash","floor":12,"key":"SMITH"},{"data":"Iron Wave","floor":15,"key":"SMITH"},{"data":"Limit Break","floor":24,"key":"SMITH"},{"data":"Barricade","floor":28,"key":"SMITH"},{"data":"Havoc","floor":32,"key":"SMITH"},{"data":"Entrench","floor":40,"key":"SMITH"},{"data":"Shrug It Off","floor":42,"key":"SMITH"},{"data":"Shrug It Off","floor":47,"key":"SMITH"},{"data":"Shrug It Off","floor":49,"key":"SMITH"}],"neow_cost":"NONE","seed_source_timestamp":71342387081220,"circlet_count":0,"master_deck":["Strike_R+1","Defend_R","Defend_R","Defend_R","Defend_R","Bash+1","Shrug It Off+1","Iron Wave+1","Thunderclap","Headbutt","Fire Breathing","Shrug It Off+1","Barricade+1","Cleave+1","Fire Breathing","Inflame+1","Impervious","Ghostly Armor","Shrug It Off+1","Limit Break+1","Body Slam","Havoc+1","Warcry+1","Juggernaut","Blood for Blood","True Grit+1","Entrench+1"],"relics":["Burning Blood","Oddly Smooth Stone","Orichalcum","Paper Frog","Whetstone","Potion Belt","Sozu","Lantern","Dream Catcher","Blood Vial","Eternal Feather","Dodecahedron","FossilizedHelix","Self Forming Clay"],"potions_floor_usage":[8,16,18,38,50],"damage_taken":[{"damage":8,"enemies":"Small Slimes","floor":1,"turns":3},{"damage":5,"enemies":"Jaw Worm","floor":4,"turns":5},{"damage":3,"enemies":"Cultist","floor":5,"turns":4},{"damage":20,"enemies":"Gremlin Nob","floor":6,"turns":5},{"damage":4,"enemies":"Looter","floor":7,"turns":4},{"damage":25,"enemies":"Lagavulin","floor":8,"turns":6},{"damage":1,"enemies":"Red Slaver","floor":10,"turns":3},{"damage":5,"enemies":"Exordium Wildlife","floor":11,"turns":4},{"damage":18,"enemies":"3 Sentries","floor":14,"turns":6},{"damage":38,"enemies":"The Guardian","floor":16,"turns":14},{"damage":9,"enemies":"2 Thieves","floor":18,"turns":4},{"damage":0,"enemies":"Chosen","floor":19,"turns":4},{"damage":5,"enemies":"Centurion and Healer","floor":22,"turns":6},{"damage":21,"enemies":"Slavers","floor":23,"turns":5},{"damage":5,"enemies":"Chosen and Byrds","floor":25,"turns":4},{"damage":25,"enemies":"Gremlin Leader","floor":27,"turns":9},{"damage":10,"enemies":"Book of Stabbing","floor":29,"turns":6},{"damage":0,"enemies":"Automaton","floor":33,"turns":9},{"damage":6,"enemies":"3 Shapes","floor":35,"turns":5},{"damage":0,"enemies":"Orb Walker","floor":37,"turns":4},{"damage":17,"enemies":"Maw","floor":38,"turns":7},{"damage":36,"enemies":"Nemesis","floor":41,"turns":11},{"damage":0,"enemies":"Giant Head","floor":44,"turns":7},{"damage":0,"enemies":"Jaw Worm Horde","floor":48,"turns":3},{"damage":33,"enemies":"Awakened One","floor":50,"turns":13}],"seed_played":"6362700212108847081","potions_obtained":[{"floor":1,"key":"Block Potion"},{"floor":6,"key":"GamblersBrew"},{"floor":7,"key":"FearPotion"},{"floor":11,"key":"Strength Potion"},{"floor":16,"key":"EntropicBrew"}],"is_trial":false,"path_per_floor":["M","$","?","M","M","E","M","E","T","M","M","R","?","E","R","B",null,"M","M","$","?","M","E","R","M","T","E","R","E","?","$","R","B",null,"M","?","M","M","$","R","E","R","T","E","?","$","R","M","R","B",null],"character_chosen":"IRONCLAD","items_purchased":["Iron Wave","Oddly Smooth Stone","Inflame","Impervious","Ghostly Armor","Entrench"],"campfire_rested":0,"item_purchase_floors":[2,2,20,20,20,39],"current_hp_per_floor":[78,78,78,79,80,66,68,49,49,54,55,55,55,43,43,11,80,77,80,80,80,80,65,65,66,66,47,47,43,43,43,43,51,80,80,80,80,69,69,80,50,65,65,73,73,73,80,80,80,53],"gold":160,"neow_bonus":"HUNDRED_GOLD","is_prod":false,"is_daily":false,"chose_seed":false,"campfire_upgraded":9,"win_rate":0,"timestamp":1560445738,"path_taken":["M","$","?","M","M","E","M","E","T","M","M","R","?","E","R","BOSS","M","?","$","?","M","E","R","?","T","E","R","E","?","$","R","BOSS","M","?","M","?","?","R","E","R","T","E","?","$","R","M","R","BOSS"],"build_version":"2019-01-23","purchased_purges":3,"victory":true,"max_hp_per_floor":[80,80,80,80,80,80,80,80,80,80,80,80,80,80,80,80,80,80,80,80,80,80,80,80,80,80,80,80,80,80,80,80,80,80,80,80,80,80,80,80,80,80,80,80,80,80,80,80,80,80],"card_choices":[{"not_picked":["Entrench","Body Slam"],"picked":"Shrug It Off","floor":1},{"not_picked":["Pommel Strike","Flex"],"picked":"Thunderclap","floor":4},{"not_picked":["Intimidate","Battle Trance"],"picked":"Headbutt","floor":5},{"not_picked":["Perfected Strike","Sentinel","Body Slam"],"picked":"SKIP","floor":6},{"not_picked":["Carnage","Sword Boomerang","Twin Strike"],"picked":"SKIP","floor":7},{"not_picked":["Hemokinesis","Shockwave"],"picked":"Fire Breathing","floor":8},{"not_picked":["Sword Boomerang","Heavy Blade","Thunderclap"],"picked":"SKIP","floor":10},{"not_picked":["Anger","Clash"],"picked":"Fire Breathing","floor":11},{"not_picked":["Perfected Strike","Iron Wave"],"picked":"Shrug It Off","floor":14},{"not_picked":["Immolate","Juggernaut"],"picked":"Barricade","floor":16},{"not_picked":["Clothesline","Armaments"],"picked":"Cleave+1","floor":18},{"not_picked":["Whirlwind+1","Perfected Strike"],"picked":"Fire Breathing","floor":19},{"not_picked":["Carnage+1","Hemokinesis+1"],"picked":"Shrug It Off","floor":22},{"not_picked":["Second Wind","Flex+1"],"picked":"Limit Break","floor":23},{"not_picked":["Flex","Combust"],"picked":"Body Slam","floor":25},{"not_picked":["Rampage","Flex+1"],"picked":"Havoc","floor":27},{"not_picked":["Whirlwind","Twin Strike"],"picked":"Warcry+1","floor":29},{"not_picked":["Dark Embrace","Offering"],"picked":"Juggernaut","floor":33},{"not_picked":["Clash+1","Flex","Rupture"],"picked":"SKIP","floor":35},{"not_picked":["Pommel Strike+1","True Grit","Rampage+1"],"picked":"SKIP","floor":37},{"not_picked":["Metallicize+1","Flex+1"],"picked":"True Grit+1","floor":38},{"not_picked":["Havoc","Reckless Charge+1","Twin Strike+1"],"picked":"SKIP","floor":41},{"not_picked":["Thunderclap","Rampage","Wild Strike+1"],"picked":"SKIP","floor":44},{"not_picked":["Heavy Blade+1","Hemokinesis+1","Corruption"],"picked":"SKIP","floor":48}],"player_experience":196543,"relics_obtained":[{"floor":6,"key":"Orichalcum"},{"floor":8,"key":"Paper Frog"},{"floor":9,"key":"Whetstone"},{"floor":14,"key":"Potion Belt"},{"floor":23,"key":"Lantern"},{"floor":27,"key":"Dream Catcher"},{"floor":29,"key":"Blood Vial"},{"floor":41,"key":"Dodecahedron"},{"floor":43,"key":"FossilizedHelix"},{"floor":44,"key":"Self Forming Clay"}],"event_choices":[{"damage_healed":0,"gold_gain":0,"player_choice":"Ignored","damage_taken":0,"max_hp_gain":0,"max_hp_loss":0,"event_name":"Liars Game","floor":3,"gold_loss":0},{"damage_healed":0,"gold_gain":100,"player_choice":"Pray","damage_taken":0,"max_hp_gain":0,"max_hp_loss":0,"event_name":"Golden Shrine","floor":13,"gold_loss":0},{"damage_healed":0,"gold_gain":0,"player_choice":"Upgraded","damage_taken":0,"max_hp_gain":0,"max_hp_loss":0,"event_name":"Upgrade Shrine","floor":21,"gold_loss":0,"cards_upgraded":["Inflame"]},{"damage_healed":0,"gold_gain":0,"player_choice":"Ignored","damage_taken":0,"max_hp_gain":0,"max_hp_loss":0,"event_name":"Ghosts","floor":30,"gold_loss":0},{"damage_healed":0,"gold_gain":0,"cards_transformed":["Strike_R"],"player_choice":"Transformed","damage_taken":0,"max_hp_gain":0,"max_hp_loss":0,"event_name":"Transmorgrifier","floor":36,"gold_loss":0,"cards_obtained":["Blood for Blood"]},{"cards_removed":["Strike_R"],"damage_healed":0,"gold_gain":0,"player_choice":"Removed Attack","damage_taken":0,"max_hp_gain":0,"max_hp_loss":0,"event_name":"Falling","floor":45,"gold_loss":0}],"is_beta":false,"boss_relics":[{"not_picked":["Orrery","Runic Cube"],"picked":"Sozu"},{"not_picked":["Snecko Eye","Coffee Dripper"],"picked":"Eternal Feather"}],"items_purged_floors":[20,31,39],"is_endless":false,"potions_floor_spawned":[1,6,7,11,16,19,29,33,37],"ascension_level":1}