{"gold_per_floor":[114,129,129,144,219,219,234,264,264,264,279,309,324,45,45,145,145,160,175,190,265,280,280,295,295,370,385,7,37,37,52,52,152,152,167,182,82,97,111,111,126,141,191,191],"floor_reached":44,"playtime":2871,"items_purged":["Strike_R"],"score":461,"play_id":"3bafdc22-64ec-4ec3-bf97-566f8c3b324d","local_time":"20190210142937","daily_mods":["Chimera","Uncertain Future","Binary"],"is_ascension_mode":false,"campfire_choices":[{"data":"Zap","floor":6.0,"key":"SMITH"},{"floor":10.0,"key":"REST"},{"data":"Defragment","floor":15.0,"key":"SMITH"},{"floor":23.0,"key":"REST"},{"floor":30.0,"key":"REST"},{"data":"Echo Form","floor":32.0,"key":"SMITH"},{"floor":40,"key":"REST"}],"neow_cost":"","seed_source_timestamp":0,"circlet_count":0,"master_deck":["Bash","Survivor","Zap+1","Strike_G","Strike_B","Defend_R","Defend_G","Defend_B","Tempest+1","Streamline","Auto Shields","Streamline","Rebound","Skim","Defragment+1","BootSequence","Echo Form+1","Tempest+1","Conserve Battery","Coolheaded+1","FTL","Bandage Up","BootSequence+1","Multi-Cast","Storm","Discovery","Conserve Battery","Lockon+1"],"special_seed":17936,"relics":["Cracked Core","Omamori","The Courier","Lantern","Chemical X","Nuclear Battery","Gremlin Horn","Membership Card","Anchor","Unceasing Top","Juzu Bracelet","Cursed Key","Nunchaku","Vajra"],"potions_floor_usage":[39],"damage_taken":[{"damage":0.0,"enemies":"Small Slimes","floor":1.0,"turns":3.0},{"damage":0.0,"enemies":"2 Louse","floor":2.0,"turns":3.0},{"damage":1.0,"enemies":"Cultist","floor":4.0,"turns":3.0},{"damage":1.0,"enemies":"2 Fungi Beasts","floor":7.0,"turns":3.0},{"damage":18.0,"enemies":"Gremlin Nob","floor":8.0,"turns":3.0},{"damage":5.0,"enemies":"Looter","floor":11.0,"turns":3.0},{"damage":2.0,"enemies":"Exordium Thugs","floor":13.0,"turns":3.0},{"damage":46.0,"enemies":"The Guardian","floor":16.0,"turns":8.0},{"damage":0.0,"enemies":"Chosen","floor":18.0,"turns":2.0},{"damage":0.0,"enemies":"3 Byrds","floor":19.0,"turns":2.0},{"damage":20.0,"enemies":"Sentry and Sphere","floor":20.0,"turns":4.0},{"damage":0.0,"enemies":"Cultist and Chosen","floor":22.0,"turns":4.0},{"damage":20.0,"enemies":"3 Cultists","floor":24.0,"turns":4.0},{"damage":0.0,"enemies":"Snake Plant","floor":27.0,"turns":1.0},{"damage":0.0,"enemies":"Book of Stabbing","floor":29.0,"turns":3.0},{"damage":0.0,"enemies":"Chosen and Byrds","floor":31.0,"turns":4.0},{"damage":57,"enemies":"Champ","floor":33,"turns":10},{"damage":25,"enemies":"3 Darklings","floor":35,"turns":4},{"damage":0,"enemies":"3 Shapes","floor":36,"turns":2},{"damage":3,"enemies":"Maw","floor":38,"turns":6},{"damage":20,"enemies":"2 Orb Walkers","floor":39,"turns":4},{"damage":0,"enemies":"Writhing Mass","floor":41,"turns":3},{"damage":24,"enemies":"3 Darklings","floor":42,"turns":4},{"damage":0,"enemies":"Nemesis","floor":44,"turns":1}],"seed_played":"-7331181694979665872","potions_obtained":[{"floor":1.0,"key":"SneckoOil"},{"floor":2.0,"key":"Poison Potion"},{"floor":13.0,"key":"LiquidBronze"},{"floor":16.0,"key":"FocusPotion"},{"floor":24.0,"key":"SkillPotion"},{"floor":27.0,"key":"Energy Potion"},{"floor":29.0,"key":"AttackPotion"},{"floor":41,"key":"Strength Potion"}],"is_trial":false,"path_per_floor":["M","M","?","M","?","R","M","E","T","R","M","?","M","$","R","B",null,"M","M","M","?","M","R","M","?","T","M","$","E","R","M","R","B",null,"M","M","$","M","?","R","M","M","T","E"],"character_chosen":"DEFECT","items_purchased":["Defragment","Chemical X","BootSequence","Membership Card","Anchor","Unceasing Top","Bandage Up","Storm","Discovery"],"campfire_rested":4,"item_purchase_floors":[14,14,14,28,28,28,28,37,37],"current_hp_per_floor":[75,75,75,74,63,63,62,44,44,66,61,61,59,59,59,13,75,75,75,55,48,48,70,50,34,34,34,34,38,60,60,60,7,75,50,54,54,55,39,61,65,45,45,45],"gold":191,"neow_bonus":"","is_prod":false,"is_daily":true,"chose_seed":false,"campfire_upgraded":3,"win_rate":0,"timestamp":1549805377,"path_taken":["M","M","?","M","?","R","M","E","T","R","M","?","M","$","R","BOSS","M","M","M","?","?","R","M","?","T","M","$","E","R","M","R","BOSS","M","M","$","M","?","R","M","M","T","E"],"build_version":"2019-01-23","purchased_purges":1,"victory":false,"max_hp_per_floor":[75,75,75,75,75,75,75,75,75,75,75,75,75,75,75,75,75,75,75,75,75,75,75,75,75,75,75,75,75,75,75,75,75,75,75,75,75,75,75,75,75,75,75,75],"card_choices":[{"not_picked":["Melter","Gash"],"picked":"SKIP","floor":1.0},{"not_picked":["Hello World"],"picked":"Tempest","floor":2.0},{"not_picked":["Steam"],"picked":"Streamline","floor":4.0},{"not_picked":["Coolheaded"],"picked":"Auto Shields","floor":7.0},{"not_picked":["Scrape"],"picked":"Streamline","floor":8.0},{"not_picked":["Gash"],"picked":"Rebound","floor":11.0},{"not_picked":["Beam Cell"],"picked":"Skim","floor":13.0},{"not_picked":["Amplify"],"picked":"Echo Form","floor":16.0},{"not_picked":["Go for the Eyes"],"picked":"Tempest+1","floor":18.0},{"not_picked":["Steam","Ball Lightning+1"],"picked":"SKIP","floor":19.0},{"not_picked":["Go for the Eyes"],"picked":"Conserve Battery","floor":20.0},{"not_picked":["Undo","Stack"],"picked":"SKIP","floor":22.0},{"not_picked":["Ball Lightning"],"picked":"Coolheaded+1","floor":24.0},{"not_picked":["Gash+1"],"picked":"FTL","floor":27.0},{"not_picked":["Tempest"],"picked":"BootSequence+1","floor":29.0},{"not_picked":["Streamline","Steam"],"picked":"SKIP","floor":31.0},{"not_picked":["Fission"],"picked":"Multi-Cast","floor":33},{"not_picked":["Turbo","Ball Lightning"],"picked":"SKIP","floor":35},{"not_picked":["Ball Lightning","Hologram"],"picked":"SKIP","floor":36},{"not_picked":["Ball Lightning","Rebound+1"],"picked":"SKIP","floor":38},{"not_picked":["BootSequence"],"picked":"Conserve Battery","floor":39},{"not_picked":["Ball Lightning+1","Chaos"],"picked":"SKIP","floor":41},{"not_picked":["Turbo+1"],"picked":"Lockon+1","floor":42}],"player_experience":209625,"relics_obtained":[{"floor":8.0,"key":"Omamori"},{"floor":9.0,"key":"The Courier"},{"floor":26.0,"key":"Gremlin Horn"},{"floor":29.0,"key":"Juzu Bracelet"},{"floor":39,"key":"Nunchaku"},{"floor":43,"key":"Vajra"}],"event_choices":[{"damage_healed":0.0,"max_hp_gain":0.0,"max_hp_loss":0.0,"gold_gain":0.0,"event_name":"Living Wall","player_choice":"Grow","floor":3.0,"gold_loss":0.0,"damage_taken":0.0,"cards_upgraded":["Tempest"]},{"damage_healed":0.0,"max_hp_gain":0.0,"max_hp_loss":0.0,"gold_gain":75.0,"event_name":"World of Goop","player_choice":"Gather Gold","floor":5.0,"gold_loss":0.0,"damage_taken":11.0},{"damage_healed":0.0,"max_hp_gain":0.0,"max_hp_loss":0.0,"gold_gain":30.0,"event_name":"Dead Adventurer","player_choice":"Searched \u00272\u0027 times","floor":12.0,"gold_loss":0.0,"damage_taken":0.0,"relics_obtained":["Lantern"]},{"damage_healed":0.0,"max_hp_gain":0.0,"max_hp_loss":0.0,"gold_gain":75.0,"event_name":"FaceTrader","player_choice":"Touch","floor":21.0,"gold_loss":0.0,"damage_taken":7.0},{"damage_healed":0.0,"max_hp_gain":0.0,"max_hp_loss":0.0,"gold_gain":0.0,"event_name":"Cursed Tome","player_choice":"Obtained Book","floor":25.0,"gold_loss":0.0,"damage_taken":16.0},{"damage_healed":0,"gold_gain":0,"player_choice":"Fight","damage_taken":0,"max_hp_gain":0,"max_hp_loss":0,"event_name":"Mysterious Sphere","floor":39,"gold_loss":0}],"is_beta":false,"boss_relics":[{"not_picked":["Philosopher\u0027s Stone","FrozenCore"],"picked":"Nuclear Battery"},{"not_picked":["Black Star","Velvet Choker"],"picked":"Cursed Key"}],"items_purged_floors":[37],"is_endless":false,"potions_floor_spawned":[1,2,13,16,24,27,29,41,42],"killed_by":"Nemesis","ascension_level":0}