{"gold_per_floor":[114,114,129,144,171,183,225,252,264,276,363,26,41,56,56,156,156,171,186,186,36,51,81,81,96,121,136,11,26,56,71,71,171,171,186,201,216,129,0,0,15,15,15,45,60,60,90,90,90,90],"floor_reached":51,"playtime":2824,"items_purged":["Regret","Conserve Battery","Leap"],"score":853,"play_id":"136c871b-0191-4483-8805-b204746e036a","local_time":"20190419104331","daily_mods":["SealedDeck","Vintage","Lethality"],"is_ascension_mode":false,"campfire_choices":[{"data":"Coolheaded","floor":6.0,"key":"SMITH"},{"data":"Coolheaded","floor":15.0,"key":"SMITH"},{"data":"Echo Form","floor":24,"key":"SMITH"},{"floor":32,"key":"REST"},{"data":"Gash","floor":40,"key":"SMITH"},{"data":"Gash","floor":49,"key":"SMITH"}],"neow_cost":"","seed_source_timestamp":0,"circlet_count":0,"master_deck":["Steam+1","Compile Driver","Sweeping Beam","Coolheaded+1","Coolheaded+1","Rebound","Gash+1","Gash+1","Gash+1","Echo Form+1","Coolheaded+1","Beam Cell+1","Hologram+1","Self Repair","Go for the Eyes+1"],"special_seed":18005,"relics":["Cracked Core","Potion Belt","Blue Candle","MawBank","PreservedInsect","Happy Flower","Boot","Question Card","Gremlin Horn","Shuriken","Toxic Egg 2","Pen Nib","Blood Vial","Inserter","Pantograph","Regal Pillow","Nilry\u0027s Codex","Unceasing Top","Bottled Flame","Bag of Preparation","Anchor","Bottled Tornado","Whetstone","Art of War","Matryoshka","Philosopher\u0027s Stone","Omamori","Meat on the Bone","Darkstone Periapt","Red Mask","Orichalcum","Ancient Tea Set","Molten Egg 2","Juzu Bracelet","War Paint","Vajra"],"potions_floor_usage":[22,29,36,50,50,50],"damage_taken":[{"damage":0.0,"enemies":"Jaw Worm","floor":1.0,"turns":2.0},{"damage":0.0,"enemies":"Small Slimes","floor":3.0,"turns":1.0},{"damage":0.0,"enemies":"Cultist","floor":4.0,"turns":2.0},{"damage":0.0,"enemies":"2 Fungi Beasts","floor":5.0,"turns":2.0},{"damage":0.0,"enemies":"Gremlin Nob","floor":7.0,"turns":2.0},{"damage":3.0,"enemies":"Blue Slaver","floor":8.0,"turns":2.0},{"damage":0.0,"enemies":"Lots of Slimes","floor":13.0,"turns":1.0},{"damage":0.0,"enemies":"2 Fungi Beasts","floor":14.0,"turns":2.0},{"damage":37.0,"enemies":"Hexaghost","floor":16.0,"turns":3.0},{"damage":15.0,"enemies":"3 Byrds","floor":18.0,"turns":3.0},{"damage":0.0,"enemies":"Spheric Guardian","floor":19.0,"turns":2.0},{"damage":0,"enemies":"Snecko","floor":22,"turns":4},{"damage":0,"enemies":"Gremlin Leader","floor":23,"turns":2},{"damage":27,"enemies":"Shelled Parasite and Fungi","floor":25,"turns":2},{"damage":0,"enemies":"3 Cultists","floor":27,"turns":2},{"damage":1,"enemies":"Snake Plant","floor":29,"turns":2},{"damage":8,"enemies":"Book of Stabbing","floor":30,"turns":2},{"damage":9,"enemies":"Snecko","floor":31,"turns":3},{"damage":9,"enemies":"Champ","floor":33,"turns":4},{"damage":0,"enemies":"3 Darklings","floor":35,"turns":1},{"damage":12,"enemies":"3 Shapes","floor":36,"turns":2},{"damage":0,"enemies":"Writhing Mass","floor":37,"turns":2},{"damage":0,"enemies":"3 Darklings","floor":41,"turns":2},{"damage":0,"enemies":"Reptomancer","floor":44,"turns":2},{"damage":0,"enemies":"Transient","floor":45,"turns":5},{"damage":1,"enemies":"Nemesis","floor":47,"turns":4},{"damage":36,"enemies":"Time Eater","floor":50,"turns":4}],"seed_played":"4326965394540901003","potions_obtained":[{"floor":5.0,"key":"PowerPotion"},{"floor":7.0,"key":"SpeedPotion"},{"floor":14.0,"key":"LiquidBronze"},{"floor":16.0,"key":"SpeedPotion"},{"floor":18.0,"key":"Ancient Potion"},{"floor":25,"key":"Weak Potion"},{"floor":33,"key":"Poison Potion"},{"floor":36,"key":"PowerPotion"},{"floor":46,"key":"AttackPotion"}],"is_trial":false,"path_per_floor":["M","?","M","M","M","R","E","M","T","?","T","$","M","M","R","B",null,"M","M","?","$","M","E","R","M","T","M","$","M","E","M","R","B",null,"M","M","M","$","?","R","M","?","T","E","M","?","E","$","R","B",null],"character_chosen":"DEFECT","items_purchased":["Toxic Egg 2","Gash","Coolheaded+1","Hologram+1","Self Repair"],"campfire_rested":1,"item_purchase_floors":[12,12,21,38,38],"current_hp_per_floor":[75,68,68,68,68,68,68,65,65,65,65,65,65,65,65,30,75,60,62,46,46,48,50,50,25,25,27,27,28,22,15,52,66,75,75,63,65,65,65,65,67,67,67,69,75,75,75,75,75,46],"gold":90,"neow_bonus":"","is_prod":false,"is_daily":true,"chose_seed":false,"campfire_upgraded":5,"win_rate":0,"timestamp":1555663411,"path_taken":["M","?","M","M","M","R","E","M","T","?","?","$","M","M","R","BOSS","M","M","?","$","M","E","R","M","T","M","$","M","E","M","R","BOSS","M","M","M","$","?","R","M","?","T","E","M","?","E","$","R","BOSS"],"build_version":"2019-01-23","purchased_purges":3,"victory":true,"max_hp_per_floor":[75,75,75,75,75,75,75,75,75,75,75,75,75,75,75,75,75,75,75,75,75,75,75,75,75,75,75,75,75,75,75,75,75,75,75,75,75,75,75,75,75,75,75,75,75,75,75,75,75,75],"card_choices":[{"not_picked":["Reprogram","Steam"],"picked":"Gash","floor":7.0},{"not_picked":["Electrodynamics","Reboot+1","Biased Cognition"],"picked":"Echo Form","floor":16.0},{"not_picked":["Recycle+1","Aggregate+1","Leap+1"],"picked":"Beam Cell","floor":23},{"not_picked":["Streamline","Consume+1","Barrage"],"picked":"Capacitor+1","floor":30},{"not_picked":["Lockon+1","Skim+1","Buffer"],"picked":"Go for the Eyes+1","floor":44},{"not_picked":["Streamline+1","Compile Driver+1","Tempest+1","Aggregate+1"],"picked":"SKIP","floor":47}],"player_experience":473498,"relics_obtained":[{"floor":1.0,"key":"Potion Belt"},{"floor":3.0,"key":"Blue Candle"},{"floor":4.0,"key":"MawBank"},{"floor":5.0,"key":"PreservedInsect"},{"floor":7.0,"key":"Happy Flower"},{"floor":8.0,"key":"Boot"},{"floor":9.0,"key":"Question Card"},{"floor":11.0,"key":"Shuriken"},{"floor":13.0,"key":"Pen Nib"},{"floor":14.0,"key":"Blood Vial"},{"floor":18.0,"key":"Pantograph"},{"floor":19.0,"key":"Regal Pillow"},{"floor":20,"key":"Nilry\u0027s Codex"},{"floor":22,"key":"Unceasing Top"},{"floor":23,"key":"Bottled Flame"},{"floor":25,"key":"Bag of Preparation"},{"floor":26,"key":"Anchor"},{"floor":27,"key":"Bottled Tornado"},{"floor":29,"key":"Whetstone"},{"floor":30,"key":"Art of War"},{"floor":31,"key":"Matryoshka"},{"floor":35,"key":"Omamori"},{"floor":36,"key":"Meat on the Bone"},{"floor":37,"key":"Darkstone Periapt"},{"floor":41,"key":"Orichalcum"},{"floor":43,"key":"Ancient Tea Set"},{"floor":43,"key":"Molten Egg 2"},{"floor":44,"key":"Juzu Bracelet"},{"floor":45,"key":"War Paint"},{"floor":47,"key":"Vajra"}],"event_choices":[{"cards_removed":["Steam"],"damage_healed":0.0,"max_hp_gain":0.0,"max_hp_loss":0.0,"gold_gain":0.0,"event_name":"Golden Wing","player_choice":"Card Removal","floor":2.0,"gold_loss":0.0,"damage_taken":7.0},{"damage_healed":0.0,"max_hp_gain":0.0,"max_hp_loss":0.0,"gold_gain":0.0,"event_name":"Big Fish","player_choice":"Box","floor":10.0,"gold_loss":0.0,"damage_taken":0.0,"relics_obtained":["Gremlin Horn"],"cards_obtained":["Regret"]},{"damage_healed":0,"gold_gain":0,"player_choice":"Obtained Book","damage_taken":16,"max_hp_gain":0,"max_hp_loss":0,"event_name":"Cursed Tome","floor":20,"gold_loss":0},{"damage_healed":0,"gold_gain":0,"player_choice":"Paid","damage_taken":0,"relics_obtained":["Red Mask"],"max_hp_gain":0,"max_hp_loss":0,"event_name":"Tomb of Lord Red Mask","floor":39,"gold_loss":129},{"cards_removed":["Capacitor"],"damage_healed":0,"gold_gain":0,"player_choice":"Removed Power","damage_taken":0,"max_hp_gain":0,"max_hp_loss":0,"event_name":"Falling","floor":42,"gold_loss":0},{"damage_healed":0,"gold_gain":0,"player_choice":"Got Potions","damage_taken":0,"max_hp_gain":0,"max_hp_loss":0,"event_name":"Lab","floor":46,"gold_loss":0}],"is_beta":false,"boss_relics":[{"not_picked":["Eternal Feather","White Beast Statue"],"picked":"Inserter"},{"not_picked":["Nuclear Battery","Orrery"],"picked":"Philosopher\u0027s Stone"}],"items_purged_floors":[12,21,28],"is_endless":false,"potions_floor_spawned":[5,7,14,16,18,25,33,36,45],"ascension_level":0}