{"gold_per_floor":[214,54,74,74,90,124,139,139,139,139,19,36,54,81,81,81],"floor_reached":16,"playtime":519,"items_purged":["Strike_R"],"score":218,"play_id":"a7e9812f-5276-4607-80ae-4516c247d616","local_time":"20190530183652","is_ascension_mode":true,"campfire_choices":[{"data":"Uppercut","floor":8,"key":"SMITH"},{"data":"Bash","floor":15,"key":"SMITH"}],"neow_cost":"NONE","seed_source_timestamp":341950046801300,"circlet_count":0,"master_deck":["AscendersBane","Strike_R","Strike_R+1","Strike_R","Strike_R","Defend_R","Defend_R+1","Defend_R+1","Defend_R+1","Bash+1","Seeing Red","Uppercut+1","Cleave","Immolate","Feel No Pain+1"],"relics":["Burning Blood","Orichalcum","Frozen Egg 2","Bottled Lightning","War Paint"],"potions_floor_usage":[6,16,16],"damage_taken":[{"damage":13,"enemies":"Small Slimes","floor":1,"turns":4},{"damage":0,"enemies":"2 Louse","floor":3,"turns":4},{"damage":0,"enemies":"Jaw Worm","floor":5,"turns":3},{"damage":22,"enemies":"3 Sentries","floor":6,"turns":6},{"damage":3,"enemies":"Exordium Thugs","floor":7,"turns":3},{"damage":0,"enemies":"3 Louse","floor":12,"turns":1},{"damage":5,"enemies":"Blue Slaver","floor":13,"turns":2},{"damage":12,"enemies":"Gremlin Nob","floor":14,"turns":4},{"damage":51,"enemies":"Slime Boss","floor":16,"turns":10}],"seed_played":"-8803778385500016133","potions_obtained":[{"floor":1,"key":"Strength Potion"},{"floor":12,"key":"Weak Potion"},{"floor":14,"key":"Weak Potion"}],"is_trial":false,"path_per_floor":["M","$","M","?","M","E","M","R","T","?","$","M","M","E","R","B"],"character_chosen":"IRONCLAD","items_purchased":["Orichalcum","Feel No Pain+1"],"campfire_rested":0,"item_purchase_floors":[2,11],"current_hp_per_floor":[61,61,67,44,50,34,37,37,37,42,42,48,49,43,43,0],"gold":81,"neow_bonus":"HUNDRED_GOLD","is_prod":false,"is_daily":false,"chose_seed":false,"campfire_upgraded":2,"win_rate":0,"timestamp":1559266612,"path_taken":["M","$","M","?","M","E","M","R","T","?","?","?","M","E","R","BOSS"],"build_version":"2019-01-23","purchased_purges":1,"victory":false,"max_hp_per_floor":[75,75,75,75,75,75,75,75,75,80,80,80,80,80,80,80],"card_choices":[{"not_picked":["Second Wind","Havoc"],"picked":"Seeing Red","floor":1},{"not_picked":["Rage","Flex"],"picked":"Uppercut","floor":3},{"not_picked":["Blood for Blood","Shrug It Off"],"picked":"Cleave","floor":5},{"not_picked":["Iron Wave","True Grit"],"picked":"Immolate","floor":6},{"not_picked":["Cleave","Infernal Blade","Rage"],"picked":"SKIP","floor":7},{"not_picked":["True Grit","Flex","Clash"],"picked":"SKIP","floor":12},{"not_picked":["Exhume","Anger","Headbutt"],"picked":"SKIP","floor":13},{"not_picked":["Burning Pact","Rupture+1","True Grit"],"picked":"SKIP","floor":14}],"player_experience":498206,"relics_obtained":[{"floor":6,"key":"Frozen Egg 2"},{"floor":9,"key":"Bottled Lightning"},{"floor":14,"key":"War Paint"}],"event_choices":[{"damage_healed":0,"gold_gain":0,"player_choice":"Entered Light","damage_taken":23,"max_hp_gain":0,"max_hp_loss":0,"event_name":"Shining Light","floor":4,"gold_loss":0,"cards_upgraded":["Defend_R","Strike_R"]},{"damage_healed":0,"gold_gain":0,"player_choice":"Donut","damage_taken":0,"max_hp_gain":5,"max_hp_loss":0,"event_name":"Big Fish","floor":10,"gold_loss":0}],"is_beta":false,"boss_relics":[],"items_purged_floors":[11],"is_endless":false,"potions_floor_spawned":[1,12,14],"killed_by":"Slime Boss","ascension_level":19}