{"gold_per_floor":[359,377,302,315,327,327,358,358,411,446,457,467,494,509,509,583,583,595,610,625,625,643,643,656,266,293,293,311,321,12,12,12,84,84,94,44,62,77,91,91,91,91,91,91,0,10,42,62,62,62,62,62,62,12,39,39],"floor_reached":57,"playtime":5209,"items_purged":["Pain","Streamline","Rebound"],"score":2710,"play_id":"838c8346-61d8-4353-858c-0f5e2bf4d375","local_time":"20181123170332","is_ascension_mode":true,"campfire_choices":[{"data":"Zap","floor":6.0,"key":"SMITH"},{"floor":8.0,"key":"REST"},{"data":"Static Discharge","floor":15.0,"key":"SMITH"},{"floor":23.0,"key":"REST"},{"data":"Storm","floor":27.0,"key":"SMITH"},{"data":"Buffer","floor":32.0,"key":"SMITH"},{"data":"Defragment","floor":40.0,"key":"SMITH"},{"data":"Creative AI","floor":42.0,"key":"SMITH"},{"data":"Heatsinks","floor":44.0,"key":"SMITH"},{"floor":49.0,"key":"RECALL"},{"data":"Hello World","floor":53.0,"key":"SMITH"}],"neow_cost":"PERCENT_DAMAGE","seed_source_timestamp":0,"circlet_count":0,"master_deck":["AscendersBane","Zap+1","Dualcast","Cold Snap","Compile Driver","Self Repair","Cold Snap","Storm+1","Static Discharge+1","Amplify+1","Stack+1","Chaos+1","Biased Cognition","Defragment+1","White Noise+1","Turbo+1","Reinforced Body+1","Heatsinks+1","Go for the Eyes","Force Field+1","Capacitor","Creative AI+1","Buffer+1","Fission+1","Sweeping Beam","Go for the Eyes","Double Energy+1","Hologram+1","Coolheaded+1","Hello World+1","Heatsinks","Coolheaded+1","Recycle+1","Lockon+1"],"special_seed":0,"relics":["Cracked Core","Toxic Egg 2","Orichalcum","Smiling Mask","Orrery","WarpedTongs","Torii","Juzu Bracelet","Runic Capacitor","Pandora\u0027s Box","Gremlin Horn","Red Mask","Matryoshka","Du-Vu Doll"],"potions_floor_usage":[56,56],"damage_taken":[{"damage":7.0,"enemies":"Jaw Worm","floor":1.0,"turns":4.0},{"damage":0.0,"enemies":"Cultist","floor":2.0,"turns":3.0},{"damage":4.0,"enemies":"2 Louse","floor":4.0,"turns":2.0},{"damage":16.0,"enemies":"Gremlin Gang","floor":5.0,"turns":7.0},{"damage":18.0,"enemies":"3 Sentries","floor":7.0,"turns":8.0},{"damage":28.0,"enemies":"Gremlin Nob","floor":10.0,"turns":4.0},{"damage":2.0,"enemies":"3 Louse","floor":11.0,"turns":4.0},{"damage":1.0,"enemies":"2 Fungi Beasts","floor":12.0,"turns":3.0},{"damage":14.0,"enemies":"Exordium Wildlife","floor":14.0,"turns":5.0},{"damage":17.0,"enemies":"Hexaghost","floor":16.0,"turns":8.0},{"damage":21.0,"enemies":"3 Byrds","floor":18.0,"turns":3.0},{"damage":15.0,"enemies":"Spheric Guardian","floor":19.0,"turns":4.0},{"damage":15.0,"enemies":"Snecko","floor":20.0,"turns":4.0},{"damage":26.0,"enemies":"Snake Plant","floor":22.0,"turns":4.0},{"damage":15.0,"enemies":"Cultist and Chosen","floor":24.0,"turns":4.0},{"damage":0.0,"enemies":"Chosen and Byrds","floor":28.0,"turns":3.0},{"damage":16.0,"enemies":"Snecko","floor":29.0,"turns":3.0},{"damage":18.0,"enemies":"Collector","floor":33.0,"turns":6.0},{"damage":7.0,"enemies":"Orb Walker","floor":35.0,"turns":4.0},{"damage":22.0,"enemies":"3 Darklings","floor":37.0,"turns":4.0},{"damage":17.0,"enemies":"Sphere and 2 Shapes","floor":38.0,"turns":3.0},{"damage":0.0,"enemies":"Transient","floor":39.0,"turns":6.0},{"damage":0.0,"enemies":"Maw","floor":46.0,"turns":7.0},{"damage":1.0,"enemies":"Giant Head","floor":47.0,"turns":6.0},{"damage":0.0,"enemies":"Sphere and 2 Shapes","floor":48.0,"turns":2.0},{"damage":15.0,"enemies":"Awakened One","floor":50.0,"turns":4.0},{"damage":0.0,"enemies":"Donu and Deca","floor":51.0,"turns":7.0},{"damage":7.0,"enemies":"Shield and Spear","floor":55.0,"turns":4.0},{"damage":50,"enemies":"The Heart","floor":56,"turns":8}],"seed_played":"-808586600759123904","potions_obtained":[{"floor":1.0,"key":"Fire Potion"},{"floor":4.0,"key":"FearPotion"},{"floor":7.0,"key":"FearPotion"},{"floor":14.0,"key":"FearPotion"},{"floor":18.0,"key":"FearPotion"},{"floor":19.0,"key":"FearPotion"},{"floor":24.0,"key":"LiquidBronze"},{"floor":39.0,"key":"Energy Potion"},{"floor":47.0,"key":"FocusPotion"},{"floor":55.0,"key":"Explosive Potion"}],"is_trial":false,"path_per_floor":["M","M","?","M","M","R","E","R","T","E","M","M","T","M","R","B",null,"M","M","M","?","M","R","M","$","T","R","M","M","$","?","R","B",null,"M","$","M","M","M","R","?","R","T","R","?","M","E","M","R","B","B",null,"R","$","E","B",null],"character_chosen":"DEFECT","items_purchased":["Torii","Creative AI","Runic Capacitor"],"campfire_rested":2,"item_purchase_floors":[25,30,30],"current_hp_per_floor":[39,39,39,35,26,26,15,36,36,15,20,26,26,19,19,9,56,49,41,33,33,7,28,27,27,27,27,37,21,21,21,21,13,57,60,60,52,42,56,56,56,56,56,56,56,63,71,71,71,70,71,71,71,71,71,21],"gold":39,"neow_bonus":"TWO_FIFTY_GOLD","is_prod":false,"is_daily":false,"chose_seed":false,"campfire_upgraded":8,"win_rate":0,"timestamp":1542989012,"path_taken":["M","M","?","M","M","R","E","R","T","E","M","M","?","?","R","BOSS","M","M","M","?","?","R","M","?","T","R","M","M","$","?","R","BOSS","M","$","M","M","M","R","?","R","T","R","?","M","E","M","R","BOSS","BOSS","R","$","E","BOSS"],"build_version":"2018-11-15","purchased_purges":3,"victory":true,"max_hp_per_floor":[71,71,71,71,71,71,71,71,71,71,71,71,71,71,71,71,71,71,71,71,71,71,71,71,71,71,71,71,71,71,71,71,71,71,71,71,71,71,71,71,71,71,71,71,71,71,71,71,71,71,71,71,71,71,71,71],"card_choices":[{"not_picked":["Darkness","Chill"],"picked":"Cold Snap","floor":1.0},{"not_picked":["Turbo","Double Energy"],"picked":"Compile Driver","floor":2.0},{"not_picked":["Ball Lightning","Compile Driver"],"picked":"Self Repair","floor":4.0},{"not_picked":["Darkness","Redo"],"picked":"Cold Snap","floor":5.0},{"not_picked":["Stack","Steam"],"picked":"Storm","floor":7.0},{"not_picked":["Chaos+1","Stack+1"],"picked":"Static Discharge","floor":10.0},{"not_picked":["Beam Cell","Steam Power+1"],"picked":"Amplify+1","floor":11.0},{"not_picked":["Redo+1","Barrage"],"picked":"Stack+1","floor":12.0},{"not_picked":["Beam Cell","Rebound"],"picked":"Chaos+1","floor":14.0},{"not_picked":["Seek+1","Reboot+1"],"picked":"Biased Cognition","floor":16.0},{"not_picked":["Ball Lightning","Rebound"],"picked":"Defragment","floor":17.0},{"not_picked":["Coolheaded+1","Go for the Eyes"],"picked":"White Noise+1","floor":17.0},{"not_picked":["Leap+1","Streamline"],"picked":"Turbo+1","floor":17.0},{"not_picked":["Go for the Eyes","Streamline"],"picked":"Reinforced Body+1","floor":18.0},{"not_picked":["Self Repair","Streamline"],"picked":"Heatsinks","floor":19.0},{"not_picked":["Gash","Cold Snap","Double Energy+1"],"picked":"SKIP","floor":20.0},{"not_picked":["Redo+1","Sweeping Beam","Melter"],"picked":"SKIP","floor":22.0},{"not_picked":["Scrape+1","Sweeping Beam"],"picked":"Go for the Eyes","floor":24.0},{"not_picked":["Gash","Sweeping Beam"],"picked":"Force Field+1","floor":28.0},{"not_picked":["Hologram+1","Compile Driver"],"picked":"Capacitor","floor":29.0},{"not_picked":["Machine Learning","Electrodynamics"],"picked":"Fission+1","floor":33.0},{"not_picked":["Steam+1","Cold Snap","Streamline"],"picked":"SKIP","floor":35.0},{"not_picked":["Static Discharge","Streamline"],"picked":"Hello World","floor":37.0},{"not_picked":["Darkness+1","Creative AI"],"picked":"Heatsinks","floor":38.0},{"not_picked":["Sweeping Beam","Self Repair+1"],"picked":"Coolheaded+1","floor":39.0},{"not_picked":["Cold Snap","Ball Lightning","Aggregate+1"],"picked":"SKIP","floor":46.0},{"not_picked":["Chill+1","Sweeping Beam"],"picked":"Recycle+1","floor":47.0},{"not_picked":["Hologram+1","Sweeping Beam"],"picked":"Lockon+1","floor":48.0},{"not_picked":["Meteor Strike","Cold Snap+1","Melter"],"picked":"SKIP","floor":55.0}],"player_experience":1100662,"relics_obtained":[{"floor":7.0,"key":"Toxic Egg 2"},{"floor":10.0,"key":"Orichalcum"},{"floor":13.0,"key":"Smiling Mask"},{"floor":26.0,"key":"Juzu Bracelet"},{"floor":43.0,"key":"Gremlin Horn"},{"floor":47.0,"key":"Matryoshka"},{"floor":55.0,"key":"Du-Vu Doll"}],"event_choices":[{"cards_removed":["Strike_B"],"damage_healed":0.0,"max_hp_gain":0.0,"max_hp_loss":0.0,"gold_gain":0.0,"event_name":"The Cleric","player_choice":"Card Removal","floor":3.0,"gold_loss":75.0,"damage_taken":0.0},{"damage_healed":0.0,"max_hp_gain":0.0,"max_hp_loss":0.0,"gold_gain":0.0,"event_name":"Accursed Blacksmith","player_choice":"Rummage","floor":21.0,"gold_loss":0.0,"damage_taken":0.0,"relics_obtained":["WarpedTongs"],"cards_obtained":["Pain"]},{"damage_healed":0.0,"max_hp_gain":0.0,"max_hp_loss":0.0,"gold_gain":0.0,"event_name":"The Library","player_choice":"Read","floor":31.0,"gold_loss":0.0,"damage_taken":0.0,"cards_obtained":["Buffer"]},{"damage_healed":0.0,"max_hp_gain":0.0,"max_hp_loss":0.0,"gold_gain":0.0,"event_name":"SecretPortal","player_choice":"Ignored","floor":41.0,"gold_loss":0.0,"damage_taken":0.0},{"damage_healed":0.0,"max_hp_gain":0.0,"max_hp_loss":0.0,"gold_gain":0.0,"event_name":"Tomb of Lord Red Mask","player_choice":"Paid","floor":45.0,"gold_loss":91.0,"damage_taken":0.0,"relics_obtained":["Red Mask"]}],"is_beta":true,"boss_relics":[{"not_picked":["Eternal Feather","Nuclear Battery"],"picked":"Orrery"},{"not_picked":["Black Star","Astrolabe"],"picked":"Pandora\u0027s Box"}],"items_purged_floors":[25,36,54],"is_endless":false,"potions_floor_spawned":[1,4,7,14,18,19,22,24,39,47,48,55],"ascension_level":20}