{"gold_per_floor":[114,127,147,163,224,224,251,251,322,322,347,39,52,69,69,169,169,181,231,1,17,17,17,29,43,43,43,61,76,111,111,111,209,209,226,77,93,106,118,143,159,176,176,176,207,17,42,42,42,42],"floor_reached":51,"playtime":5379,"items_purged":["Strike_G"],"score":1419,"play_id":"305a3136-525f-4ac4-bb55-ac3652b777dc","local_time":"20190429192905","is_ascension_mode":true,"campfire_choices":[{"data":"Dash","floor":6.0,"key":"SMITH"},{"data":"Bouncing Flask","floor":8.0,"key":"SMITH"},{"floor":10.0,"key":"REST"},{"data":"Crippling Poison","floor":15,"key":"SMITH"},{"data":"Footwork","floor":23,"key":"SMITH"},{"data":"After Image","floor":27,"key":"SMITH"},{"floor":32,"key":"REST"},{"floor":49,"key":"REST"}],"neow_cost":"NONE","seed_source_timestamp":20439074950605,"circlet_count":0,"master_deck":["AscendersBane","Defend_G","Defend_G","Defend_G+1","Defend_G","Defend_G","Strike_G","Strike_G","Strike_G","Strike_G","Survivor","Neutralize+1","Finisher","Well Laid Plans","Bouncing Flask+1","Dash+1","Infinite Blades","Corpse Explosion","Crippling Poison+1","Deadly Poison","Acrobatics","After Image+1","Blade Dance","Footwork+1","Blur","Deadly Poison","Calculated Gamble","Cloak And Dagger+1","Envenom","Dash+1","Necronomicurse","After Image+1","PiercingWail","Predator+1","PiercingWail+1","Crippling Poison+1","Catalyst+1","Crippling Poison+1","Choke+1","Footwork+1","Bullet Time","Flash of Steel+1"],"special_seed":0,"relics":["Ring of the Serpent","FossilizedHelix","Question Card","Vajra","Lantern","Bag of Preparation","Molten Egg 2","Frozen Egg 2","Necronomicon","Sozu","PreservedInsect","Orichalcum","Omamori","War Paint","Smiling Mask"],"potions_floor_usage":[11,16,24,30,30,50],"damage_taken":[{"damage":1.0,"enemies":"2 Louse","floor":1.0,"turns":3.0},{"damage":4.0,"enemies":"Jaw Worm","floor":2.0,"turns":4.0},{"damage":7.0,"enemies":"Cultist","floor":3.0,"turns":4.0},{"damage":7.0,"enemies":"3 Louse","floor":4.0,"turns":5.0},{"damage":15.0,"enemies":"Gremlin Nob","floor":7.0,"turns":5.0},{"damage":14,"enemies":"3 Sentries","floor":11,"turns":9},{"damage":2,"enemies":"Exordium Thugs","floor":13,"turns":4},{"damage":0,"enemies":"2 Fungi Beasts","floor":14,"turns":2},{"damage":0,"enemies":"Slime Boss","floor":16,"turns":10},{"damage":0,"enemies":"Shell Parasite","floor":18,"turns":5},{"damage":8,"enemies":"3 Byrds","floor":21,"turns":5},{"damage":0,"enemies":"Snecko","floor":24,"turns":5},{"damage":0,"enemies":"Centurion and Healer","floor":25,"turns":5},{"damage":4,"enemies":"Cultist and Chosen","floor":28,"turns":10},{"damage":0,"enemies":"Chosen and Byrds","floor":29,"turns":6},{"damage":17,"enemies":"Slavers","floor":30,"turns":5},{"damage":26,"enemies":"Champ","floor":33,"turns":13},{"damage":7,"enemies":"3 Darklings","floor":35,"turns":4},{"damage":0,"enemies":"Orb Walker","floor":37,"turns":4},{"damage":0,"enemies":"Transient","floor":38,"turns":5},{"damage":1,"enemies":"Writhing Mass","floor":39,"turns":7},{"damage":0,"enemies":"Nemesis","floor":40,"turns":7},{"damage":2,"enemies":"Spire Growth","floor":41,"turns":5},{"damage":0,"enemies":"Jaw Worm Horde","floor":42,"turns":3},{"damage":0,"enemies":"Giant Head","floor":45,"turns":8},{"damage":25,"enemies":"Reptomancer","floor":47,"turns":5},{"damage":0,"enemies":"Donu and Deca","floor":50,"turns":11}],"seed_played":"-4770459308318228629","potions_obtained":[{"floor":1.0,"key":"Poison Potion"},{"floor":7.0,"key":"Regen Potion"},{"floor":11,"key":"SteroidPotion"},{"floor":13,"key":"SpeedPotion"},{"floor":22,"key":"Poison Potion"},{"floor":22,"key":"GamblersBrew"},{"floor":25,"key":"Regen Potion"},{"floor":33,"key":"GhostInAJar"}],"is_trial":false,"path_per_floor":["M","M","M","M","?","R","E","R","T","R","E","$","M","M","R","B",null,"M","?","$","M","?","R","M","M","T","R","M","M","E","?","R","B",null,"M","$","M","M","M","E","M","M","T","?","E","$","E","?","R","B",null],"character_chosen":"THE_SILENT","items_purchased":["Crippling Poison","Lantern","Footwork","Bag of Preparation","PreservedInsect","War Paint","Footwork+1"],"campfire_rested":3,"item_purchase_floors":[12,12,20,20,36,46,46],"current_hp_per_floor":[62,58,51,44,44,44,29,29,29,50,51,51,49,49,49,49,65,65,65,65,57,57,57,57,57,57,57,53,53,50,34,55,29,60,53,53,53,53,52,52,50,50,50,50,50,50,25,20,41,41],"gold":42,"neow_bonus":"UPGRADE_CARD","is_prod":false,"is_daily":false,"chose_seed":false,"campfire_upgraded":5,"win_rate":0,"timestamp":1556558945,"path_taken":["M","M","M","M","?","R","E","R","T","R","E","$","M","M","R","BOSS","M","?","$","?","?","R","M","M","T","R","M","?","E","?","R","BOSS","M","$","M","M","M","E","M","M","T","?","E","?","E","?","R","BOSS"],"build_version":"2019-01-23","purchased_purges":1,"victory":true,"max_hp_per_floor":[70,70,70,70,70,70,70,70,70,70,70,70,70,70,70,70,70,70,70,70,70,70,70,70,70,70,70,70,70,70,70,70,70,70,70,70,70,70,70,70,70,70,70,70,70,70,70,70,70,70],"card_choices":[{"not_picked":["Heel Hook","Quick Slash"],"picked":"Finisher","floor":1.0},{"not_picked":["Blur","Accuracy"],"picked":"Well Laid Plans","floor":2.0},{"not_picked":["Dodge and Roll","Prepared"],"picked":"Bouncing Flask","floor":3.0},{"not_picked":["Flechettes","Slice"],"picked":"Dash","floor":4.0},{"not_picked":["Reflex","Flying Knee"],"picked":"Infinite Blades","floor":7.0},{"not_picked":["PiercingWail","Infinite Blades","Acrobatics"],"picked":"Corpse Explosion","floor":11},{"not_picked":["Well Laid Plans","Dagger Throw","Heel Hook"],"picked":"Deadly Poison","floor":13},{"not_picked":["Underhanded Strike","Backflip","Endless Agony"],"picked":"Acrobatics","floor":14},{"not_picked":["Venomology","A Thousand Cuts","Phantasmal Killer"],"picked":"After Image","floor":16},{"not_picked":["Finisher","Acrobatics","Flechettes"],"picked":"Blade Dance","floor":18},{"not_picked":["Expertise","Outmaneuver","Dash"],"picked":"Blur","floor":21},{"not_picked":["Poisoned Stab","Sucker Punch","Dodge and Roll"],"picked":"Deadly Poison","floor":24},{"not_picked":["Acrobatics","Expertise","Outmaneuver"],"picked":"Calculated Gamble","floor":25},{"not_picked":["Acrobatics","Flying Knee+1","Outmaneuver"],"picked":"Cloak And Dagger+1","floor":28},{"not_picked":["Expertise","Cloak And Dagger","Deflect"],"picked":"Envenom","floor":29},{"not_picked":["Distraction+1","Storm of Steel","Well Laid Plans"],"picked":"Dash+1","floor":30},{"not_picked":["Unload+1","Tools of the Trade+1","Adrenaline"],"picked":"After Image+1","floor":33},{"not_picked":["Distraction","Accuracy+1","Heel Hook+1"],"picked":"PiercingWail","floor":35},{"not_picked":["Sucker Punch+1","Dodge and Roll","Flechettes+1"],"picked":"Predator+1","floor":37},{"not_picked":["Distraction","Concentrate","Underhanded Strike+1","Prepared"],"picked":"SKIP","floor":38},{"not_picked":["Cloak And Dagger","Envenom+1","Poisoned Stab+1"],"picked":"PiercingWail+1","floor":39},{"not_picked":["Flying Knee+1","Choke+1","Corpse Explosion"],"picked":"Crippling Poison","floor":40},{"not_picked":["Outmaneuver","PiercingWail+1","Riddle With Holes+1","Dagger Throw+1"],"picked":"SKIP","floor":41},{"not_picked":["PiercingWail+1","Masterful Stab+1","Sucker Punch+1"],"picked":"Catalyst+1","floor":42},{"not_picked":["Poisoned Stab+1","Riddle With Holes+1","Caltrops+1"],"picked":"Choke+1","floor":45},{"not_picked":["Slice+1","Deflect","Poisoned Stab+1"],"picked":"Bullet Time","floor":47},{"not_picked":["Discovery","Jack Of All Trades","The Bomb"],"picked":"Flash of Steel+1","floor":48}],"player_experience":557414,"relics_obtained":[{"floor":7.0,"key":"FossilizedHelix"},{"floor":9.0,"key":"Question Card"},{"floor":11,"key":"Vajra"},{"floor":26,"key":"Molten Egg 2"},{"floor":30,"key":"Frozen Egg 2"},{"floor":31,"key":"Necronomicon"},{"floor":40,"key":"Orichalcum"},{"floor":45,"key":"Omamori"},{"floor":47,"key":"Smiling Mask"}],"event_choices":[{"damage_healed":0.0,"max_hp_gain":0.0,"max_hp_loss":0.0,"gold_gain":61.0,"event_name":"Golden Wing","player_choice":"Gained Gold","floor":5.0,"gold_loss":0.0,"damage_taken":0.0},{"damage_healed":0,"gold_gain":100,"player_choice":"Bet on Murderer","damage_taken":0,"max_hp_gain":0,"max_hp_loss":0,"event_name":"The Joust","floor":19,"gold_loss":50},{"damage_healed":0,"gold_gain":0,"player_choice":"Got Potions","damage_taken":0,"max_hp_gain":0,"max_hp_loss":0,"event_name":"Lab","floor":22,"gold_loss":0},{"damage_healed":0,"gold_gain":0,"player_choice":"Obtained Book","damage_taken":16,"max_hp_gain":0,"max_hp_loss":0,"event_name":"Cursed Tome","floor":31,"gold_loss":0},{"damage_healed":0,"gold_gain":0,"player_choice":"Copied","damage_taken":0,"max_hp_gain":0,"max_hp_loss":0,"event_name":"Duplicator","floor":44,"gold_loss":0,"cards_obtained":["Crippling Poison"]},{"damage_healed":0,"gold_gain":0,"player_choice":"Memory 2","damage_taken":5,"max_hp_gain":0,"max_hp_loss":0,"event_name":"SensoryStone","floor":48,"gold_loss":0}],"is_beta":false,"boss_relics":[{"not_picked":["Lizard Tail","Pandora\u0027s Box"],"picked":"Ring of the Serpent"},{"not_picked":["Runic Dome","Black Star"],"picked":"Sozu"}],"items_purged_floors":[12],"is_endless":false,"potions_floor_spawned":[1,7,11,13,14,25,28,29,33,37,39,40,41],"ascension_level":12}