{"path_per_floor":["M","M","$","M","M","E","R","E","T","M","?","?","E","?","R"],"character_chosen":"IRONCLAD","items_purchased":["Shrug It Off","Heavy Blade"],"gold_per_floor":[114,124,25,37,51,78,78,104,131,148,209,184,249,249,249,249],"floor_reached":16,"campfire_rested":1,"playtime":1129,"item_purchase_floors":[3,3],"current_hp_per_floor":[80,79,79,80,80,59,59,45,45,51,51,51,32,29,53,0],"items_purged":[],"gold":249,"score":144,"play_id":"2086ec7a-218c-41b7-885e-7c5d1617ad2e","local_time":"20180609230531","is_prod":false,"is_daily":false,"chose_seed":false,"is_ascension_mode":true,"campfire_upgraded":1,"win_rate":0,"timestamp":1528556731,"campfire_choices":[{"data":"Intimidate","floor":7,"key":"SMITH"},{"floor":15,"key":"REST"}],"path_taken":["M","M","$","M","M","E","R","E","T","M","?","?","E","?","R","BOSS"],"build_version":"2018-06-07v3","seed_source_timestamp":1850600481806501,"purchased_purges":0,"victory":false,"master_deck":["Strike_R","Strike_R","Strike_R","Strike_R","Strike_R","Defend_R","Defend_R","Defend_R","Defend_R","Bash","Pommel Strike","Intimidate+1","Shrug It Off","Heavy Blade","Shrug It Off","Shrug It Off","Offering","Pummel","True Grit","Whirlwind"],"max_hp_per_floor":[80,80,80,80,80,80,80,80,80,80,80,80,80,80,80,80],"relics":["Burning Blood","Gambling Chip","Lantern","Dream Catcher","Anchor","Tiny Chest","Blood Vial"],"card_choices":[{"not_picked":["Anger","Sword Boomerang"],"picked":"Pommel Strike","floor":1},{"not_picked":["Havoc","Pommel Strike"],"picked":"Intimidate","floor":2},{"not_picked":["Sentinel","Rupture"],"picked":"Shrug It Off","floor":4},{"not_picked":["Seeing Red","Burning Pact"],"picked":"Shrug It Off","floor":5},{"not_picked":["Exhume","Rupture","Heavy Blade"],"picked":"SKIP","floor":6},{"not_picked":["Clash","Sever Soul"],"picked":"Offering","floor":8},{"not_picked":["Shrug It Off","Blood for Blood"],"picked":"Pummel","floor":10},{"not_picked":["Seeing Red","Anger"],"picked":"True Grit","floor":11},{"not_picked":["Armaments","Warcry"],"picked":"Whirlwind","floor":13}],"player_experience":105968,"potions_floor_usage":[11,11,13],"damage_taken":[{"damage":0,"enemies":"2 Louse","floor":1,"turns":2},{"damage":7,"enemies":"Small Slimes","floor":2,"turns":4},{"damage":2,"enemies":"Jaw Worm","floor":4,"turns":4},{"damage":6,"enemies":"Looter","floor":5,"turns":4},{"damage":27,"enemies":"3 Sentries","floor":6,"turns":11},{"damage":20,"enemies":"Gremlin Nob","floor":8,"turns":4},{"damage":0,"enemies":"Red Slaver","floor":10,"turns":3},{"damage":6,"enemies":"Lagavulin Event","floor":11,"turns":6},{"damage":25,"enemies":"Lagavulin","floor":13,"turns":9},{"damage":62,"enemies":"Hexaghost","floor":16,"turns":12}],"relics_obtained":[{"floor":6,"key":"Gambling Chip"},{"floor":8,"key":"Lantern"},{"floor":9,"key":"Dream Catcher"},{"floor":11,"key":"Anchor"},{"floor":13,"key":"Tiny Chest"}],"event_choices":[{"event_name":"Dead Adventurer","player_choice":"Searched \u00273\u0027 times","floor":11,"damage_taken":0},{"event_name":"World of Goop","player_choice":"Left","floor":12,"damage_taken":0},{"event_name":"Scrap Ooze","player_choice":"success","floor":14,"damage_taken":3}],"boss_relics":[],"items_purged_floors":[],"potions_floor_spawned":[2,5,10],"seed_played":"9003815042748506117","killed_by":"Hexaghost","ascension_level":4,"potions_obtained":[{"floor":2,"key":"SpeedPotion"},{"floor":5,"key":"Fire Potion"}],"is_trial":false}