{"gold_per_floor":[114,47,62,62,77,107,107,132,182,197,197,197,216,235,235,360,360,379,379,304,304,304,304,125,125,125,125,125,144,144,144,144,244,244,259,148,148,163,163,163,178,178,258,258,273,273,288,313,313,313],"floor_reached":51,"playtime":4021,"items_purged":["Pain","Normality"],"score":841,"play_id":"13f89379-6e27-478f-88fe-7f39f460f6c6","local_time":"20180729123335","daily_mods":["Specialized","Cursed Run","Binary"],"is_ascension_mode":false,"campfire_choices":[{"floor":11,"key":"REST"},{"floor":15,"key":"REST"},{"data":"After Image","floor":23,"key":"SMITH"},{"data":"Noxious Fumes","floor":25,"key":"SMITH"},{"data":"Blur","floor":30,"key":"SMITH"},{"data":"Accuracy","floor":32,"key":"SMITH"},{"floor":40,"key":"REST"},{"floor":42,"key":"REST"},{"data":"Wraith Form v2","floor":44,"key":"SMITH"},{"data":"Neutralize","floor":46,"key":"SMITH"},{"floor":49,"key":"REST"}],"neow_cost":"","seed_source_timestamp":0,"circlet_count":0,"master_deck":["Defend_G","Defend_G","Defend_G","Defend_G","Survivor","Neutralize","Night Terror","Night Terror","Night Terror","Night Terror","Concentrate","Flechettes","Acrobatics","Flying Knee","Riddle With Holes","Infinite Blades","PiercingWail","Backflip","After Image+1","Decay","PiercingWail","Neutralize+1","Blur+1","Bite","Bite","Bite","Bite","Bite","Noxious Fumes+1","Bane","Pain","RitualDagger","Doubt","Accuracy+1","Decay","Wraith Form v2+1","Decay","Parasite","Bane+1","Noxious Fumes","Blur+1","Slice+1","Deflect+1","Blur","Die Die Die","Normality"],"special_seed":17741,"relics":["Cursed Key","Darkstone Periapt","Du-Vu Doll","Ancient Tea Set","Bag of Marbles","Juzu Bracelet","Bloody Idol","Astrolabe","Letter Opener","The Courier","Calling Bell","Omamori","Ornamental Fan","Mango","Dead Branch","Tiny Chest","Art of War"],"potions_floor_usage":[6,16,16,33,50,50],"damage_taken":[{"damage":9.0,"enemies":"Cultist","floor":1.0,"turns":5.0},{"damage":9.0,"enemies":"Jaw Worm","floor":3.0,"turns":5.0},{"damage":5.0,"enemies":"Small Slimes","floor":5.0,"turns":6.0},{"damage":18,"enemies":"Gremlin Nob","floor":6,"turns":7},{"damage":12,"enemies":"3 Louse","floor":10,"turns":3},{"damage":2,"enemies":"Blue Slaver","floor":13,"turns":3},{"damage":0,"enemies":"Red Slaver","floor":14,"turns":2},{"damage":9,"enemies":"Slime Boss","floor":16,"turns":8},{"damage":18,"enemies":"Chosen","floor":18,"turns":4},{"damage":0,"enemies":"3 Byrds","floor":29,"turns":5},{"damage":62,"enemies":"Automaton","floor":33,"turns":12},{"damage":44,"enemies":"3 Shapes","floor":35,"turns":7},{"damage":38,"floor":37,"turns":7},{"damage":16,"enemies":"Orb Walker","floor":38,"turns":3},{"damage":20,"enemies":"Sphere and 2 Shapes","floor":41,"turns":4},{"damage":32,"enemies":"Maw","floor":45,"turns":9},{"damage":22,"enemies":"Spire Growth","floor":47,"turns":5},{"damage":78,"enemies":"Awakened One","floor":50,"turns":12}],"seed_played":"3633398992768724987","potions_obtained":[{"floor":1.0,"key":"Strength Potion"},{"floor":3.0,"key":"PowerPotion"},{"floor":5.0,"key":"Energy Potion"},{"floor":18,"key":"Dexterity Potion"},{"floor":37,"key":"Regen Potion"},{"floor":41,"key":"SkillPotion"}],"is_trial":false,"path_per_floor":["M","$","M","$","M","E","?","T","T","M","R","?","M","M","R","B",null,"M","?","?","?","?","R","$","R","T","?","T","M","R","?","R","B",null,"M","$","?","M","?","R","M","R","T","R","M","R","M","T","R","B"],"character_chosen":"THE_SILENT","items_purchased":["Flechettes","Noxious Fumes","Bane","Noxious Fumes"],"campfire_rested":5,"item_purchase_floors":[2,24,24,36],"current_hp_per_floor":[61,61,52,52,47,29,22,28,34,22,46,26,24,24,48,45,106,88,88,88,88,74,74,74,74,80,74,80,86,86,86,86,51,124,93,93,63,52,52,89,74,111,121,121,106,106,91,96,124,69],"gold":313,"neow_bonus":"","is_prod":false,"is_daily":true,"chose_seed":false,"campfire_upgraded":6,"win_rate":0,"timestamp":1532882015,"path_taken":["M","?","M","$","?","E","?","?","T","M","R","?","M","M","R","BOSS","M","?","?","?","?","R","$","R","T","?","?","M","R","?","R","BOSS","M","$","?","M","?","R","M","R","T","R","M","R","M","?","R","BOSS"],"build_version":"2018-07-26","purchased_purges":2,"victory":true,"max_hp_per_floor":[70,70,70,70,70,70,70,76,82,82,82,82,82,82,82,88,106,106,106,106,106,74,74,74,74,80,80,86,86,86,86,86,92,124,124,124,124,124,124,124,124,124,124,124,124,124,124,124,124,130],"card_choices":[{"not_picked":["Well Laid Plans"],"picked":"Concentrate","floor":1.0},{"not_picked":["Deflect"],"picked":"Acrobatics","floor":3.0},{"not_picked":["Dagger Spray"],"picked":"Flying Knee","floor":5.0},{"not_picked":["Flying Knee"],"picked":"Riddle With Holes","floor":6},{"not_picked":["Heel Hook"],"picked":"Infinite Blades","floor":10},{"not_picked":["Deflect"],"picked":"PiercingWail","floor":13},{"not_picked":["Calculated Gamble"],"picked":"Backflip","floor":14},{"not_picked":["Venomology"],"picked":"After Image","floor":16},{"not_picked":["Expertise+1"],"picked":"PiercingWail","floor":18},{"not_picked":["Quick Slash"],"picked":"Accuracy","floor":29},{"not_picked":["Corpse Explosion"],"picked":"Wraith Form v2","floor":33},{"not_picked":["Dagger Throw"],"picked":"Bane+1","floor":35},{"not_picked":["Cloak And Dagger"],"picked":"Blur+1","floor":37},{"not_picked":["Distraction"],"picked":"Slice+1","floor":38},{"not_picked":["Dash"],"picked":"Deflect+1","floor":41},{"not_picked":["Deflect"],"picked":"Blur","floor":45},{"not_picked":["Concentrate+1"],"picked":"Die Die Die","floor":47}],"player_experience":62270,"relics_obtained":[{"floor":6,"key":"Ancient Tea Set"},{"floor":8,"key":"Bag of Marbles"},{"floor":9,"key":"Juzu Bracelet"},{"floor":26,"key":"Letter Opener"},{"floor":28,"key":"The Courier"},{"floor":34,"key":"Omamori"},{"floor":34,"key":"Ornamental Fan"},{"floor":34,"key":"Mango"},{"floor":37,"key":"Dead Branch"},{"floor":43,"key":"Tiny Chest"},{"floor":48,"key":"Art of War"}],"event_choices":[{"event_name":"Golden Wing","player_choice":"Card Removal","floor":7,"damage_taken":0},{"event_name":"Golden Idol","player_choice":"Take Damage","floor":12,"damage_taken":0},{"event_name":"Match and Keep!","player_choice":"1 cards matched","floor":19,"damage_taken":0},{"event_name":"Beggar","player_choice":"Gave Gold","floor":20,"damage_taken":0},{"event_name":"The Library","player_choice":"Read","floor":21,"damage_taken":0},{"event_name":"Vampires","player_choice":"Became a vampire","floor":22,"damage_taken":0},{"event_name":"Nest","player_choice":"Joined the Cult","floor":27,"damage_taken":0},{"event_name":"Forgotten Altar","player_choice":"Gave Idol","floor":31,"damage_taken":0},{"event_name":"MindBloom","player_choice":"Fight","floor":37,"damage_taken":0},{"event_name":"Falling","player_choice":"Removed Skill","floor":39,"damage_taken":0}],"is_beta":false,"boss_relics":[{"not_picked":["Eternal Feather","Lizard Tail"],"picked":"Astrolabe"},{"not_picked":["Philosopher\u0027s Stone","HoveringKite"],"picked":"Calling Bell"}],"items_purged_floors":[24,36],"is_endless":false,"potions_floor_spawned":[1,3,5,18,37,41],"ascension_level":0}