{"gold_per_floor":[116,127,127,146,26,55,55,55,55,86,100,100,111,111,111,210,210,228,218,218,118,132,132,165,165,165,181,181,193,68,94,94,193,193,205,205,305,325,396,396,411,411,411,411,221,240,340,165,165,165,165,165,16,50,50],"floor_reached":55,"playtime":12677,"items_purged":["Defend_R","Strike_R","Defend_R","Strike_R","Defend_R"],"score":1091,"play_id":"929c9e5c-6773-4416-9f03-94360fff0bac","local_time":"20190419185835","is_ascension_mode":true,"campfire_choices":[{"floor":7.0,"key":"REST"},{"floor":12.0,"key":"REST"},{"floor":15.0,"key":"REST"},{"data":"Strike_R","floor":23.0,"key":"PURGE"},{"floor":25.0,"key":"REST"},{"floor":28.0,"key":"REST"},{"data":"Armaments","floor":32,"key":"SMITH"},{"data":"Demon Form","floor":40,"key":"SMITH"},{"floor":42,"key":"DIG"},{"floor":44,"key":"DIG"},{"floor":49,"key":"RECALL"},{"floor":52,"key":"DIG"}],"neow_cost":"NONE","seed_source_timestamp":452099821305200,"circlet_count":0,"master_deck":["AscendersBane","Bash","Shrug It Off","Shockwave","Shrug It Off","Cleave+1","Spot Weakness","Battle Trance","Carnage","Reaper+1","Heavy Blade","Inflame","Armaments+1","True Grit","Infernal Blade+1","Disarm","Demon Form+1","Metallicize+1","Double Tap","Flame Barrier","Metallicize+1","Uppercut","Impervious"],"special_seed":0,"relics":["Burning Blood","Prayer Wheel","Peace Pipe","Bag of Preparation","Runic Pyramid","Whetstone","Regal Pillow","Shovel","Sozu","Bird Faced Urn","Bottled Tornado","Bronze Scales","Strawberry","Bottled Lightning","Pen Nib"],"potions_floor_usage":[31,50],"damage_taken":[{"damage":4.0,"enemies":"Jaw Worm","floor":1.0,"turns":8.0},{"damage":4.0,"enemies":"Small Slimes","floor":2.0,"turns":4.0},{"damage":2.0,"enemies":"Cultist","floor":4.0,"turns":4.0},{"damage":71.0,"enemies":"3 Sentries","floor":6.0,"turns":20.0},{"damage":33.0,"enemies":"Gremlin Nob","floor":10.0,"turns":5.0},{"damage":11.0,"enemies":"Blue Slaver","floor":11.0,"turns":4.0},{"damage":10.0,"enemies":"Exordium Thugs","floor":13.0,"turns":5.0},{"damage":24.0,"enemies":"Slime Boss","floor":16.0,"turns":7.0},{"damage":26.0,"enemies":"3 Byrds","floor":18.0,"turns":5.0},{"damage":16.0,"enemies":"2 Thieves","floor":19.0,"turns":4.0},{"damage":20.0,"enemies":"Snecko","floor":22.0,"turns":4.0},{"damage":85.0,"enemies":"Book of Stabbing","floor":24.0,"turns":7.0},{"damage":34.0,"enemies":"Snake Plant","floor":27.0,"turns":7.0},{"damage":23.0,"enemies":"Shelled Parasite and Fungi","floor":29.0,"turns":29.0},{"damage":38,"enemies":"Gremlin Leader","floor":31,"turns":3},{"damage":40,"enemies":"Champ","floor":33,"turns":17},{"damage":11,"enemies":"3 Shapes","floor":35,"turns":8},{"damage":17,"enemies":"Mind Bloom Boss Battle","floor":37,"turns":6},{"damage":3,"enemies":"3 Darklings","floor":38,"turns":7},{"damage":14,"enemies":"Writhing Mass","floor":41,"turns":4},{"damage":8,"enemies":"Sphere and 2 Shapes","floor":46,"turns":4},{"damage":115,"enemies":"Donu and Deca","floor":50,"turns":9},{"damage":82,"enemies":"Shield and Spear","floor":54,"turns":9},{"damage":126,"enemies":"The Heart","floor":55,"turns":9}],"seed_played":"-5152348008114504596","potions_obtained":[{"floor":2.0,"key":"Poison Potion"},{"floor":6.0,"key":"SneckoOil"},{"floor":10.0,"key":"Swift Potion"},{"floor":13.0,"key":"Fire Potion"},{"floor":16.0,"key":"Ancient Potion"},{"floor":19.0,"key":"Energy Potion"},{"floor":29.0,"key":"PowerPotion"},{"floor":31,"key":"SteroidPotion"}],"is_trial":false,"path_per_floor":["M","M","?","M","$","E","R","?","T","E","M","R","M","?","R","B",null,"M","M","?","$","M","R","E","R","T","M","R","M","$","E","R","B",null,"M","?","?","M","T","R","M","R","T","R","$","M","?","$","R","B",null,"R","$","E","B"],"character_chosen":"IRONCLAD","items_purchased":["Shrug It Off","Uppercut","Impervious"],"campfire_rested":5,"item_purchase_floors":[5,45,53],"current_hp_per_floor":[82,84,77,81,81,16,42,42,42,15,10,36,32,32,58,40,76,66,56,85,85,71,71,10,36,36,22,63,88,88,56,56,22,72,85,85,88,88,88,88,88,88,88,95,95,95,95,95,95,73,90,90,90,79,0],"gold":50,"neow_bonus":"TEN_PERCENT_HP_BONUS","is_prod":false,"is_daily":false,"chose_seed":false,"campfire_upgraded":2,"win_rate":0,"timestamp":1555714715,"path_taken":["M","M","?","M","$","E","R","?","T","E","M","R","M","?","R","BOSS","M","?","?","?","M","R","E","R","T","?","R","M","$","E","R","BOSS","M","?","?","M","?","R","M","R","T","R","?","M","?","$","R","BOSS","R","$","E","BOSS"],"build_version":"2019-01-23","purchased_purges":5,"victory":false,"max_hp_per_floor":[88,88,88,88,88,88,88,88,88,88,88,88,88,88,88,88,88,88,88,88,88,88,88,88,88,88,88,88,88,88,88,88,88,88,88,88,88,88,88,88,88,88,88,95,95,95,95,95,95,95,95,95,95,95,95],"card_choices":[{"not_picked":["Rupture","Pommel Strike"],"picked":"Shrug It Off","floor":1.0},{"not_picked":["Perfected Strike","Seeing Red"],"picked":"Shockwave","floor":2.0},{"not_picked":["Rage","Twin Strike","Fire Breathing"],"picked":"SKIP","floor":4.0},{"not_picked":["Seeing Red","Dark Embrace"],"picked":"Cleave","floor":6.0},{"not_picked":["Armaments","Clothesline"],"picked":"Spot Weakness","floor":10.0},{"not_picked":["Perfected Strike","Havoc"],"picked":"Battle Trance","floor":11.0},{"not_picked":["Warcry","Bloodletting","Burning Pact"],"picked":"SKIP","floor":11.0},{"not_picked":["Flex","Twin Strike"],"picked":"Carnage","floor":13.0},{"not_picked":["Clash","Headbutt","Second Wind"],"picked":"SKIP","floor":13.0},{"not_picked":["Dark Embrace","Barricade"],"picked":"Reaper","floor":16.0},{"not_picked":["Wild Strike","Seeing Red"],"picked":"Heavy Blade","floor":18.0},{"not_picked":["Armaments","Clothesline+1","Clash"],"picked":"SKIP","floor":18.0},{"not_picked":["Sword Boomerang","Exhume","Wild Strike"],"picked":"SKIP","floor":19.0},{"not_picked":["Havoc","Headbutt+1","Iron Wave"],"picked":"SKIP","floor":19.0},{"not_picked":["Ghostly Armor","Clothesline+1"],"picked":"Inflame","floor":22.0},{"not_picked":["Thunderclap","Shockwave","Twin Strike+1"],"picked":"SKIP","floor":22.0},{"not_picked":["Clothesline+1","Flex+1","Combust"],"picked":"SKIP","floor":24.0},{"not_picked":["Dual Wield+1","Power Through"],"picked":"Armaments","floor":27.0},{"not_picked":["Clash","Heavy Blade"],"picked":"True Grit","floor":27.0},{"not_picked":["Havoc","Blood for Blood"],"picked":"Infernal Blade+1","floor":29.0},{"not_picked":["Rampage","Sword Boomerang"],"picked":"Disarm","floor":29.0},{"not_picked":["Clothesline+1","Juggernaut","Reaper"],"picked":"SKIP","floor":31},{"not_picked":["Feed","Bludgeon"],"picked":"Demon Form","floor":33},{"not_picked":["Hemokinesis","Perfected Strike","Anger+1"],"picked":"SKIP","floor":35},{"not_picked":["Wild Strike+1","Iron Wave+1","Feel No Pain"],"picked":"SKIP","floor":35},{"not_picked":["Shrug It Off","Thunderclap"],"picked":"Metallicize+1","floor":37},{"not_picked":["Combust+1","Flex+1"],"picked":"Double Tap","floor":38},{"not_picked":["Perfected Strike","Iron Wave","Heavy Blade+1"],"picked":"SKIP","floor":38},{"not_picked":["Warcry","Anger"],"picked":"Flame Barrier","floor":41},{"not_picked":["Intimidate","Flex"],"picked":"Metallicize+1","floor":41},{"not_picked":["Combust","Body Slam+1","Sword Boomerang+1"],"picked":"SKIP","floor":46},{"not_picked":["Thunderclap","Iron Wave","Sever Soul"],"picked":"SKIP","floor":46},{"not_picked":["Armaments+1","Bloodletting","True Grit"],"picked":"SKIP","floor":54}],"player_experience":1025507,"relics_obtained":[{"floor":6.0,"key":"Prayer Wheel"},{"floor":9.0,"key":"Peace Pipe"},{"floor":10.0,"key":"Bag of Preparation"},{"floor":24.0,"key":"Whetstone"},{"floor":26.0,"key":"Regal Pillow"},{"floor":31,"key":"Shovel"},{"floor":37,"key":"Bird Faced Urn"},{"floor":39,"key":"Bottled Tornado"},{"floor":42,"key":"Bronze Scales"},{"floor":44,"key":"Strawberry"},{"floor":52,"key":"Bottled Lightning"},{"floor":54,"key":"Pen Nib"}],"event_choices":[{"cards_removed":["Strike_R"],"damage_healed":0.0,"max_hp_gain":0.0,"max_hp_loss":0.0,"gold_gain":0.0,"event_name":"Golden Wing","player_choice":"Card Removal","floor":3.0,"gold_loss":0.0,"damage_taken":7.0},{"cards_removed":["Defend_R"],"damage_healed":0.0,"max_hp_gain":0.0,"max_hp_loss":0.0,"gold_gain":0.0,"event_name":"Living Wall","player_choice":"Forget","floor":8.0,"gold_loss":0.0,"damage_taken":0.0},{"cards_removed":["Strike_R"],"damage_healed":0.0,"max_hp_gain":0.0,"max_hp_loss":0.0,"gold_gain":0.0,"event_name":"Bonfire Elementals","player_choice":"Offered Basic","floor":14.0,"gold_loss":0.0,"damage_taken":0.0},{"damage_healed":29.0,"max_hp_gain":0.0,"max_hp_loss":0.0,"gold_gain":0.0,"event_name":"The Library","player_choice":"Heal","floor":20.0,"gold_loss":0.0,"damage_taken":0.0},{"damage_healed":0,"gold_gain":0,"player_choice":"Ignored","damage_taken":0,"max_hp_gain":0,"max_hp_loss":0,"event_name":"Tomb of Lord Red Mask","floor":36,"gold_loss":0},{"damage_healed":0,"gold_gain":0,"player_choice":"Fight","damage_taken":0,"max_hp_gain":0,"max_hp_loss":0,"event_name":"MindBloom","floor":37,"gold_loss":0},{"damage_healed":0,"gold_gain":100,"player_choice":"Pray","damage_taken":0,"max_hp_gain":0,"max_hp_loss":0,"event_name":"Golden Shrine","floor":47,"gold_loss":0}],"is_beta":false,"boss_relics":[{"not_picked":["Snecko Eye","Astrolabe"],"picked":"Runic Pyramid"},{"not_picked":["White Beast Statue","Runic Cube"],"picked":"Sozu"}],"items_purged_floors":[5,21,30,45,48],"is_endless":false,"potions_floor_spawned":[2,6,10,13,16,19,22,29,31,37,41,46,54],"killed_by":"The Heart","ascension_level":11}