{"gold_per_floor":[113,124,124,33,44,44,76,76,131,131,151,151,166,182,182,182],"floor_reached":16,"playtime":617,"items_purged":[],"score":158,"play_id":"647afe9e-3724-411f-9fcf-454aeba29176","local_time":"20190420221552","is_ascension_mode":true,"campfire_choices":[{"data":"Cleave","floor":6,"key":"SMITH"},{"data":"Pommel Strike","floor":8,"key":"SMITH"},{"data":"Shrug It Off","floor":10,"key":"SMITH"},{"data":"Clothesline","floor":12,"key":"SMITH"},{"data":"True Grit","floor":15,"key":"SMITH"}],"neow_cost":"PERCENT_DAMAGE","seed_source_timestamp":1867159919500,"circlet_count":0,"master_deck":["AscendersBane","Strike_R","Strike_R","Strike_R","Strike_R","Strike_R","Defend_R","Defend_R","Defend_R","Bash","Shrug It Off+1","Cleave+1","Dramatic Entrance","Iron Wave","Pommel Strike+1","Clothesline+1","Infernal Blade","True Grit+1"],"relics":["Burning Blood","Magic Flower","Art of War","Omamori"],"potions_floor_usage":[7,16],"damage_taken":[{"damage":2,"enemies":"Small Slimes","floor":1,"turns":4},{"damage":6,"enemies":"Cultist","floor":2,"turns":3},{"damage":0,"enemies":"2 Louse","floor":5,"turns":2},{"damage":35,"enemies":"Lagavulin","floor":7,"turns":7},{"damage":10,"enemies":"Exordium Wildlife","floor":11,"turns":4},{"damage":8,"enemies":"Looter","floor":13,"turns":3},{"damage":9,"enemies":"2 Fungi Beasts","floor":14,"turns":2},{"damage":44,"enemies":"The Guardian","floor":16,"turns":12}],"seed_played":"75315407592530971","potions_obtained":[{"floor":2,"key":"FearPotion"},{"floor":7,"key":"Ancient Potion"},{"floor":11,"key":"Swift Potion"}],"is_trial":false,"path_per_floor":["M","M","?","$","M","R","E","R","T","R","M","R","M","M","R","B"],"character_chosen":"IRONCLAD","items_purchased":["Dramatic Entrance"],"campfire_rested":0,"item_purchase_floors":[4],"current_hp_per_floor":[58,61,61,61,70,70,44,44,44,44,43,43,44,44,44,0],"gold":182,"neow_bonus":"ONE_RARE_RELIC","is_prod":false,"is_daily":false,"chose_seed":false,"campfire_upgraded":5,"win_rate":0,"timestamp":1555812952,"path_taken":["M","M","?","$","M","R","E","R","T","R","M","R","M","?","R","BOSS"],"build_version":"2019-01-23","purchased_purges":0,"victory":false,"max_hp_per_floor":[80,80,80,80,80,80,80,80,80,80,80,80,80,80,80,80],"card_choices":[{"not_picked":["Warcry","Havoc"],"picked":"Shrug It Off","floor":1},{"not_picked":["Wild Strike","Shockwave"],"picked":"Cleave","floor":2},{"not_picked":["Wild Strike","Dropkick"],"picked":"Iron Wave","floor":5},{"not_picked":["Twin Strike","Clash"],"picked":"Pommel Strike","floor":7},{"not_picked":["Thunderclap","Havoc"],"picked":"Clothesline","floor":11},{"not_picked":["Blood for Blood","Sever Soul"],"picked":"Infernal Blade","floor":13},{"not_picked":["Pommel Strike","Sword Boomerang"],"picked":"True Grit","floor":14}],"player_experience":371265,"relics_obtained":[{"floor":7,"key":"Art of War"},{"floor":9,"key":"Omamori"}],"event_choices":[{"cards_removed":["Defend_R"],"damage_healed":0,"gold_gain":0,"player_choice":"Purged","damage_taken":0,"max_hp_gain":0,"max_hp_loss":0,"event_name":"Purifier","floor":3,"gold_loss":0}],"is_beta":false,"boss_relics":[],"items_purged_floors":[],"is_endless":false,"potions_floor_spawned":[2,7,11],"killed_by":"The Guardian","ascension_level":11}