{"gold_per_floor":[110,110,110,75,150,176,188,235,274,286,316,354,366,2,2,77,77,91,91,91,6,16,16,16,16,90,90,90,90,90,106,106,106],"floor_reached":33,"playtime":924,"items_purged":["Strike_R"],"score":536,"play_id":"8f968f81-e4e8-4fdd-97d1-f09fb5a23982","local_time":"20190509222826","is_ascension_mode":true,"campfire_choices":[{"floor":7,"key":"REST"},{"data":"Bash","floor":10,"key":"SMITH"},{"floor":13,"key":"REST"},{"floor":15,"key":"REST"},{"data":"Clothesline","floor":23,"key":"SMITH"},{"floor":28,"key":"REST"},{"data":"Infernal Blade","floor":30,"key":"SMITH"},{"floor":32,"key":"REST"}],"neow_cost":"NONE","seed_source_timestamp":1584630450920352,"circlet_count":0,"master_deck":["AscendersBane","Strike_R","Strike_R+1","Strike_R","Strike_R+1","Defend_R","Defend_R","Defend_R","Defend_R","Bash+1","Infernal Blade+1","Clothesline+1","Thunderclap","Shrug It Off+1","True Grit+1","Impervious+1","Shrug It Off+1","Writhe","Dropkick","Disarm+1"],"relics":["Burning Blood","Bag of Marbles","MawBank","Toxic Egg 2","Potion Belt","Charon\u0027s Ashes","Paper Frog","Sozu","Happy Flower","Art of War","Sundial"],"potions_floor_usage":[12,24,33],"damage_taken":[{"damage":11,"enemies":"Jaw Worm","floor":1,"turns":5},{"damage":25,"enemies":"3 Sentries","floor":6,"turns":7},{"damage":24,"enemies":"Gremlin Nob","floor":8,"turns":4},{"damage":0,"enemies":"Small Slimes","floor":11,"turns":2},{"damage":40,"enemies":"Lagavulin","floor":12,"turns":4},{"damage":38,"enemies":"The Guardian","floor":16,"turns":12},{"damage":16,"enemies":"Shell Parasite","floor":18,"turns":4},{"damage":6,"enemies":"Spheric Guardian","floor":22,"turns":5},{"damage":25,"enemies":"Gremlin Leader","floor":24,"turns":5},{"damage":8,"enemies":"3 Cultists","floor":31,"turns":5},{"damage":64,"enemies":"Automaton","floor":33,"turns":8}],"seed_played":"-8082654616375412125","potions_obtained":[{"floor":1,"key":"SmokeBomb"},{"floor":8,"key":"AttackPotion"},{"floor":16,"key":"Swift Potion"}],"is_trial":false,"path_per_floor":["M","?","?","?","?","E","R","E","T","R","M","E","R","$","R","B",null,"M","?","?","?","M","R","E","$","T","$","R","$","R","M","R","B"],"character_chosen":"IRONCLAD","items_purchased":["Paper Frog","True Grit+1"],"campfire_rested":5,"item_purchase_floors":[14,14],"current_hp_per_floor":[63,68,44,64,53,34,58,40,40,40,46,12,36,36,60,28,67,57,57,36,36,36,36,17,17,17,17,41,41,41,39,63,0],"gold":106,"neow_bonus":"RANDOM_COMMON_RELIC","is_prod":false,"is_daily":false,"chose_seed":false,"campfire_upgraded":3,"win_rate":0,"timestamp":1557433706,"path_taken":["M","?","?","?","?","E","R","E","T","R","M","E","R","?","R","BOSS","M","?","?","?","M","R","E","?","T","$","R","$","R","M","R","BOSS"],"build_version":"2019-05-07","purchased_purges":1,"victory":false,"max_hp_per_floor":[75,80,80,80,80,80,80,80,80,80,80,80,80,80,80,80,80,80,80,80,80,80,80,80,80,80,80,80,80,80,80,80,80],"card_choices":[{"not_picked":["Flex","Feel No Pain"],"picked":"Infernal Blade","floor":1},{"not_picked":["Hemokinesis","Thunderclap"],"picked":"Clothesline","floor":6},{"not_picked":["Searing Blow","Bloodletting"],"picked":"Thunderclap","floor":8},{"not_picked":["Carnage","Clash","Clothesline"],"picked":"SKIP","floor":11},{"not_picked":["Evolve","Dropkick"],"picked":"Shrug It Off+1","floor":12},{"not_picked":["Berserk","Exhume+1"],"picked":"Impervious+1","floor":16},{"not_picked":["Bloodletting+1","Body Slam"],"picked":"Shrug It Off+1","floor":18},{"not_picked":["Headbutt","Rampage"],"picked":"Dropkick","floor":22},{"not_picked":["Body Slam","Pommel Strike"],"picked":"Disarm+1","floor":31}],"player_experience":1687832,"relics_obtained":[{"floor":6,"key":"MawBank"},{"floor":8,"key":"Toxic Egg 2"},{"floor":9,"key":"Potion Belt"},{"floor":12,"key":"Charon\u0027s Ashes"},{"floor":26,"key":"Sundial"}],"event_choices":[{"damage_healed":0,"gold_gain":0,"player_choice":"Donut","damage_taken":0,"max_hp_gain":5,"max_hp_loss":0,"event_name":"Big Fish","floor":2,"gold_loss":0},{"damage_healed":0,"gold_gain":0,"player_choice":"Entered Light","damage_taken":24,"max_hp_gain":0,"max_hp_loss":0,"event_name":"Shining Light","floor":3,"gold_loss":0,"cards_upgraded":["Strike_R","Strike_R"]},{"damage_healed":20,"gold_gain":0,"player_choice":"Healed","damage_taken":0,"max_hp_gain":0,"max_hp_loss":0,"event_name":"The Cleric","floor":4,"gold_loss":35},{"damage_healed":0,"gold_gain":75,"player_choice":"Gather Gold","damage_taken":11,"max_hp_gain":0,"max_hp_loss":0,"event_name":"World of Goop","floor":5,"gold_loss":0},{"damage_healed":0,"gold_gain":0,"player_choice":"Opened","damage_taken":0,"relics_obtained":["Happy Flower"],"max_hp_gain":0,"max_hp_loss":0,"event_name":"The Mausoleum","floor":19,"gold_loss":0,"cards_obtained":["Writhe"]},{"damage_healed":0,"gold_gain":0,"player_choice":"Obtained Book","damage_taken":21,"max_hp_gain":0,"max_hp_loss":0,"event_name":"Cursed Tome","floor":20,"gold_loss":0},{"damage_healed":0,"gold_gain":0,"player_choice":"Obtained Relic","damage_taken":0,"relics_obtained":["Art of War"],"max_hp_gain":0,"max_hp_loss":0,"event_name":"Addict","floor":21,"gold_loss":85}],"is_beta":true,"boss_relics":[{"not_picked":["Coffee Dripper","Astrolabe"],"picked":"Sozu"}],"items_purged_floors":[14],"is_endless":false,"potions_floor_spawned":[1,8,16,18,31],"killed_by":"Automaton","ascension_level":19}