{"gold_per_floor":[109,109,109,5,21,21,64,64,64,84,9,9,9,29,29,154,154,173,173,48,48,58,58,69,69,69,69],"floor_reached":27,"playtime":765,"items_purged":["Strike_B","Strike_B"],"score":240,"play_id":"7058fb6a-57d9-4324-a2c9-ab07098f8c94","local_time":"20190419174458","is_ascension_mode":true,"campfire_choices":[{"data":"Defragment","floor":6,"key":"SMITH"},{"data":"Zap","floor":8,"key":"SMITH"},{"floor":13,"key":"REST"},{"data":"Defragment","floor":15,"key":"SMITH"},{"data":"Machine Learning","floor":23,"key":"SMITH"},{"data":"Coolheaded","floor":25,"key":"SMITH"}],"neow_cost":"NONE","seed_source_timestamp":2265920471692378,"circlet_count":0,"master_deck":["Strike_B","Strike_B","Defend_B","Defend_B","Defend_B","Defend_B","Zap+1","Dualcast","Reboot","Defragment+1","Defragment+1","Sweeping Beam","Self Repair","Streamline","Redo","Machine Learning+1","Coolheaded+1","Doom and Gloom+1","Hologram+1"],"relics":["Cracked Core","Bloody Idol","Bag of Preparation","Emotion Chip","Cursed Key","Nilry\u0027s Codex"],"potions_floor_usage":[16,27],"damage_taken":[{"damage":1,"enemies":"Cultist","floor":1,"turns":3},{"damage":8,"enemies":"Small Slimes","floor":5,"turns":3},{"damage":45,"enemies":"3 Sentries","floor":7,"turns":6},{"damage":7,"enemies":"Jaw Worm","floor":10,"turns":3},{"damage":7,"enemies":"2 Fungi Beasts","floor":14,"turns":2},{"damage":15,"enemies":"Slime Boss","floor":16,"turns":7},{"damage":17,"enemies":"Spheric Guardian","floor":18,"turns":4},{"damage":19,"enemies":"2 Thieves","floor":22,"turns":3},{"damage":27,"enemies":"Snecko","floor":24,"turns":4},{"damage":38,"enemies":"Snake Plant","floor":27,"turns":4}],"seed_played":"-1454766936779955036","potions_obtained":[{"floor":7,"key":"Swift Potion"},{"floor":14,"key":"Fire Potion"},{"floor":16,"key":"Poison Potion"}],"is_trial":false,"path_per_floor":["M","?","?","$","M","R","E","R","T","M","$","?","R","M","R","B",null,"M","?","$","?","M","R","M","R","T","M"],"character_chosen":"DEFECT","items_purchased":["Defragment","Sweeping Beam","Coolheaded"],"campfire_rested":1,"item_purchase_floors":[4,4,20],"current_hp_per_floor":[74,74,56,56,48,48,10,10,10,10,10,10,32,32,32,24,75,65,65,65,49,47,47,32,32,32,0],"gold":69,"neow_bonus":"ONE_RANDOM_RARE_CARD","is_prod":false,"is_daily":false,"chose_seed":false,"campfire_upgraded":5,"win_rate":0,"timestamp":1555688698,"path_taken":["M","?","?","$","M","R","E","R","T","M","$","?","R","M","R","BOSS","M","?","$","?","M","R","M","R","T","M"],"build_version":"2019-04-04","purchased_purges":2,"victory":false,"max_hp_per_floor":[75,75,75,75,75,75,75,75,75,75,75,75,75,75,75,75,75,75,75,75,75,75,75,75,75,75,75],"card_choices":[{"not_picked":["Cold Snap","Hologram"],"picked":"Defragment","floor":1},{"not_picked":["Turbo","Hologram"],"picked":"Self Repair","floor":5},{"not_picked":["Creative AI","Barrage"],"picked":"Streamline","floor":7},{"not_picked":["Stack","Blizzard"],"picked":"Redo","floor":10},{"not_picked":["Double Energy","Sunder","Consume"],"picked":"SKIP","floor":14},{"not_picked":["Reboot","Multi-Cast"],"picked":"Machine Learning","floor":16},{"not_picked":["Turbo","Consume","Rebound"],"picked":"SKIP","floor":18},{"not_picked":["Steam","Defragment"],"picked":"Doom and Gloom+1","floor":22},{"not_picked":["Beam Cell","Compile Driver"],"picked":"Hologram+1","floor":24}],"player_experience":1132412,"relics_obtained":[{"floor":7,"key":"Bag of Preparation"},{"floor":9,"key":"Emotion Chip"},{"floor":21,"key":"Nilry\u0027s Codex"}],"event_choices":[{"damage_healed":0,"gold_gain":0,"player_choice":"Ignored","damage_taken":0,"max_hp_gain":0,"max_hp_loss":0,"event_name":"Liars Game","floor":2,"gold_loss":0},{"damage_healed":0,"gold_gain":0,"player_choice":"Take Damage","damage_taken":18,"relics_obtained":["Golden Idol"],"max_hp_gain":0,"max_hp_loss":0,"event_name":"Golden Idol","floor":3,"gold_loss":0},{"damage_healed":0,"gold_gain":0,"player_choice":"Leave","damage_taken":0,"max_hp_gain":0,"max_hp_loss":0,"event_name":"The Cleric","floor":12,"gold_loss":0},{"damage_healed":0,"gold_gain":0,"player_choice":"Gave Idol","damage_taken":0,"relics_obtained":["Bloody Idol"],"max_hp_gain":0,"max_hp_loss":0,"event_name":"Forgotten Altar","floor":19,"relics_lost":["Golden Idol"],"gold_loss":0},{"damage_healed":0,"gold_gain":0,"player_choice":"Obtained Book","damage_taken":16,"max_hp_gain":0,"max_hp_loss":0,"event_name":"Cursed Tome","floor":21,"gold_loss":0}],"is_beta":true,"boss_relics":[{"not_picked":["Black Star","Calling Bell"],"picked":"Cursed Key"}],"items_purged_floors":[11,20],"is_endless":false,"potions_floor_spawned":[7,14,16],"killed_by":"Snake Plant","ascension_level":3}