{"gold_per_floor":[114,129,18,18,38,38,68,85,85,97,122,122,153,48,48,153,153,172,97,457,473,473],"floor_reached":22,"playtime":812,"items_purged":["Strike_B"],"score":229,"play_id":"908fbc42-a91f-4e9b-86c0-822a86085005","local_time":"20190415152228","is_ascension_mode":false,"campfire_choices":[{"data":"Defragment","floor":6,"key":"SMITH"},{"data":"Static Discharge","floor":12,"key":"SMITH"},{"floor":15,"key":"REST"}],"neow_cost":"NONE","seed_source_timestamp":1911723225256924,"circlet_count":0,"master_deck":["Strike_B","Strike_B","Defend_B","Defend_B","Defend_B","Defend_B","Zap","Dualcast","Coolheaded","Steam","Defragment+1","Sweeping Beam","Doom and Gloom","Static Discharge+1","Barrage","Multi-Cast+1","Ball Lightning","Loop","Auto Shields+1","Machine Learning","Genetic Algorithm+1","FTL"],"relics":["Cracked Core","Mummified Hand","Toxic Egg 2","Matryoshka","Centennial Puzzle","Philosopher\u0027s Stone"],"potions_floor_usage":[11,16,22,22,22,22],"damage_taken":[{"damage":4,"enemies":"Jaw Worm","floor":1,"turns":3},{"damage":0,"enemies":"Cultist","floor":2,"turns":3},{"damage":0,"enemies":"2 Louse","floor":5,"turns":3},{"damage":4,"enemies":"Lagavulin","floor":7,"turns":7},{"damage":18,"enemies":"Exordium Wildlife","floor":8,"turns":3},{"damage":0,"enemies":"Lots of Slimes","floor":10,"turns":2},{"damage":42,"enemies":"Gremlin Nob","floor":11,"turns":4},{"damage":18,"enemies":"Lagavulin","floor":13,"turns":4},{"damage":11,"enemies":"Slime Boss","floor":16,"turns":6},{"damage":0,"enemies":"Shell Parasite","floor":18,"turns":5},{"damage":35,"enemies":"3 Byrds","floor":21,"turns":4},{"damage":17,"enemies":"Shelled Parasite and Fungi","floor":22,"turns":2}],"seed_played":"-636748736435205369","potions_obtained":[{"floor":8,"key":"Weak Potion"},{"floor":10,"key":"Regen Potion"},{"floor":11,"key":"Fruit Juice"},{"floor":16,"key":"EntropicBrew"}],"is_trial":false,"path_per_floor":["M","M","$","?","M","R","E","M","T","M","E","R","E","$","R","B",null,"M","?","?","M","M"],"character_chosen":"DEFECT","items_purchased":["Defragment","Loop","Auto Shields+1"],"campfire_rested":1,"item_purchase_floors":[3,14,14],"current_hp_per_floor":[71,71,71,85,85,85,81,63,63,63,35,35,17,17,42,36,90,90,90,45,10,0],"gold":473,"neow_bonus":"ONE_RANDOM_RARE_CARD","is_prod":false,"is_daily":false,"chose_seed":false,"campfire_upgraded":2,"win_rate":0.0,"timestamp":1555334548,"path_taken":["M","M","$","?","?","R","E","?","T","M","E","R","E","$","R","BOSS","M","?","?","M","M"],"build_version":"2019-04-04","purchased_purges":1,"victory":false,"max_hp_per_floor":[75,75,75,85,85,85,85,85,85,85,85,85,85,85,85,90,90,90,90,90,90,90],"card_choices":[{"not_picked":["Beam Cell","Consume"],"picked":"Coolheaded","floor":1},{"not_picked":["Gash","Blizzard"],"picked":"Steam","floor":2},{"not_picked":["Blizzard","Aggregate"],"picked":"Sweeping Beam","floor":5},{"not_picked":["Barrage","Leap"],"picked":"Doom and Gloom","floor":7},{"not_picked":["Scrape","Tempest"],"picked":"Static Discharge","floor":8},{"not_picked":["Conserve Battery+1","Rip and Tear"],"picked":"Barrage","floor":10},{"not_picked":["Reinforced Body+1","Chill+1"],"picked":"Multi-Cast+1","floor":11},{"not_picked":["Compile Driver","Sweeping Beam"],"picked":"Ball Lightning","floor":13},{"not_picked":["Reboot+1","All For One"],"picked":"Machine Learning","floor":16},{"not_picked":["Ball Lightning","Coolheaded+1"],"picked":"Genetic Algorithm+1","floor":18},{"not_picked":["Rebound","BootSequence+1"],"picked":"FTL","floor":21}],"player_experience":1119368,"relics_obtained":[{"floor":7,"key":"Mummified Hand"},{"floor":9,"key":"Toxic Egg 2"},{"floor":11,"key":"Matryoshka"},{"floor":13,"key":"Centennial Puzzle"}],"event_choices":[{"cards_removed":["Rainbow"],"damage_healed":4,"gold_gain":0,"player_choice":"Offered Rare","damage_taken":0,"max_hp_gain":10,"max_hp_loss":0,"event_name":"Bonfire Elementals","floor":4,"gold_loss":0},{"cards_removed":["Strike_B"],"damage_healed":0,"gold_gain":0,"player_choice":"Gave Gold","damage_taken":0,"max_hp_gain":0,"max_hp_loss":0,"event_name":"Beggar","floor":19,"gold_loss":75},{"damage_healed":0,"gold_gain":360,"player_choice":"GOLD GOLD GOLD GOLD ","damage_taken":45,"max_hp_gain":0,"max_hp_loss":0,"event_name":"Knowing Skull","floor":20,"potions_obtained":[],"gold_loss":0,"cards_obtained":[]}],"is_beta":true,"boss_relics":[{"not_picked":["Runic Pyramid","Runic Dome"],"picked":"Philosopher\u0027s Stone"}],"items_purged_floors":[3],"is_endless":false,"potions_floor_spawned":[8,10,11,16],"killed_by":"Shelled Parasite and Fungi","ascension_level":0}