{"gold_per_floor":[115,128,128,141,157,187,187,221,246,260,335,335,360,377,377,453,453,470,470,484,201,126,126],"floor_reached":23,"playtime":1069,"items_purged":["Strike_B"],"score":359,"play_id":"7358d9b8-3b14-4b61-a25c-79ceb3cbea14","local_time":"20190430130100","is_ascension_mode":true,"campfire_choices":[{"data":"Darkness","floor":7,"key":"SMITH"},{"floor":12,"key":"REST"},{"floor":15,"key":"REST"}],"neow_cost":"NONE","seed_source_timestamp":772840545445821,"circlet_count":0,"master_deck":["AscendersBane","Strike_B","Strike_B","Defend_B","Defend_B","Defend_B","Defend_B","Zap","Dualcast","Leap","Darkness+1","Hologram","Barrage","Sunder","Coolheaded","Cold Snap","White Noise","Go for the Eyes","Hyperbeam","Compile Driver","Defragment"],"relics":["Cracked Core","Anchor","Thread and Needle","Strawberry","Bag of Marbles","Omamori","Centennial Puzzle","Coffee Dripper","Enchiridion","PrismaticShard"],"potions_floor_usage":[16,23,23],"damage_taken":[{"damage":1,"enemies":"Cultist","floor":1,"turns":3},{"damage":2,"enemies":"2 Louse","floor":2,"turns":3},{"damage":0,"enemies":"Jaw Worm","floor":4,"turns":4},{"damage":4,"enemies":"Blue Slaver","floor":5,"turns":3},{"damage":25,"enemies":"3 Sentries","floor":6,"turns":8},{"damage":11,"enemies":"Lagavulin","floor":8,"turns":6},{"damage":8,"enemies":"2 Fungi Beasts","floor":10,"turns":3},{"damage":14,"enemies":"3 Sentries","floor":13,"turns":5},{"damage":0,"enemies":"Looter","floor":14,"turns":2},{"damage":20,"enemies":"Slime Boss","floor":16,"turns":11},{"damage":15,"enemies":"Shell Parasite","floor":18,"turns":5},{"damage":0,"enemies":"2 Thieves","floor":20,"turns":3},{"damage":35,"enemies":"Gremlin Leader","floor":23,"turns":8}],"seed_played":"-2434237933303032314","potions_obtained":[{"floor":2,"key":"GamblersBrew"},{"floor":4,"key":"GamblersBrew"},{"floor":6,"key":"GamblersBrew"},{"floor":10,"key":"SpeedPotion"},{"floor":16,"key":"SkillPotion"},{"floor":18,"key":"Weak Potion"}],"is_trial":false,"path_per_floor":["M","M","?","M","M","E","R","E","T","M","?","R","E","M","R","B",null,"M","?","M","$","?","E"],"character_chosen":"DEFECT","items_purchased":["PrismaticShard"],"campfire_rested":2,"item_purchase_floors":[21],"current_hp_per_floor":[63,61,61,61,57,39,39,28,28,20,9,32,18,18,41,21,64,49,33,33,33,33,0],"gold":126,"neow_bonus":"RANDOM_COMMON_RELIC","is_prod":false,"is_daily":false,"chose_seed":false,"campfire_upgraded":1,"win_rate":0,"timestamp":1556622060,"path_taken":["M","M","?","M","M","E","R","E","T","?","?","R","E","M","R","BOSS","M","?","M","$","?","E"],"build_version":"2019-04-23","purchased_purges":1,"victory":false,"max_hp_per_floor":[71,71,71,71,71,78,78,78,78,78,78,78,78,78,78,78,78,78,78,78,78,78,78],"card_choices":[{"not_picked":["Beam Cell","Streamline"],"picked":"Leap","floor":1},{"not_picked":["Redo","Hello World"],"picked":"Darkness","floor":2},{"not_picked":["Rebound","Leap"],"picked":"Hologram","floor":4},{"not_picked":["Skim","Blizzard"],"picked":"Barrage","floor":5},{"not_picked":["Hello World","Steam"],"picked":"Sunder","floor":6},{"not_picked":["Chill","Amplify"],"picked":"Coolheaded","floor":8},{"not_picked":["Redo","Heatsinks"],"picked":"Cold Snap","floor":10},{"not_picked":["Thunder Strike","Steam"],"picked":"White Noise","floor":13},{"not_picked":["Scrape","Gash"],"picked":"Go for the Eyes","floor":14},{"not_picked":["Thunder Strike","Machine Learning"],"picked":"Hyperbeam","floor":16},{"not_picked":["Chaos+1","Redo+1"],"picked":"Compile Driver","floor":18},{"not_picked":["Gash","Redo"],"picked":"Defragment","floor":20}],"player_experience":1346826,"relics_obtained":[{"floor":6,"key":"Strawberry"},{"floor":8,"key":"Bag of Marbles"},{"floor":9,"key":"Omamori"},{"floor":13,"key":"Centennial Puzzle"},{"floor":19,"key":"Enchiridion"}],"event_choices":[{"damage_healed":0,"gold_gain":0,"player_choice":"Gave Potion","damage_taken":0,"relics_obtained":["Thread and Needle"],"max_hp_gain":0,"max_hp_loss":0,"event_name":"WeMeetAgain","floor":3,"gold_loss":0},{"damage_healed":0,"gold_gain":75,"player_choice":"Gather Gold","damage_taken":11,"max_hp_gain":0,"max_hp_loss":0,"event_name":"World of Goop","floor":11,"gold_loss":0},{"damage_healed":0,"gold_gain":0,"player_choice":"Obtained Book","damage_taken":16,"max_hp_gain":0,"max_hp_loss":0,"event_name":"Cursed Tome","floor":19,"gold_loss":0},{"cards_removed":["Strike_B"],"damage_healed":0,"gold_gain":0,"player_choice":"Gave Gold","damage_taken":0,"max_hp_gain":0,"max_hp_loss":0,"event_name":"Beggar","floor":22,"gold_loss":75}],"is_beta":true,"boss_relics":[{"not_picked":["Runic Dome","Sozu"],"picked":"Coffee Dripper"}],"items_purged_floors":[21],"is_endless":false,"potions_floor_spawned":[2,4,6,10,16,18],"killed_by":"Gremlin Leader","ascension_level":14}