{"gold_per_floor":[117,133,150,150,150,150,163,88,88,109,109,147,147,161,161,280,280,293,208,208,108,108,108,16,16],"floor_reached":25,"playtime":933,"items_purged":["Strike_B","Strike_B"],"score":199,"play_id":"5cd49627-df6a-4ebb-b904-3d0d3fcbf765","local_time":"20180806000854","is_ascension_mode":false,"campfire_choices":[{"floor":6,"key":"REST"},{"floor":11,"key":"REST"},{"floor":13,"key":"REST"},{"floor":15,"key":"REST"},{"data":"1","floor":23,"key":"LIFT"}],"neow_cost":"FIFTY_PERCENT_DAMAGE","seed_source_timestamp":59728441317329,"circlet_count":0,"master_deck":["Strike_B","Defend_B","Defend_B","Defend_B","Defend_B","Zap","Dualcast","Streamline","BootSequence","Gash","Gash","Cold Snap","Buffer","Jack Of All Trades"],"relics":["Cracked Core","Nunchaku","Bloody Idol","Sundial","Ice Cream","Nuclear Battery","Girya"],"potions_floor_usage":[10,12,12,12,16,16,25],"damage_taken":[{"damage":1,"enemies":"Cultist","floor":1,"turns":3},{"damage":1,"enemies":"Jaw Worm","floor":2,"turns":3},{"damage":5,"enemies":"2 Louse","floor":3,"turns":2},{"damage":2,"enemies":"Blue Slaver","floor":7,"turns":3},{"damage":16,"enemies":"Large Slime","floor":10,"turns":5},{"damage":19,"enemies":"Lagavulin","floor":12,"turns":5},{"damage":0,"enemies":"Lots of Slimes","floor":14,"turns":3},{"damage":53,"enemies":"Hexaghost","floor":16,"turns":10},{"damage":18,"enemies":"3 Byrds","floor":18,"turns":6},{"damage":61,"enemies":"Gremlin Leader","floor":25,"turns":8}],"seed_played":"7866816532510560342","potions_obtained":[{"floor":1,"key":"EntropicBrew"},{"floor":12,"key":"Fire Potion"},{"floor":14,"key":"Ancient Potion"},{"floor":18,"key":"Dexterity Potion"}],"is_trial":false,"path_per_floor":["M","M","M","?","?","R","M","$","T","M","R","E","R","M","R","B",null,"M","?","?","$","?","R","$"],"character_chosen":"DEFECT","items_purchased":["Jack Of All Trades"],"campfire_rested":4,"item_purchase_floors":[24],"current_hp_per_floor":[37,36,31,31,13,35,33,33,33,17,39,20,42,42,64,11,75,57,57,57,57,57,57,57,0],"gold":16,"neow_bonus":"ONE_RARE_RELIC","is_prod":false,"is_daily":false,"chose_seed":false,"campfire_upgraded":0,"win_rate":0,"timestamp":1533528534,"path_taken":["M","?","M","?","?","R","?","$","T","M","R","E","R","?","R","BOSS","M","?","?","$","?","R","$","E"],"build_version":"2018-08-02","purchased_purges":2,"victory":false,"max_hp_per_floor":[75,75,75,75,75,75,75,75,75,75,75,75,75,75,75,75,75,75,75,75,75,75,75,75,75],"card_choices":[{"not_picked":["Lockon","Hologram","Sweeping Beam"],"picked":"SKIP","floor":1},{"not_picked":["Coolheaded","Leap"],"picked":"Streamline","floor":2},{"not_picked":["Darkness","Redo"],"picked":"BootSequence","floor":3},{"not_picked":["BootSequence","Steam Power"],"picked":"Gash","floor":7},{"not_picked":["Sweeping Beam","Rebound","Reboot"],"picked":"SKIP","floor":10},{"not_picked":["Double Energy","Beam Cell"],"picked":"Gash","floor":12},{"not_picked":["Compile Driver","Storm"],"picked":"Cold Snap","floor":14},{"not_picked":["Thunder Strike","Reboot"],"picked":"Buffer","floor":16},{"not_picked":["Turbo","Double Energy","Chaos"],"picked":"SKIP","floor":18}],"player_experience":590299,"relics_obtained":[{"floor":9,"key":"Sundial"},{"floor":12,"key":"Ice Cream"}],"event_choices":[{"event_name":"Bonfire Elementals","player_choice":"BASIC","floor":4,"damage_taken":0},{"event_name":"Golden Idol","player_choice":"Take Damage","floor":5,"damage_taken":0},{"event_name":"Addict","player_choice":"Obtained Relic","floor":19,"damage_taken":0},{"event_name":"Ghosts","player_choice":"Ignored","floor":20,"damage_taken":0},{"event_name":"Forgotten Altar","player_choice":"Gave Idol","floor":22,"damage_taken":0}],"is_beta":false,"boss_relics":[{"not_picked":["Busted Crown","Cursed Key"],"picked":"Nuclear Battery"}],"items_purged_floors":[8,21],"is_endless":false,"potions_floor_spawned":[1,10,12,14,18],"killed_by":"Gremlin Leader","ascension_level":0}