{"gold_per_floor":[117,192,212,224,236,261,261,281,281,1,20,20,33,33,33,138,138,148,167,178,193,193,221,89,109,109,121,121,121,152,152,152,247,247,258,258,24,40,0,0,28,28,28,28,42,73,18,18,18,18],"floor_reached":50,"playtime":2847,"items_purged":["Strike_B","Decay"],"score":542,"play_id":"9ea6181a-647b-42f9-9b28-d47f519b0a6a","local_time":"20180805021324","is_ascension_mode":false,"campfire_choices":[{"floor":7,"key":"REST"},{"floor":12,"key":"REST"},{"floor":15,"key":"REST"},{"floor":29,"key":"REST"},{"floor":32,"key":"REST"},{"floor":40,"key":"REST"},{"floor":42,"key":"REST"},{"data":"Echo Form","floor":44,"key":"SMITH"},{"floor":49,"key":"REST"}],"neow_cost":"","seed_source_timestamp":40526574993636,"circlet_count":0,"master_deck":["Zap","Dualcast","Consume","Auto Shields","Skim","Conserve Battery","Conserve Battery","Electrodynamics","Panache","Storm","Electrodynamics","Conserve Battery+1","Leap","Thunder Strike","Jack Of All Trades","Hologram+1","Consume+1","Echo Form+1","Sunder","Aggregate+1","Streamline","Steam Power+1","Barrage","Reprogram+1","Coolheaded+1","Defragment","Madness+1","Madness+1","Auto Shields+1","Double Energy+1","Static Discharge","Aggregate+1"],"relics":["Cracked Core","Bag of Marbles","The Courier","Regal Pillow","Lizard Tail","Dead Branch","Toxic Egg 2","Mercury Hourglass","Pandora\u0027s Box","Toy Ornithopter","Red Mask","Ice Cream","Pear","Question Card","Unceasing Top"],"potions_floor_usage":[16,21,23,25,33,41,48,48,50],"damage_taken":[{"damage":1,"enemies":"Jaw Worm","floor":1,"turns":3},{"damage":1,"enemies":"Small Slimes","floor":3,"turns":3},{"damage":1,"enemies":"Cultist","floor":4,"turns":3},{"damage":3,"enemies":"Red Slaver","floor":5,"turns":4},{"damage":28,"enemies":"3 Sentries","floor":6,"turns":9},{"damage":6,"enemies":"2 Fungi Beasts","floor":8,"turns":4},{"damage":7,"enemies":"Exordium Wildlife","floor":11,"turns":3},{"damage":1,"enemies":"Blue Slaver","floor":13,"turns":4},{"damage":15,"enemies":"Slime Boss","floor":16,"turns":7},{"damage":8,"enemies":"3 Byrds","floor":18,"turns":3},{"damage":12,"enemies":"Spheric Guardian","floor":19,"turns":4},{"damage":14,"enemies":"Chosen and Byrds","floor":20,"turns":6},{"damage":11,"enemies":"Snake Plant","floor":21,"turns":3},{"damage":27,"enemies":"Slavers","floor":23,"turns":4},{"damage":7,"enemies":"Centurion and Healer","floor":25,"turns":5},{"damage":12,"enemies":"Snecko","floor":27,"turns":5},{"damage":60,"enemies":"Gremlin Leader","floor":30,"turns":8},{"damage":59,"enemies":"Automaton","floor":33,"turns":11},{"damage":20,"enemies":"3 Darklings","floor":35,"turns":4},{"damage":12,"enemies":"Flame Bruiser 1 Orb","floor":38,"turns":5},{"damage":35,"enemies":"Giant Head","floor":41,"turns":9},{"damage":20,"enemies":"Sphere and 2 Shapes","floor":45,"turns":4},{"damage":38,"enemies":"2 Orb Walkers","floor":46,"turns":3},{"damage":18,"floor":48,"turns":7},{"damage":67,"enemies":"Time Eater","floor":50,"turns":5}],"seed_played":"-3460533876304417064","potions_obtained":[{"floor":1,"key":"SteroidPotion"},{"floor":5,"key":"Weak Potion"},{"floor":13,"key":"Strength Potion"},{"floor":16,"key":"Strength Potion"},{"floor":19,"key":"PowerPotion"},{"floor":23,"key":"AttackPotion"},{"floor":30,"key":"Poison Potion"},{"floor":33,"key":"Explosive Potion"},{"floor":41,"key":"Dexterity Potion"},{"floor":46,"key":"AttackPotion"}],"is_trial":false,"path_per_floor":["M","?","M","M","M","E","R","M","T","$","M","R","M","?","R","B",null,"M","M","M","M","?","E","$","M","T","M","?","R","E","?","R","B",null,"M","?","$","M","?","R","E","R","T","R","M","E","$","?","R"],"character_chosen":"DEFECT","items_purchased":["Electrodynamics","Panache","Jack Of All Trades","Toy Ornithopter","Static Discharge"],"campfire_rested":8,"item_purchase_floors":[10,10,24,37,47],"current_hp_per_floor":[74,63,62,61,58,30,52,46,46,46,39,61,60,35,72,57,75,67,55,41,30,30,3,3,37,37,25,25,62,2,27,64,5,75,55,46,46,38,38,75,43,75,85,85,65,27,27,15,55,0],"gold":18,"neow_bonus":"","is_prod":false,"is_daily":false,"chose_seed":false,"campfire_upgraded":1,"win_rate":0,"timestamp":1533449604,"path_taken":["M","?","M","M","M","E","R","?","T","$","M","R","M","?","R","BOSS","M","M","M","M","?","E","$","M","T","M","?","R","E","?","R","BOSS","M","?","$","M","?","R","E","R","T","R","M","E","$","?","R","BOSS"],"build_version":"2018-08-02","purchased_purges":2,"victory":false,"max_hp_per_floor":[75,75,75,75,75,75,75,75,75,75,75,75,75,75,75,75,75,75,75,75,75,75,75,75,75,75,75,75,75,75,75,75,75,75,75,75,75,75,75,75,75,75,85,85,85,85,85,85,85,85],"card_choices":[{"not_picked":["Reinforced Body","Skim"],"picked":"Consume","floor":1},{"not_picked":["Coolheaded","Stack","Redo"],"picked":"SKIP","floor":3},{"not_picked":["FTL","Conserve Battery"],"picked":"Auto Shields","floor":4},{"not_picked":["Turbo","Streamline"],"picked":"Skim","floor":5},{"not_picked":["Turbo","Cold Snap"],"picked":"Conserve Battery","floor":6},{"not_picked":["Lockon","Doom and Gloom"],"picked":"Conserve Battery","floor":8},{"not_picked":["Tempest","Machine Learning"],"picked":"Storm","floor":11},{"not_picked":["Blizzard","Stack","Barrage"],"picked":"SKIP","floor":13},{"not_picked":["Multi-Cast","Rainbow"],"picked":"Electrodynamics","floor":16},{"not_picked":["Stack","Compile Driver","Streamline+1"],"picked":"SKIP","floor":18},{"not_picked":["Sweeping Beam","Turbo+1"],"picked":"Conserve Battery+1","floor":19},{"not_picked":["Redo","Coolheaded"],"picked":"Leap","floor":20},{"not_picked":["Barrage","Rebound+1","Hologram"],"picked":"SKIP","floor":21},{"not_picked":["Beam Cell+1","Sweeping Beam"],"picked":"Thunder Strike","floor":23},{"not_picked":["Sweeping Beam","Coolheaded+1","Leap"],"picked":"SKIP","floor":25},{"not_picked":["Electrodynamics","Redo+1"],"picked":"Hologram+1","floor":27},{"not_picked":["Hologram+1","Coolheaded+1"],"picked":"Consume+1","floor":30},{"not_picked":["Amplify+1","Reboot+1"],"picked":"Echo Form","floor":33},{"not_picked":["Reinforced Body+1","Recycle+1"],"picked":"Defragment","floor":35},{"not_picked":["Go for the Eyes","Beam Cell+1","Sweeping Beam+1"],"picked":"SKIP","floor":38},{"not_picked":["Recycle+1","Coolheaded+1"],"picked":"Auto Shields+1","floor":41},{"not_picked":["Consume+1","Streamline","Beam Cell"],"picked":"SKIP","floor":45},{"not_picked":["Steam+1","Stack+1"],"picked":"Double Energy+1","floor":46},{"not_picked":["Turbo+1","Ball Lightning+1","Darkness+1"],"picked":"Aggregate+1","floor":48}],"player_experience":563433,"relics_obtained":[{"floor":6,"key":"Bag of Marbles"},{"floor":9,"key":"The Courier"},{"floor":23,"key":"Dead Branch"},{"floor":26,"key":"Toxic Egg 2"},{"floor":30,"key":"Mercury Hourglass"},{"floor":41,"key":"Ice Cream"},{"floor":43,"key":"Pear"},{"floor":46,"key":"Question Card"},{"floor":48,"key":"Unceasing Top"}],"event_choices":[{"event_name":"World of Goop","player_choice":"Gather Gold","floor":2,"damage_taken":0},{"event_name":"Scrap Ooze","player_choice":"success","floor":14,"damage_taken":25},{"event_name":"Forgotten Altar","player_choice":"Smashed Altar","floor":22,"damage_taken":0},{"event_name":"Back to Basics","player_choice":"Simplicity","floor":28,"damage_taken":0},{"event_name":"The Library","player_choice":"Heal","floor":31,"damage_taken":0},{"event_name":"Winding Halls","player_choice":"Embrace Madness","floor":36,"damage_taken":0},{"event_name":"Tomb of Lord Red Mask","player_choice":"Paid","floor":39,"damage_taken":0},{"event_name":"MindBloom","player_choice":"Fight","floor":48,"damage_taken":0}],"is_beta":false,"boss_relics":[{"not_picked":["Runic Pyramid","Velvet Choker"],"picked":"Lizard Tail"},{"not_picked":["Empty Cage","Cursed Key"],"picked":"Pandora\u0027s Box"}],"items_purged_floors":[24,37],"is_endless":false,"potions_floor_spawned":[1,5,13,16,19,23,30,33,41,46],"killed_by":"Time Eater","ascension_level":0}