{"gold_per_floor":[114,132,132,57,57,57,19,37,89,133,145,167,179,217,229,344,356,380,412,443,455,467,479,519,551,563,211,211,211,211,225,225,320,320,339,353,353,372,170,170],"floor_reached":40,"playtime":2012,"items_purged":["Strike_B"],"score":522,"play_id":"611e718e-2aae-44bf-8780-a5df8deaf82f","local_time":"20180913182918","is_ascension_mode":true,"campfire_choices":[{"floor":6,"key":"REST"},{"floor":11,"key":"REST"},{"floor":13,"key":"REST"},{"data":"Genetic Algorithm","floor":15,"key":"SMITH"},{"floor":23,"key":"REST"},{"floor":28,"key":"REST"},{"floor":30,"key":"REST"},{"floor":32,"key":"REST"}],"neow_cost":"PERCENT_DAMAGE","seed_source_timestamp":145006739630808,"circlet_count":0,"master_deck":["Defend_B","Defend_B","Defend_B","Defend_B","Zap","Dualcast","Redo","Genetic Algorithm+1","Static Discharge","Doom and Gloom","Doom and Gloom","Leap","Redo","Rainbow","Lockon","Fusion+1","Bite","Bite","Bite","Bite","Bite","Steam","Defragment","Loop","Doom and Gloom+1","White Noise","Darkness+1","Biased Cognition","Coolheaded+1","Loop+1","Madness","Madness","Skim+1","Conserve Battery"],"relics":["Cracked Core","Mango","MawBank","Art of War","Torii","Fusion Hammer","Pear","Meat on the Bone","Molten Egg 2","Lizard Tail","PreservedInsect"],"potions_floor_usage":[20,25,33,40,40],"damage_taken":[{"damage":14,"enemies":"Jaw Worm","floor":1,"turns":5},{"damage":0,"enemies":"2 Louse","floor":2,"turns":2},{"damage":21,"enemies":"Small Slimes","floor":8,"turns":3},{"damage":31,"enemies":"Gremlin Nob","floor":10,"turns":4},{"damage":11,"enemies":"Exordium Wildlife","floor":12,"turns":3},{"damage":20,"enemies":"Lagavulin","floor":14,"turns":7},{"damage":31,"enemies":"The Guardian","floor":16,"turns":8},{"damage":13,"enemies":"3 Byrds","floor":18,"turns":1},{"damage":0,"enemies":"Chosen","floor":19,"turns":4},{"damage":13,"enemies":"Centurion and Healer","floor":20,"turns":6},{"damage":39,"enemies":"Gremlin Leader","floor":24,"turns":5},{"damage":38,"enemies":"Cultist and Chosen","floor":25,"turns":5},{"damage":27,"enemies":"Snecko","floor":31,"turns":4},{"damage":81,"enemies":"Champ","floor":33,"turns":10},{"damage":25,"enemies":"Orb Walker","floor":35,"turns":4},{"damage":24,"enemies":"3 Shapes","floor":36,"turns":4},{"damage":62,"enemies":"Spire Growth","floor":38,"turns":5},{"damage":53,"enemies":"Nemesis","floor":40,"turns":5}],"seed_played":"5825694387061980953","potions_obtained":[{"floor":2,"key":"LiquidBronze"},{"floor":14,"key":"Ancient Potion"},{"floor":16,"key":"Block Potion"},{"floor":20,"key":"EssenceOfSteel"},{"floor":33,"key":"FearPotion"},{"floor":35,"key":"Fire Potion"}],"is_trial":false,"path_per_floor":["M","M","?","$","?","R","$","M","T","E","R","M","R","E","R","B",null,"M","M","M","?","?","R","E","M","T","$","R","$","R","M","R","B",null,"M","M","?","M","$"],"character_chosen":"DEFECT","items_purchased":["Static Discharge","Molten Egg 2","Doom and Gloom+1","White Noise","PreservedInsect","Conserve Battery"],"campfire_rested":7,"item_purchase_floors":[7,27,27,27,39,39],"current_hp_per_floor":[51,51,62,62,62,92,92,71,71,40,70,59,89,69,69,38,103,90,90,77,72,72,72,51,21,21,21,45,45,69,46,70,19,82,59,43,33,36,36,0],"gold":170,"neow_bonus":"TWENTY_PERCENT_HP_BONUS","is_prod":false,"is_daily":false,"chose_seed":false,"campfire_upgraded":1,"win_rate":0,"timestamp":1536877758,"path_taken":["M","M","?","$","?","R","?","?","T","E","R","M","R","E","R","BOSS","M","M","M","?","?","R","E","M","T","$","R","$","R","?","R","BOSS","M","M","?","M","$","E"],"build_version":"2018-09-06","purchased_purges":1,"victory":false,"max_hp_per_floor":[89,89,103,103,103,103,103,103,103,103,103,103,103,103,103,103,103,103,103,103,72,72,72,82,82,82,82,82,82,82,82,82,82,82,82,82,82,82,82,82],"card_choices":[{"not_picked":["Barrage","Recycle"],"picked":"Redo","floor":1},{"not_picked":["Gash","Reinforced Body"],"picked":"Genetic Algorithm","floor":2},{"not_picked":["Gash","Fusion"],"picked":"Doom and Gloom","floor":8},{"not_picked":["Hologram","Turbo"],"picked":"Doom and Gloom","floor":10},{"not_picked":["Rebound","Turbo"],"picked":"Leap","floor":12},{"not_picked":["Compile Driver","Cold Snap"],"picked":"Redo","floor":14},{"not_picked":["Buffer","Machine Learning"],"picked":"Rainbow","floor":16},{"not_picked":["Ball Lightning+1","Scrape"],"picked":"Lockon","floor":18},{"not_picked":["Undo","Sunder","Barrage"],"picked":"SKIP","floor":19},{"not_picked":["Undo+1","Rebound+1"],"picked":"Fusion+1","floor":20},{"not_picked":["Steam","Rebound"],"picked":"Defragment","floor":24},{"not_picked":["BootSequence+1","Gash"],"picked":"Loop","floor":25},{"not_picked":["Fusion","Compile Driver+1"],"picked":"Darkness+1","floor":31},{"not_picked":["Core Surge+1","Meteor Strike+1"],"picked":"Biased Cognition","floor":33},{"not_picked":["Static Discharge+1","Rebound+1"],"picked":"Coolheaded+1","floor":35},{"not_picked":["Rebound+1","Genetic Algorithm"],"picked":"Loop+1","floor":36},{"not_picked":["Recycle","Turbo+1"],"picked":"Skim+1","floor":38}],"player_experience":806904,"relics_obtained":[{"floor":9,"key":"MawBank"},{"floor":10,"key":"Art of War"},{"floor":14,"key":"Torii"},{"floor":24,"key":"Pear"},{"floor":26,"key":"Meat on the Bone"}],"event_choices":[{"event_name":"Scrap Ooze","player_choice":"success","floor":3,"damage_taken":3},{"event_name":"Golden Idol","player_choice":"Ignored","floor":5,"damage_taken":0},{"event_name":"Vampires","player_choice":"Became a vampire","floor":21,"damage_taken":0},{"event_name":"Match and Keep!","player_choice":"1 cards matched","floor":22,"damage_taken":0},{"event_name":"Winding Halls","player_choice":"Embrace Madness","floor":37,"damage_taken":0}],"is_beta":false,"boss_relics":[{"not_picked":["Tiny House","Black Star"],"picked":"Fusion Hammer"},{"not_picked":["Sozu","Cursed Key"],"picked":"Lizard Tail"}],"items_purged_floors":[4],"is_endless":false,"potions_floor_spawned":[2,14,16,18,20,33,35,36],"killed_by":"Nemesis","ascension_level":4}