{"gold_per_floor":[111,111,111,125,141,170,170,182,182,195,221,234,261,261,261,365,365,331,331,256,256,267,267,267],"floor_reached":24,"playtime":1020,"items_purged":[],"score":346,"play_id":"4638e3f0-f827-415e-a521-368d454d305d","local_time":"20190428135957","is_ascension_mode":true,"campfire_choices":[{"data":"Sucker Punch","floor":7,"key":"SMITH"},{"data":"Leg Sweep","floor":15,"key":"SMITH"},{"data":"Acrobatics","floor":23,"key":"SMITH"}],"neow_cost":"NONE","seed_source_timestamp":603626142545314,"circlet_count":0,"master_deck":["AscendersBane","Defend_G","Defend_G","Defend_G+1","Defend_G+1","Defend_G","Strike_G","Strike_G","Survivor","Neutralize+1","Poisoned Stab","Sucker Punch+1","Dodge and Roll","Deadly Poison","Leg Sweep+1","Flying Knee","Noxious Fumes","Tools of the Trade","Deadly Poison+1","Acrobatics+1"],"relics":["Ring of the Snake","NeowsBlessing","Singing Bowl","Blue Candle","War Paint","Art of War","Ornamental Fan","HoveringKite","MutagenicStrength"],"potions_floor_usage":[6,6,13,16],"damage_taken":[{"damage":0,"enemies":"Small Slimes","floor":1,"turns":1},{"damage":0,"enemies":"2 Louse","floor":4,"turns":1},{"damage":0,"enemies":"Cultist","floor":5,"turns":1},{"damage":16,"enemies":"3 Sentries","floor":6,"turns":7},{"damage":7,"enemies":"2 Fungi Beasts","floor":8,"turns":4},{"damage":2,"enemies":"Large Slime","floor":10,"turns":7},{"damage":13,"enemies":"Gremlin Nob","floor":11,"turns":4},{"damage":0,"enemies":"Looter","floor":12,"turns":3},{"damage":14,"enemies":"3 Sentries","floor":13,"turns":13},{"damage":2,"enemies":"Hexaghost","floor":16,"turns":9},{"damage":9,"enemies":"2 Thieves","floor":18,"turns":5},{"damage":7,"enemies":"Chosen","floor":22,"turns":5},{"damage":45,"enemies":"Book of Stabbing","floor":24,"turns":7}],"seed_played":"-40616708832540825","potions_obtained":[{"floor":1,"key":"SteroidPotion"},{"floor":4,"key":"LiquidBronze"},{"floor":10,"key":"Ancient Potion"},{"floor":12,"key":"SkillPotion"},{"floor":13,"key":"Poison Potion"}],"is_trial":false,"path_per_floor":["M","?","?","M","M","E","R","M","T","M","E","M","E","?","R","B",null,"M","?","?","?","M","R","E"],"character_chosen":"THE_SILENT","items_purchased":[],"campfire_rested":0,"item_purchase_floors":[],"current_hp_per_floor":[63,63,63,63,63,49,49,42,42,42,29,29,15,15,15,13,59,50,50,50,50,43,43,0],"gold":267,"neow_bonus":"THREE_ENEMY_KILL","is_prod":false,"is_daily":false,"chose_seed":false,"campfire_upgraded":3,"win_rate":0,"timestamp":1556452797,"path_taken":["M","?","?","?","M","E","R","M","T","M","E","M","E","?","R","BOSS","M","?","?","?","M","R","E"],"build_version":"2019-04-23","purchased_purges":0,"victory":false,"max_hp_per_floor":[70,70,70,70,70,72,72,72,72,74,74,74,74,74,74,74,74,74,74,74,74,74,74,74],"card_choices":[{"not_picked":["Flechettes","Prepared"],"picked":"Poisoned Stab","floor":1},{"not_picked":["Bane","Deflect"],"picked":"Sucker Punch","floor":4},{"not_picked":["Accuracy","Bane"],"picked":"Dodge and Roll","floor":5},{"not_picked":["Quick Slash","Accuracy","Distraction"],"picked":"Singing Bowl","floor":6},{"not_picked":["Poisoned Stab","Underhanded Strike"],"picked":"Deadly Poison","floor":8},{"not_picked":["Poisoned Stab","Expertise","Blade Dance"],"picked":"Singing Bowl","floor":10},{"not_picked":["Sucker Punch","Deflect"],"picked":"Leg Sweep","floor":11},{"not_picked":["Slice","Underhanded Strike"],"picked":"Flying Knee","floor":12},{"not_picked":["Caltrops","Venomology"],"picked":"Noxious Fumes","floor":13},{"not_picked":["Doppelganger","Phantasmal Killer"],"picked":"Tools of the Trade","floor":16},{"not_picked":["Choke","Slice"],"picked":"Deadly Poison+1","floor":18},{"not_picked":["Prepared","Poisoned Stab+1"],"picked":"Acrobatics","floor":22}],"player_experience":1277725,"relics_obtained":[{"floor":6,"key":"Singing Bowl"},{"floor":9,"key":"Blue Candle"},{"floor":11,"key":"War Paint"},{"floor":13,"key":"Art of War"}],"event_choices":[{"damage_healed":0,"gold_gain":0,"player_choice":"Grow","damage_taken":0,"max_hp_gain":0,"max_hp_loss":0,"event_name":"Living Wall","floor":2,"gold_loss":0,"cards_upgraded":["Neutralize"]},{"cards_removed":["Strike_G"],"damage_healed":0,"gold_gain":0,"player_choice":"Purged","damage_taken":0,"max_hp_gain":0,"max_hp_loss":0,"event_name":"Purifier","floor":3,"gold_loss":0},{"damage_healed":0,"gold_gain":0,"player_choice":"Searched \u00271\u0027 times","damage_taken":0,"relics_obtained":["Ornamental Fan"],"max_hp_gain":0,"max_hp_loss":0,"event_name":"Dead Adventurer","floor":14,"gold_loss":0},{"damage_healed":0,"gold_gain":0,"player_choice":"Inject Mutagens","damage_taken":0,"relics_obtained":["MutagenicStrength"],"max_hp_gain":0,"max_hp_loss":0,"event_name":"Drug Dealer","floor":19,"gold_loss":0},{"cards_removed":["Strike_G"],"damage_healed":0,"gold_gain":0,"player_choice":"Gave Gold","damage_taken":0,"max_hp_gain":0,"max_hp_loss":0,"event_name":"Beggar","floor":20,"gold_loss":75},{"cards_removed":["Strike_G"],"damage_healed":0,"gold_gain":0,"player_choice":"Card Removal","damage_taken":0,"max_hp_gain":0,"max_hp_loss":0,"event_name":"Wheel of Change","floor":21,"gold_loss":0}],"is_beta":true,"boss_relics":[{"not_picked":["White Beast Statue","Lizard Tail"],"picked":"HoveringKite"}],"items_purged_floors":[],"is_endless":false,"potions_floor_spawned":[1,4,10,12,13],"killed_by":"Book of Stabbing","ascension_level":12}