{"gold_per_floor":[13,13,30,40,50,76,95,107,107,107,107,107,126,100,100,197,197,216,230,250,175,188,242,154,165,165,165,190,190,201,218,218,320,320,335,351,351,365,61,61,78,0,52,65,84,84,104,118,118,118],"floor_reached":50,"playtime":9065,"items_purged":["Strike_R"],"score":526,"play_id":"ca99764c-cbfe-46fd-a980-8ac4e6765b38","local_time":"20180623230502","is_ascension_mode":false,"campfire_choices":[{"floor":12,"key":"DIG"},{"floor":15,"key":"DIG"},{"floor":27,"key":"REST"},{"floor":32,"key":"DIG"},{"floor":40,"key":"REST"},{"floor":46,"key":"DIG"},{"floor":49,"key":"REST"}],"neow_cost":"NO_GOLD","seed_source_timestamp":6973356507328,"circlet_count":0,"master_deck":["Strike_R","Strike_R","Strike_R","Strike_R","Defend_R","Defend_R","Defend_R","Defend_R","Bash","Metallicize","Warcry","Armaments+1","Iron Wave","Disarm","Reaper","Pommel Strike","Sword Boomerang","Headbutt","Juggernaut","Metallicize","Pommel Strike","Clothesline","Panacea","Rampage","Ghostly Armor+1","RitualDagger","Armaments+1","Shrug It Off","Double Tap","Thunderclap+1","Rampage+1","Body Slam","Mind Blast","Secret Weapon","Armaments","Entrench","Shrug It Off","Flame Barrier","Inflame+1","Spot Weakness"],"relics":["Black Blood","Bronze Scales","Toolbox","Shovel","Bottled Tornado","Mercury Hourglass","Fusion Hammer","Regal Pillow","Matryoshka","Bottled Lightning","Sundial","Red Mask","Blood Vial","Lantern","Omamori"],"potions_floor_usage":[5,7,14,19,28,28,50,50,50],"damage_taken":[{"damage":1,"enemies":"Jaw Worm","floor":1,"turns":5},{"damage":0,"enemies":"Small Slimes","floor":3,"turns":3},{"damage":5,"enemies":"2 Louse","floor":4,"turns":3},{"damage":13,"enemies":"Blue Slaver","floor":5,"turns":4},{"damage":36,"enemies":"Lagavulin","floor":6,"turns":14},{"damage":0,"enemies":"Lots of Slimes","floor":7,"turns":1},{"damage":18,"enemies":"Gremlin Gang","floor":8,"turns":8},{"damage":4,"enemies":"Red Slaver","floor":13,"turns":4},{"damage":1,"enemies":"Exordium Thugs","floor":14,"turns":5},{"damage":62,"enemies":"Slime Boss","floor":16,"turns":12},{"damage":11,"enemies":"Shell Parasite","floor":18,"turns":6},{"damage":16,"enemies":"Chosen","floor":19,"turns":5},{"damage":4,"enemies":"Centurion and Healer","floor":20,"turns":7},{"damage":12,"enemies":"Snecko","floor":22,"turns":5},{"damage":46,"enemies":"Cultist and Chosen","floor":25,"turns":6},{"damage":30,"enemies":"Gremlin Leader","floor":28,"turns":8},{"damage":6,"enemies":"Centurion and Healer","floor":30,"turns":8},{"damage":8,"enemies":"3 Cultists","floor":31,"turns":5},{"damage":80,"enemies":"Collector","floor":33,"turns":10},{"damage":27,"enemies":"3 Darklings","floor":35,"turns":6},{"damage":22,"enemies":"3 Shapes","floor":36,"turns":5},{"damage":32,"enemies":"Sphere and 2 Shapes","floor":38,"turns":7},{"damage":35,"enemies":"Maw","floor":41,"turns":10},{"damage":24,"enemies":"3 Darklings","floor":44,"turns":4},{"damage":0,"enemies":"4 Shapes","floor":45,"turns":5},{"damage":45,"enemies":"Sphere and 2 Shapes","floor":47,"turns":7},{"damage":24,"enemies":"Maw","floor":48,"turns":9},{"damage":110,"enemies":"Awakened One","floor":50,"turns":11}],"seed_played":"-5768791699959743660","potions_obtained":[{"floor":4,"key":"Dexterity Potion"},{"floor":5,"key":"Explosive Potion"},{"floor":8,"key":"GamblersBrew"},{"floor":13,"key":"SkillPotion"},{"floor":18,"key":"AttackPotion"},{"floor":25,"key":"AttackPotion"},{"floor":31,"key":"Swift Potion"},{"floor":35,"key":"Weak Potion"},{"floor":41,"key":"Weak Potion"},{"floor":44,"key":"Energy Potion"}],"is_trial":false,"path_per_floor":["M","?","M","M","M","E","M","M","T","?","T","R","M","M","R","B",null,"M","M","M","$","M","T","$","M","T","R","E","?","M","M","R","B",null,"M","M","?","M","$","R","M","?","T","M","M","R","M","M","R"],"character_chosen":"IRONCLAD","items_purchased":["Panacea","Mind Blast","Secret Weapon","Armaments"],"campfire_rested":3,"item_purchase_floors":[24,39,39,39],"current_hp_per_floor":[96,101,101,101,94,64,70,64,64,64,64,64,71,81,81,33,101,100,94,98,98,95,95,95,61,61,101,81,75,81,91,91,27,101,88,76,76,54,54,99,76,76,76,64,76,76,50,38,83,0],"gold":118,"neow_bonus":"TWENTY_PERCENT_HP_BONUS","is_prod":false,"is_daily":false,"chose_seed":false,"campfire_upgraded":0,"win_rate":0.0,"timestamp":1529809502,"path_taken":["M","?","M","M","M","E","M","M","T","?","?","R","?","M","R","BOSS","M","?","?","?","?","?","$","M","T","R","E","?","M","M","R","BOSS","M","?","?","M","$","R","M","?","T","M","M","R","?","M","R","BOSS"],"build_version":"2018-06-21v2","purchased_purges":1,"victory":false,"max_hp_per_floor":[96,101,101,101,101,101,101,101,101,101,101,101,101,101,101,101,101,101,101,101,101,101,101,101,101,101,101,101,101,101,101,101,101,101,101,101,101,101,101,101,101,101,101,101,101,101,101,101,101,101],"card_choices":[{"not_picked":["Headbutt","Clash"],"picked":"Metallicize","floor":1},{"not_picked":["Clash","Cleave"],"picked":"Warcry","floor":3},{"not_picked":["Rampage","Clash"],"picked":"Armaments","floor":4},{"not_picked":["Cleave","Combust"],"picked":"Iron Wave","floor":5},{"not_picked":["Body Slam","Clothesline"],"picked":"Disarm","floor":6},{"not_picked":["Power Through","Bloodletting"],"picked":"Reaper","floor":7},{"not_picked":["Perfected Strike","True Grit"],"picked":"Pommel Strike","floor":8},{"not_picked":["Sever Soul","Pommel Strike"],"picked":"Sword Boomerang","floor":13},{"not_picked":["Rupture","Corruption"],"picked":"Headbutt","floor":14},{"not_picked":["Limit Break","Berserk"],"picked":"Juggernaut","floor":16},{"not_picked":["Shrug It Off","Sword Boomerang"],"picked":"Metallicize","floor":18},{"not_picked":["Headbutt","Warcry"],"picked":"Pommel Strike","floor":19},{"not_picked":["Body Slam","Iron Wave"],"picked":"Fire Breathing","floor":20},{"not_picked":["Power Through","Anger"],"picked":"Clothesline","floor":22},{"not_picked":["Power Through","Twin Strike"],"picked":"Rampage","floor":25},{"not_picked":["Bloodletting","Flex"],"picked":"Ghostly Armor+1","floor":28},{"not_picked":["Cleave","Inflame"],"picked":"Armaments+1","floor":30},{"not_picked":["Spot Weakness","Dropkick"],"picked":"Shrug It Off","floor":31},{"not_picked":["Juggernaut","Bludgeon"],"picked":"Double Tap","floor":33},{"not_picked":["Twin Strike","Pommel Strike"],"picked":"Thunderclap+1","floor":35},{"not_picked":["Pommel Strike+1","Carnage"],"picked":"Rampage+1","floor":36},{"not_picked":["True Grit+1","Perfected Strike"],"picked":"Body Slam","floor":38},{"not_picked":["Power Through+1","Sword Boomerang+1"],"picked":"Entrench","floor":41},{"not_picked":["Cleave+1","Heavy Blade"],"picked":"Shrug It Off","floor":44},{"not_picked":["Cleave+1","Body Slam+1"],"picked":"Flame Barrier","floor":45},{"not_picked":["Flex+1","Cleave+1"],"picked":"Inflame+1","floor":47},{"not_picked":["Heavy Blade+1","Sever Soul+1"],"picked":"Spot Weakness","floor":48}],"player_experience":37419,"relics_obtained":[{"floor":6,"key":"Bronze Scales"},{"floor":9,"key":"Toolbox"},{"floor":11,"key":"Shovel"},{"floor":12,"key":"Bottled Tornado"},{"floor":15,"key":"Mercury Hourglass"},{"floor":23,"key":"Regal Pillow"},{"floor":26,"key":"Matryoshka"},{"floor":28,"key":"Bottled Lightning"},{"floor":32,"key":"Sundial"},{"floor":43,"key":"Blood Vial"},{"floor":43,"key":"Lantern"},{"floor":46,"key":"Omamori"}],"event_choices":[{"event_name":"Big Fish","player_choice":"Donut","floor":2,"damage_taken":0},{"event_name":"Living Wall","player_choice":"Grow","floor":10,"damage_taken":0},{"event_name":"Nest","player_choice":"Joined the Cult","floor":29,"damage_taken":0},{"event_name":"Falling","player_choice":"Removed Power","floor":37,"damage_taken":0},{"event_name":"Tomb of Lord Red Mask","player_choice":"Paid","floor":42,"damage_taken":0}],"boss_relics":[{"not_picked":["Runic Pyramid","Runic Dome"],"picked":"Fusion Hammer"},{"not_picked":["Lizard Tail","Empty Cage"],"picked":"Black Blood"}],"items_purged_floors":[21],"is_endless":false,"potions_floor_spawned":[4,5,8,13,18,25,31,35,41,44,47],"killed_by":"Awakened One","ascension_level":0}