{"gold_per_floor":[112,112,130,149,165,165,190,190,217,251,251,271,81,92,92,92],"floor_reached":16,"playtime":1589,"items_purged":["Strike_B"],"score":253,"play_id":"29dd536a-b2cf-46a1-8d52-307ee77b2f80","local_time":"20190503175732","is_ascension_mode":true,"campfire_choices":[{"data":"Self Repair","floor":6,"key":"SMITH"},{"data":"Lockon","floor":11,"key":"SMITH"},{"data":"Reinforced Body","floor":15,"key":"SMITH"}],"neow_cost":"NONE","seed_source_timestamp":1049312418888686,"circlet_count":0,"master_deck":["AscendersBane","Strike_B","Strike_B","Strike_B","Defend_B","Defend_B","Defend_B","Defend_B","Zap","Dualcast","Ball Lightning","Sunder+1","Ball Lightning","Self Repair+1","Lockon+1","Compile Driver","Reinforced Body+1","Self Repair","Leap","Undo"],"relics":["Cracked Core","Bag of Preparation","Dream Catcher","Art of War"],"potions_floor_usage":[7,7,12,14,16],"damage_taken":[{"damage":0,"enemies":"Small Slimes","floor":1,"turns":3},{"damage":7,"enemies":"Jaw Worm","floor":3,"turns":2},{"damage":0,"enemies":"Cultist","floor":4,"turns":2},{"damage":10,"enemies":"3 Louse","floor":5,"turns":3},{"damage":0,"enemies":"Gremlin Nob","floor":7,"turns":2},{"damage":15,"enemies":"3 Sentries","floor":10,"turns":5},{"damage":0,"enemies":"Red Slaver","floor":12,"turns":1},{"damage":33,"enemies":"Gremlin Gang","floor":14,"turns":4},{"damage":28,"enemies":"Slime Boss","floor":16,"turns":3}],"seed_played":"-6714204567812311636","potions_obtained":[{"floor":4,"key":"FearPotion"},{"floor":5,"key":"Strength Potion"},{"floor":7,"key":"GamblersBrew"},{"floor":10,"key":"Explosive Potion"},{"floor":12,"key":"FocusPotion"}],"is_trial":false,"path_per_floor":["M","?","M","M","M","R","E","?","T","E","R","M","$","M","R","B"],"character_chosen":"DEFECT","items_purchased":["Self Repair","Leap"],"campfire_rested":0,"item_purchase_floors":[13,13],"current_hp_per_floor":[64,64,57,57,47,47,47,52,52,47,47,47,47,24,24,0],"gold":92,"neow_bonus":"THREE_CARDS","is_prod":false,"is_daily":false,"chose_seed":false,"campfire_upgraded":3,"win_rate":0,"timestamp":1556899052,"path_taken":["M","?","M","M","M","R","E","?","T","E","R","M","?","M","R","BOSS"],"build_version":"2019-04-23","purchased_purges":1,"victory":false,"max_hp_per_floor":[71,71,71,71,71,71,71,76,76,76,76,76,76,76,76,76],"card_choices":[{"not_picked":["Coolheaded","Steam"],"picked":"Ball Lightning","floor":0},{"not_picked":["Sweeping Beam","Double Energy"],"picked":"Sunder","floor":1},{"not_picked":["Leap","Stack"],"picked":"Ball Lightning","floor":3},{"not_picked":["Redo","Static Discharge"],"picked":"Self Repair","floor":4},{"not_picked":["Double Energy","Cold Snap","Barrage"],"picked":"SKIP","floor":5},{"not_picked":["Blizzard","Streamline"],"picked":"Lockon","floor":7},{"not_picked":["Fusion","Barrage"],"picked":"Compile Driver","floor":10},{"not_picked":["Amplify","Rebound"],"picked":"Reinforced Body","floor":12},{"not_picked":["Hologram","Cold Snap"],"picked":"Undo","floor":14}],"player_experience":1465461,"relics_obtained":[{"floor":7,"key":"Bag of Preparation"},{"floor":9,"key":"Dream Catcher"},{"floor":10,"key":"Art of War"}],"event_choices":[{"damage_healed":0,"gold_gain":0,"player_choice":"Grow","damage_taken":0,"max_hp_gain":0,"max_hp_loss":0,"event_name":"Living Wall","floor":2,"gold_loss":0,"cards_upgraded":["Sunder"]},{"damage_healed":0,"gold_gain":0,"player_choice":"Donut","damage_taken":0,"max_hp_gain":5,"max_hp_loss":0,"event_name":"Big Fish","floor":8,"gold_loss":0}],"is_beta":true,"boss_relics":[],"items_purged_floors":[13],"is_endless":false,"potions_floor_spawned":[4,5,7,10,12],"killed_by":"Slime Boss","ascension_level":17}