{"gold_per_floor":[118,129,129,141,141,173,173,186,213,227,227,252,252,277,277,354,354,369,369,369],"floor_reached":20,"playtime":663,"items_purged":[],"score":337,"play_id":"5ff13c75-0e2d-47fe-9bb4-a91e94f1958c","local_time":"20190502220841","is_ascension_mode":true,"campfire_choices":[{"floor":7,"key":"REST"},{"floor":11,"key":"REST"},{"data":"Conserve Battery","floor":15,"key":"SMITH"}],"neow_cost":"NONE","seed_source_timestamp":978907511031048,"circlet_count":0,"master_deck":["AscendersBane","Zap","Dualcast","Gash","BootSequence","Hologram+1","Gash","Conserve Battery+1","Seek","Double Energy","Hyperbeam","Hello World","Hyperbeam","Amplify","Lockon","Coolheaded","Sweeping Beam"],"relics":["Cracked Core","Pen Nib","Regal Pillow","Whetstone","Centennial Puzzle","Happy Flower","Pandora\u0027s Box","Nilry\u0027s Codex"],"potions_floor_usage":[6,8,12],"damage_taken":[{"damage":2,"enemies":"2 Louse","floor":1,"turns":3},{"damage":0,"enemies":"Small Slimes","floor":2,"turns":2},{"damage":0,"enemies":"Jaw Worm","floor":4,"turns":2},{"damage":18,"enemies":"Lagavulin","floor":6,"turns":9},{"damage":0,"enemies":"2 Fungi Beasts","floor":8,"turns":2},{"damage":4,"enemies":"Large Slime","floor":10,"turns":7},{"damage":5,"enemies":"3 Sentries","floor":12,"turns":8},{"damage":29,"enemies":"The Guardian","floor":16,"turns":12},{"damage":20,"enemies":"3 Byrds","floor":18,"turns":3}],"seed_played":"-8760424002524197200","potions_obtained":[{"floor":2,"key":"FearPotion"},{"floor":4,"key":"Explosive Potion"},{"floor":6,"key":"SteroidPotion"},{"floor":10,"key":"Dexterity Potion"},{"floor":18,"key":"Regen Potion"}],"is_trial":false,"path_per_floor":["M","M","?","M","?","E","R","M","T","M","R","E","?","T","R","B",null,"M","?","$"],"character_chosen":"DEFECT","items_purchased":[],"campfire_rested":2,"item_purchase_floors":[],"current_hp_per_floor":[62,62,41,41,41,23,44,44,44,40,71,66,55,55,55,26,60,40,19,19],"gold":369,"neow_bonus":"REMOVE_CARD","is_prod":false,"is_daily":false,"chose_seed":false,"campfire_upgraded":1,"win_rate":0,"timestamp":1556827721,"path_taken":["M","M","?","M","?","E","R","M","T","M","R","E","?","?","R","BOSS","M","?","$"],"build_version":"2019-04-23","purchased_purges":0,"victory":false,"max_hp_per_floor":[71,71,71,71,71,71,71,71,71,71,71,71,71,71,71,71,71,71,71,71],"card_choices":[{"not_picked":["Go for the Eyes","Auto Shields"],"picked":"Gash","floor":1},{"not_picked":["Rebound","Redo"],"picked":"BootSequence","floor":2},{"not_picked":["Steam","Turbo"],"picked":"Hologram","floor":4},{"not_picked":["Melter","Streamline"],"picked":"Gash","floor":6},{"not_picked":["Streamline","Loop","Turbo"],"picked":"SKIP","floor":8},{"not_picked":["Coolheaded","Steam"],"picked":"Conserve Battery","floor":10},{"not_picked":["Redo","Rebound","Storm"],"picked":"SKIP","floor":12},{"not_picked":["Hyperbeam","Fission"],"picked":"Seek","floor":16},{"not_picked":["Blizzard","Streamline"],"picked":"Sweeping Beam","floor":18}],"player_experience":1446221,"relics_obtained":[{"floor":6,"key":"Pen Nib"},{"floor":9,"key":"Regal Pillow"},{"floor":12,"key":"Whetstone"},{"floor":14,"key":"Happy Flower"},{"floor":19,"key":"Nilry\u0027s Codex"}],"event_choices":[{"damage_healed":0,"gold_gain":0,"player_choice":"Entered Light","damage_taken":21,"max_hp_gain":0,"max_hp_loss":0,"event_name":"Shining Light","floor":3,"gold_loss":0,"cards_upgraded":["Defend_B","Defend_B"]},{"damage_healed":0,"gold_gain":0,"player_choice":"Grow","damage_taken":0,"max_hp_gain":0,"max_hp_loss":0,"event_name":"Living Wall","floor":5,"gold_loss":0,"cards_upgraded":["Hologram"]},{"damage_healed":0,"gold_gain":0,"player_choice":"Success","damage_taken":11,"relics_obtained":["Centennial Puzzle"],"max_hp_gain":0,"max_hp_loss":0,"event_name":"Scrap Ooze","floor":13,"gold_loss":0},{"damage_healed":0,"gold_gain":0,"player_choice":"Obtained Book","damage_taken":21,"max_hp_gain":0,"max_hp_loss":0,"event_name":"Cursed Tome","floor":19,"gold_loss":0}],"is_beta":true,"boss_relics":[{"not_picked":["Busted Crown","Lizard Tail"],"picked":"Pandora\u0027s Box"}],"items_purged_floors":[],"is_endless":false,"potions_floor_spawned":[2,4,6,10,18],"ascension_level":17}