{"path_per_floor":["M","M","$","M","?","R","?","M","T","R","M","R","E","M","R","B",null,"M","$","M","M","M","E","?","R","T","E","M","M","M","T","R"],"character_chosen":"IRONCLAD","items_purchased":["Mind Blast","Blood Vial","Whirlwind"],"gold_per_floor":[111,122,24,43,43,43,65,80,80,80,100,100,128,148,148,245,245,260,40,56,69,87,116,116,116,141,171,186,202,212,512,512],"floor_reached":33,"campfire_rested":2,"playtime":1349,"current_hp_per_floor":[80,80,80,80,80,80,69,68,68,68,62,62,28,33,57,14,64,59,59,67,52,50,29,29,45,45,33,17,29,37,37,37],"items_purged":[],"gold":512,"score":390,"play_id":"aaed3c86-3bdd-4ce5-88a5-e891d98c3da9","is_prod":false,"is_daily":false,"is_ascension_mode":true,"campfire_upgraded":4,"path_taken":["M","M","$","M","?","R","?","M","T","R","M","R","E","M","R","BOSS","M","$","?","M","M","E","?","R","T","E","M","M","M","?","R","BOSS"],"build_version":"2018-02-08-PROD1","purchased_purges":0,"victory":false,"master_deck":["Defend_R","Defend_R","Defend_R","Defend_R","Bash+1","Sword Boomerang","Iron Wave+1","Mind Blast+1","Pommel Strike","Headbutt","Inflame","Immolate","Pommel Strike","Shrug It Off","Double Tap+1","Hemokinesis+1","Whirlwind","Thunderclap","Anger+1","Bite","Bite","Bite","Bite","Bite","Doubt","Clothesline+1","Power Through+1","Intimidate+1","Pain"],"max_hp_per_floor":[80,80,80,80,80,80,80,80,80,80,80,80,80,80,80,80,80,80,80,80,80,80,80,56,56,56,56,56,56,56,56,56],"relics":["Burning Blood","Odd Mushroom","Frozen Eye","Ornamental Fan","Cursed Key","Blood Vial","Champion Belt","Oddly Smooth Stone","Pantograph","Old Coin"],"card_choices":[{"not_picked":["Reckless Charge","Battle Trance"],"picked":"Sword Boomerang"},{"not_picked":["Burning Pact","Twin Strike"],"picked":"Iron Wave"},{"not_picked":["Warcry","Anger"],"picked":"Pommel Strike"},{"not_picked":["Warcry","Hemokinesis"],"picked":"Headbutt"},{"not_picked":["Battle Trance","Cleave"],"picked":"Inflame"},{"not_picked":["Bloodletting","Perfected Strike"],"picked":"Immolate"},{"not_picked":["Feel No Pain","Cleave"],"picked":"Pommel Strike"},{"not_picked":["Body Slam","Juggernaut"],"picked":"Shrug It Off"},{"not_picked":["Juggernaut","Berserk"],"picked":"Double Tap"},{"not_picked":["Twin Strike","Perfected Strike"],"picked":"Hemokinesis"},{"not_picked":["Sever Soul","Dual Wield"],"picked":"Thunderclap"},{"not_picked":["Perfected Strike","Flex"],"picked":"Anger"},{"not_picked":["Body Slam","Pommel Strike"],"picked":"Clothesline"},{"not_picked":["Clothesline","Dark Embrace"],"picked":"Power Through"},{"not_picked":["Corruption","Armaments"],"picked":"Intimidate"}],"player_experience":510952,"potions_floor_usage":[2,7,16,23,27,30,33],"damage_taken":[{"damage":2,"enemies":"2 Louse","floor":1,"turns":3},{"damage":2,"enemies":"Jaw Worm","floor":2,"turns":3},{"damage":0,"enemies":"Small Slimes","floor":4,"turns":3},{"damage":17,"enemies":"The Mushroom Lair","floor":7,"turns":5},{"damage":7,"enemies":"3 Louse","floor":8,"turns":3},{"damage":12,"enemies":"Exordium Wildlife","floor":11,"turns":3},{"damage":40,"enemies":"Lagavulin","floor":13,"turns":4},{"damage":1,"enemies":"Looter","floor":14,"turns":2},{"damage":49,"enemies":"The Guardian","floor":16,"turns":11},{"damage":11,"enemies":"Shell Parasite","floor":18,"turns":4},{"damage":0,"enemies":"Spheric Guardian","floor":20,"turns":2},{"damage":23,"enemies":"3 Cultists","floor":21,"turns":4},{"damage":10,"enemies":"Cultist and Chosen","floor":22,"turns":6},{"damage":29,"enemies":"Book of Stabbing","floor":23,"turns":3},{"damage":20,"enemies":"Slavers","floor":27,"turns":2},{"damage":28,"enemies":"Snake Plant","floor":28,"turns":4},{"damage":2,"enemies":"Centurion and Healer","floor":29,"turns":4},{"damage":8,"enemies":"3 Cultists","floor":30,"turns":5},{"damage":77,"enemies":"Automaton","floor":33,"turns":6}],"event_choices":[{"event_name":"The Cleric","player_choice":"Leave","floor":5,"damage_taken":0},{"event_name":"Mushrooms","player_choice":"Fought Mushrooms","floor":7,"damage_taken":0},{"event_name":"Vampires","player_choice":"Became a vampire","floor":24,"damage_taken":0}],"boss_relics":[{"not_picked":["Runic Dome","Astrolabe"],"picked":"Cursed Key"}],"potions_floor_spawned":[1,2,8,16,22,27,30],"seed_played":"-1013953218294290933","killed_by":"Automaton","ascension_level":5,"is_trial":false}