{"gold_per_floor":[14,34,34,34,49,90,90,113,140,140,153,171,171,212,212,337,337,357,377,391,411,435,475,500,500,545,545,545,565,590,34,34,153,153,174,193,208,229,32,70,70,94,120,140,0,25,25,68,68,68],"floor_reached":50,"playtime":4163,"items_purged":[],"score":617,"play_id":"cde647bb-b0ae-4151-9184-27050258dd2e","local_time":"20180627201942","is_ascension_mode":false,"campfire_choices":[{"floor":7,"key":"REST"},{"floor":10,"key":"REST"},{"data":"Seeing Red","floor":15,"key":"SMITH"},{"floor":25,"key":"REST"},{"floor":28,"key":"REST"},{"floor":32,"key":"REST"},{"floor":41,"key":"REST"},{"floor":47,"key":"REST"},{"floor":49,"key":"REST"}],"neow_cost":"NO_GOLD","seed_source_timestamp":121104439363029,"circlet_count":0,"master_deck":["Strike_R+1","Strike_R+1","Strike_R+1","Strike_R+1","Strike_R+1","Defend_R+1","Defend_R+1","Defend_R+1","Defend_R+1","Bash","Seeing Red+1","Perfected Strike","Impervious","Flex","Bludgeon+1","Disarm","Pummel","True Grit","Flex","Offering","Inflame","Seeing Red+1","Bloodletting+1","Metallicize+1","Pommel Strike+1","Barricade","Rage","Perfected Strike","Bandage Up","Transmutation","Bludgeon","Pummel","Infernal Blade+1","Pommel Strike+1","Swift Strike","Inflame","Ghostly Armor","Berserk","Pommel Strike+1","Dual Wield+1","Exhume"],"relics":["Burning Blood","Golden Idol","Anchor","Whetstone","Vajra","Fusion Hammer","Pen Nib","Oddly Smooth Stone","Self Forming Clay","Mark of Pain","Omamori","Boot","Red Mask","Ornamental Fan"],"potions_floor_usage":[16,21,23,23,24,24,33,37,38,40,44,48,48],"damage_taken":[{"damage":15,"enemies":"Jaw Worm","floor":1,"turns":7},{"damage":5,"enemies":"2 Louse","floor":2,"turns":3},{"damage":15,"enemies":"Small Slimes","floor":5,"turns":4},{"damage":50,"enemies":"Lagavulin","floor":6,"turns":8},{"damage":20,"enemies":"Exordium Wildlife","floor":8,"turns":6},{"damage":16,"enemies":"Lots of Slimes","floor":11,"turns":6},{"damage":8,"enemies":"Large Slime","floor":12,"turns":6},{"damage":0,"enemies":"Gremlin Nob","floor":14,"turns":2},{"damage":31,"enemies":"The Guardian","floor":16,"turns":10},{"damage":19,"enemies":"3 Byrds","floor":18,"turns":6},{"damage":4,"enemies":"Chosen","floor":19,"turns":3},{"damage":17,"enemies":"Sentry and Sphere","floor":20,"turns":4},{"damage":37,"enemies":"3 Cultists","floor":21,"turns":5},{"damage":4,"enemies":"Snecko","floor":22,"turns":5},{"damage":39,"enemies":"Gremlin Leader","floor":23,"turns":6},{"damage":10,"enemies":"Snake Plant","floor":24,"turns":3},{"damage":19,"enemies":"Chosen and Byrds","floor":29,"turns":5},{"damage":7,"enemies":"Centurion and Healer","floor":30,"turns":3},{"damage":72,"enemies":"Champ","floor":33,"turns":14},{"damage":3,"enemies":"3 Shapes","floor":35,"turns":2},{"damage":0,"enemies":"Orb Walker","floor":36,"turns":2},{"damage":32,"enemies":"Maw","floor":37,"turns":9},{"damage":21,"enemies":"4 Shapes","floor":38,"turns":4},{"damage":83,"enemies":"2 Orb Walkers","floor":40,"turns":6},{"damage":9,"enemies":"3 Darklings","floor":42,"turns":5},{"damage":27,"enemies":"Sphere and 2 Shapes","floor":44,"turns":5},{"damage":26,"enemies":"Maw","floor":46,"turns":8},{"damage":28,"enemies":"Giant Head","floor":48,"turns":8},{"damage":83,"enemies":"Donu and Deca","floor":50,"turns":7}],"seed_played":"8930708615651680745","potions_obtained":[{"floor":5,"key":"PowerPotion"},{"floor":6,"key":"Explosive Potion"},{"floor":8,"key":"LiquidBronze"},{"floor":16,"key":"Regen Potion"},{"floor":18,"key":"LiquidBronze"},{"floor":21,"key":"Fire Potion"},{"floor":23,"key":"BloodPotion"},{"floor":29,"key":"Swift Potion"},{"floor":30,"key":"SteroidPotion"},{"floor":36,"key":"Regen Potion"},{"floor":37,"key":"Explosive Potion"},{"floor":42,"key":"FearPotion"},{"floor":44,"key":"AttackPotion"},{"floor":46,"key":"Strength Potion"}],"is_trial":false,"path_per_floor":["M","M","?","?","M","E","R","M","T","R","M","M","?","E","R","B",null,"M","M","M","M","M","E","M","R","T","?","R","M","M","$","R","B",null,"M","M","M","M","$","E","R","M","T","M","?","M","R","E","R"],"character_chosen":"IRONCLAD","items_purchased":["Self Forming Clay","Bandage Up","Transmutation","Swift Strike","Inflame","Ghostly Armor"],"campfire_rested":8,"item_purchase_floors":[31,31,31,39,39,39],"current_hp_per_floor":[87,88,64,64,55,11,39,25,25,53,43,41,41,47,47,22,96,83,85,74,48,50,17,22,50,50,50,78,65,64,64,92,30,96,96,96,74,63,63,8,36,37,37,38,38,34,62,44,72,0],"gold":68,"neow_bonus":"TWENTY_PERCENT_HP_BONUS","is_prod":false,"is_daily":false,"chose_seed":false,"campfire_upgraded":1,"win_rate":0.0,"timestamp":1530145182,"path_taken":["M","M","?","?","M","E","R","M","T","R","M","M","?","E","R","BOSS","M","M","M","M","M","E","M","R","T","?","R","M","M","$","R","BOSS","M","M","M","M","$","E","R","M","T","?","?","M","R","E","R","BOSS"],"build_version":"2018-06-21v2","purchased_purges":0,"victory":false,"max_hp_per_floor":[96,96,96,96,96,96,96,96,96,96,96,96,96,96,96,96,96,96,96,96,96,96,96,96,96,96,96,96,96,96,96,96,96,96,96,96,96,96,96,96,96,96,96,96,96,96,96,96,96,96],"card_choices":[{"not_picked":["Thunderclap","Havoc"],"picked":"Seeing Red","floor":1},{"not_picked":["Anger","Heavy Blade"],"picked":"Perfected Strike","floor":2},{"not_picked":["Headbutt","Warcry"],"picked":"Flex","floor":5},{"not_picked":["Havoc","Rampage"],"picked":"Bludgeon","floor":6},{"not_picked":["Shrug It Off","Combust"],"picked":"Disarm","floor":8},{"not_picked":["Hemokinesis","Second Wind"],"picked":"Pummel","floor":11},{"not_picked":["Whirlwind","Entrench"],"picked":"True Grit","floor":12},{"not_picked":["Sentinel","Armaments"],"picked":"Flex","floor":14},{"not_picked":["Immolate","Brutality"],"picked":"Offering","floor":16},{"not_picked":["True Grit","Sentinel"],"picked":"Inflame","floor":18},{"not_picked":["Evolve","Iron Wave"],"picked":"Seeing Red+1","floor":19},{"not_picked":["Dropkick","Ghostly Armor+1"],"picked":"Bloodletting+1","floor":20},{"not_picked":["Evolve","Havoc"],"picked":"Metallicize+1","floor":21},{"not_picked":["Shrug It Off","Iron Wave"],"picked":"Pommel Strike+1","floor":22},{"not_picked":["Thunderclap","Bloodletting"],"picked":"Barricade","floor":23},{"not_picked":["Shockwave","Armaments","Iron Wave"],"picked":"SKIP","floor":24},{"not_picked":["Flame Barrier+1","Sever Soul"],"picked":"Rage","floor":29},{"not_picked":["Flame Barrier","Rupture"],"picked":"Perfected Strike","floor":30},{"not_picked":["Reaper","Barricade"],"picked":"Bludgeon","floor":33},{"not_picked":["Anger+1","Second Wind"],"picked":"Pummel","floor":35},{"not_picked":["Blood for Blood+1","Twin Strike+1"],"picked":"Infernal Blade+1","floor":36},{"not_picked":["Wild Strike+1","Armaments+1","Disarm+1"],"picked":"SKIP","floor":37},{"not_picked":["Perfected Strike+1","Warcry+1"],"picked":"Pommel Strike+1","floor":38},{"not_picked":["Bloodletting","Heavy Blade+1"],"picked":"Berserk","floor":40},{"not_picked":["Iron Wave","Whirlwind+1"],"picked":"Pommel Strike+1","floor":42},{"not_picked":["Havoc","Dropkick+1","Headbutt"],"picked":"SKIP","floor":44},{"not_picked":["Shockwave+1","Intimidate+1"],"picked":"Dual Wield+1","floor":46},{"not_picked":["Wild Strike+1","Sword Boomerang+1"],"picked":"Exhume","floor":48}],"player_experience":76387,"relics_obtained":[{"floor":6,"key":"Anchor"},{"floor":9,"key":"Whetstone"},{"floor":14,"key":"Vajra"},{"floor":23,"key":"Pen Nib"},{"floor":26,"key":"Oddly Smooth Stone"},{"floor":40,"key":"Omamori"},{"floor":43,"key":"Boot"},{"floor":48,"key":"Ornamental Fan"}],"event_choices":[{"event_name":"Golden Idol","player_choice":"Take Damage","floor":3,"damage_taken":0},{"event_name":"Match and Keep!","player_choice":"1 cards matched","floor":4,"damage_taken":0},{"event_name":"Living Wall","player_choice":"Grow","floor":13,"damage_taken":0},{"event_name":"Back to Basics","player_choice":"Simplicity","floor":27,"damage_taken":0},{"event_name":"Tomb of Lord Red Mask","player_choice":"Paid","floor":45,"damage_taken":0}],"boss_relics":[{"not_picked":["Snecko Eye","Calling Bell"],"picked":"Fusion Hammer"},{"not_picked":["Coffee Dripper","Tiny House"],"picked":"Mark of Pain"}],"items_purged_floors":[],"is_endless":false,"potions_floor_spawned":[5,6,8,16,18,21,22,23,29,30,36,37,42,44,46],"killed_by":"Donu and Deca","ascension_level":0}