{"gold_per_floor":[111,36,36,111,111,111,145,159,159,188,207,234,234,234,234,331,331,341,357,357,357,368,368],"floor_reached":23,"playtime":1551,"items_purged":["Strike_R"],"score":278,"play_id":"5a341258-3fdb-4a8c-ac8d-ace5ce3bfa94","local_time":"20190518213836","is_ascension_mode":true,"campfire_choices":[{"data":"Bash","floor":6,"key":"SMITH"},{"data":"Shockwave","floor":13,"key":"SMITH"},{"floor":15,"key":"REST"}],"neow_cost":"NONE","seed_source_timestamp":266194539527500,"circlet_count":0,"master_deck":["Strike_R+1","Strike_R","Strike_R+1","Defend_R","Defend_R","Defend_R","Defend_R","Bash+1","Cleave","Intimidate","Shockwave+1","Spot Weakness","Clash","Shrug It Off","Flex","Feed","Flex","Armaments","Twin Strike","Pummel","Demon Form","Shrug It Off+1","Disarm","Inflame+1"],"special_seed":0,"relics":["Burning Blood","Vajra","Whetstone","Question Card","Red Skull","Orrery","Nloth\u0027s Gift"],"potions_floor_usage":[12,16,19,23],"damage_taken":[{"damage":10.0,"enemies":"2 Louse","floor":1.0,"turns":2.0},{"damage":32,"enemies":"Gremlin Nob","floor":7,"turns":4},{"damage":4,"enemies":"Small Slimes","floor":8,"turns":3},{"damage":20,"enemies":"Lagavulin","floor":10,"turns":7},{"damage":2,"enemies":"Jaw Worm","floor":11,"turns":3},{"damage":0,"enemies":"Gremlin Nob","floor":12,"turns":3},{"damage":39,"enemies":"Hexaghost","floor":16,"turns":8},{"damage":21,"enemies":"3 Byrds","floor":18,"turns":5},{"damage":11,"enemies":"2 Thieves","floor":19,"turns":2},{"damage":16,"enemies":"Snecko","floor":22,"turns":6},{"damage":39,"enemies":"Book of Stabbing","floor":23,"turns":6}],"seed_played":"-8107084758879201866","potions_obtained":[{"floor":7,"key":"Strength Potion"},{"floor":8,"key":"AttackPotion"},{"floor":11,"key":"FearPotion"},{"floor":19,"key":"Dexterity Potion"}],"is_trial":false,"path_per_floor":["M","$","?","?","T","R","E","M","T","E","M","E","R","?","R","B",null,"M","M","?","?","M","E"],"character_chosen":"IRONCLAD","items_purchased":[],"campfire_rested":1,"item_purchase_floors":[],"current_hp_per_floor":[76,76,76,65,65,65,39,41,41,27,31,37,37,37,61,28,80,68,63,47,47,37,0],"gold":368,"neow_bonus":"RANDOM_COMMON_RELIC","is_prod":false,"is_daily":false,"chose_seed":false,"campfire_upgraded":2,"win_rate":0,"timestamp":1558208316,"path_taken":["M","$","?","?","?","R","E","M","T","E","M","E","R","?","R","BOSS","M","M","?","?","?","E"],"build_version":"2019-05-07","purchased_purges":1,"victory":false,"max_hp_per_floor":[80,80,80,80,80,80,80,80,80,80,80,80,80,80,80,80,80,83,83,88,88,88,88],"card_choices":[{"not_picked":["Clash","Shrug It Off"],"picked":"Cleave","floor":1.0},{"not_picked":["Dropkick","Ghostly Armor"],"picked":"Shockwave","floor":7},{"not_picked":["Havoc","Pummel","Heavy Blade"],"picked":"Spot Weakness","floor":8},{"not_picked":["Fiend Fire","Feel No Pain","Anger"],"picked":"Clash","floor":10},{"not_picked":["Blood for Blood","Evolve","Bloodletting"],"picked":"Shrug It Off","floor":11},{"not_picked":["Infernal Blade","Rupture","Heavy Blade"],"picked":"Flex","floor":12},{"not_picked":["Exhume","Dark Embrace","Juggernaut"],"picked":"Feed","floor":16},{"not_picked":["Thunderclap","Power Through","Combust"],"picked":"Flex","floor":17},{"not_picked":["Body Slam","Juggernaut","Entrench"],"picked":"Armaments","floor":17},{"not_picked":["Spot Weakness","Iron Wave","Clothesline"],"picked":"Twin Strike","floor":17},{"not_picked":["Havoc","Iron Wave","Rage"],"picked":"Pummel","floor":17},{"not_picked":["True Grit","Thunderclap","Armaments"],"picked":"Demon Form","floor":17},{"not_picked":["Corruption","Headbutt+1","Searing Blow"],"picked":"Shrug It Off+1","floor":18},{"not_picked":["Perfected Strike","True Grit+1","Iron Wave+1"],"picked":"Disarm","floor":19},{"not_picked":["Power Through","Havoc","Carnage"],"picked":"Inflame+1","floor":22}],"player_experience":293230,"relics_obtained":[{"floor":5,"key":"Whetstone"},{"floor":7,"key":"Question Card"},{"floor":10,"key":"Calipers"},{"floor":12,"key":"Red Skull"}],"event_choices":[{"damage_healed":0,"gold_gain":0,"cards_transformed":["Strike_R"],"player_choice":"Change","damage_taken":0,"max_hp_gain":0,"max_hp_loss":0,"event_name":"Living Wall","floor":3,"gold_loss":0,"cards_obtained":["Intimidate"]},{"damage_healed":0,"gold_gain":75,"player_choice":"Gather Gold","damage_taken":11,"max_hp_gain":0,"max_hp_loss":0,"event_name":"World of Goop","floor":4,"gold_loss":0},{"damage_healed":0,"gold_gain":0,"player_choice":"Ignored","damage_taken":0,"max_hp_gain":0,"max_hp_loss":0,"event_name":"Golden Idol","floor":14,"gold_loss":0},{"damage_healed":0,"gold_gain":0,"player_choice":"Shed Blood","damage_taken":21,"max_hp_gain":5,"max_hp_loss":0,"event_name":"Forgotten Altar","floor":20,"gold_loss":0},{"damage_healed":0,"gold_gain":0,"player_choice":"Traded Relic","damage_taken":0,"relics_obtained":["Nloth\u0027s Gift"],"max_hp_gain":0,"max_hp_loss":0,"event_name":"N\u0027loth","floor":21,"relics_lost":["Calipers"],"gold_loss":0}],"is_beta":true,"boss_relics":[{"not_picked":["White Beast Statue","Empty Cage"],"picked":"Orrery"}],"items_purged_floors":[2],"is_endless":false,"potions_floor_spawned":[7,8,11,19],"killed_by":"Book of Stabbing","ascension_level":4}