{"gold_per_floor":[213,231,306,37,37,63,63,91,91,120,130,143,159,176,176,277,277,295,314,19,37,48,80,98,98,125,50,50],"floor_reached":28,"playtime":1834,"items_purged":["Strike_B"],"score":262,"play_id":"68c7e8f3-6c62-424b-b1ac-f4bc057cdcda","local_time":"20190415220416","is_ascension_mode":false,"campfire_choices":[{"floor":7,"key":"REST"},{"data":"Loop","floor":15,"key":"SMITH"}],"neow_cost":"NONE","seed_source_timestamp":1934809347626244,"circlet_count":0,"master_deck":["Strike_B","Strike_B","Defend_B","Defend_B","Defend_B","Defend_B","Zap","Dualcast+1","Streamline","Coolheaded","Self Repair","Darkness+1","Hologram","Ball Lightning","Beam Cell","Sweeping Beam","Doom and Gloom","Loop+1","Electrodynamics","FTL+1","Defragment","Redo","Buffer","Steam+1"],"relics":["Cracked Core","Art of War","Ornamental Fan","Blue Candle","Matryoshka","Vajra","Velvet Choker","Orichalcum","Question Card","Omamori","War Paint"],"potions_floor_usage":[8,12,16,16,16,19,23],"damage_taken":[{"damage":3,"enemies":"Jaw Worm","floor":1,"turns":4},{"damage":3,"enemies":"Small Slimes","floor":2,"turns":2},{"damage":40,"enemies":"3 Sentries","floor":6,"turns":9},{"damage":8,"enemies":"Lagavulin","floor":8,"turns":5},{"damage":18,"enemies":"3 Sentries","floor":10,"turns":8},{"damage":1,"enemies":"Cultist","floor":11,"turns":3},{"damage":0,"enemies":"3 Louse","floor":12,"turns":2},{"damage":16,"enemies":"Large Slime","floor":13,"turns":4},{"damage":12,"enemies":"Blue Slaver","floor":14,"turns":3},{"damage":2,"enemies":"Slime Boss","floor":16,"turns":7},{"damage":11,"enemies":"3 Byrds","floor":18,"turns":3},{"damage":0,"enemies":"Chosen","floor":19,"turns":4},{"damage":15,"enemies":"Centurion and Healer","floor":21,"turns":5},{"damage":28,"enemies":"Snake Plant","floor":22,"turns":5},{"damage":33,"enemies":"Gremlin Leader","floor":23,"turns":7},{"damage":2,"enemies":"Snecko","floor":24,"turns":4},{"damage":11,"enemies":"Sentry and Sphere","floor":28,"turns":3}],"seed_played":"-4636593988251254468","potions_obtained":[{"floor":1,"key":"Dexterity Potion"},{"floor":6,"key":"Energy Potion"},{"floor":11,"key":"SkillPotion"},{"floor":12,"key":"AttackPotion"},{"floor":14,"key":"Dexterity Potion"},{"floor":18,"key":"Explosive Potion"},{"floor":21,"key":"PowerPotion"},{"floor":22,"key":"Ancient Potion"}],"is_trial":false,"path_per_floor":["M","M","?","$","?","E","R","E","T","E","M","M","M","M","R","B",null,"M","M","$","M","M","E","M","?","T","?","M"],"character_chosen":"DEFECT","items_purchased":["Self Repair","Darkness","Art of War","Defragment","Orichalcum"],"campfire_rested":1,"item_purchase_floors":[4,4,4,20,20],"current_hp_per_floor":[72,69,58,58,58,25,47,46,46,35,41,41,32,27,27,25,75,71,75,75,67,46,13,11,11,11,11,0],"gold":50,"neow_bonus":"HUNDRED_GOLD","is_prod":false,"is_daily":false,"chose_seed":false,"campfire_upgraded":1,"win_rate":0.0,"timestamp":1555358656,"path_taken":["M","M","?","$","?","E","R","E","T","E","M","M","M","M","R","BOSS","M","M","$","M","M","E","M","?","T","?","M"],"build_version":"2019-04-04","purchased_purges":1,"victory":false,"max_hp_per_floor":[75,75,75,75,75,75,75,75,75,75,75,75,75,75,75,75,75,75,75,75,75,75,75,75,75,75,75,75],"card_choices":[{"not_picked":["Auto Shields","Cold Snap"],"picked":"Streamline","floor":1},{"not_picked":["Melter","Stack"],"picked":"Coolheaded","floor":2},{"not_picked":["Hello World","Scrape"],"picked":"Hologram","floor":6},{"not_picked":["Machine Learning","Recycle"],"picked":"Ball Lightning","floor":8},{"not_picked":["Ball Lightning","Recycle"],"picked":"Beam Cell","floor":10},{"not_picked":["Beam Cell","Leap"],"picked":"Sweeping Beam","floor":11},{"not_picked":["Glacier","Ball Lightning"],"picked":"Doom and Gloom","floor":12},{"not_picked":["Stack","Tempest"],"picked":"Loop","floor":13},{"not_picked":["Chaos","Skim","Ball Lightning"],"picked":"SKIP","floor":14},{"not_picked":["Fission","Seek"],"picked":"Electrodynamics","floor":16},{"not_picked":["Go for the Eyes","Doom and Gloom"],"picked":"FTL+1","floor":18},{"not_picked":["Aggregate","Turbo","Beam Cell"],"picked":"SKIP","floor":19},{"not_picked":["Compile Driver","Go for the Eyes+1"],"picked":"Redo","floor":21},{"not_picked":["Conserve Battery+1","Beam Cell+1"],"picked":"Buffer","floor":22},{"not_picked":["Aggregate","Sunder"],"picked":"Steam","floor":23},{"not_picked":["Turbo","Leap","Self Repair","White Noise"],"picked":"SKIP","floor":24}],"player_experience":1120981,"relics_obtained":[{"floor":6,"key":"Ornamental Fan"},{"floor":8,"key":"Blue Candle"},{"floor":9,"key":"Matryoshka"},{"floor":10,"key":"Vajra"},{"floor":23,"key":"Question Card"},{"floor":26,"key":"Omamori"},{"floor":26,"key":"War Paint"}],"event_choices":[{"damage_healed":0,"gold_gain":75,"player_choice":"Gather Gold","damage_taken":11,"max_hp_gain":0,"max_hp_loss":0,"event_name":"World of Goop","floor":3,"gold_loss":0},{"damage_healed":0,"gold_gain":0,"player_choice":"Upgraded","damage_taken":0,"max_hp_gain":0,"max_hp_loss":0,"event_name":"Upgrade Shrine","floor":5,"gold_loss":0,"cards_upgraded":["Darkness"]},{"damage_healed":0,"gold_gain":0,"player_choice":"Ignored","damage_taken":0,"max_hp_gain":0,"max_hp_loss":0,"event_name":"Cursed Tome","floor":25,"gold_loss":0},{"cards_removed":["Strike_B"],"damage_healed":0,"gold_gain":0,"player_choice":"Gave Gold","damage_taken":0,"max_hp_gain":0,"max_hp_loss":0,"event_name":"Beggar","floor":27,"gold_loss":75}],"is_beta":true,"boss_relics":[{"not_picked":["Runic Pyramid","FrozenCore"],"picked":"Velvet Choker"}],"items_purged_floors":[20],"is_endless":false,"potions_floor_spawned":[1,6,11,12,14,18,21,22],"killed_by":"Sentry and Sphere","ascension_level":0}