{"gold_per_floor":[361,361,371,371,384,409,409,443,495,258,258,273,283,301,301,406,406,420,435,312,324,249,249,274,291,316,101,112,0,27,27,27,125,125,143,143,156,139,158,183,183,197,223,223,69,0,12,29,29,29],"floor_reached":51,"playtime":4334,"items_purged":["Strike_B","Defend_B","Defend_B"],"score":896,"play_id":"ddc32c82-c1d7-4db5-8254-ef3d7831b883","local_time":"20180910215940","is_ascension_mode":true,"campfire_choices":[{"data":"Defragment","floor":7,"key":"SMITH"},{"floor":15,"key":"REST"},{"data":"Buffer","floor":23,"key":"SMITH"},{"data":"Lockon","floor":32,"key":"SMITH"},{"floor":41,"key":"REST"},{"data":"Loop","floor":49,"key":"SMITH"}],"neow_cost":"CURSE","seed_source_timestamp":78271877805345,"circlet_count":0,"master_deck":["Strike_B+1","Strike_B+1","Defend_B+1","Zap","Dualcast","Tempest","Buffer+1","Genetic Algorithm","Defragment+1","Coolheaded","FTL","Steam","Barrage","Electrodynamics","Leap+1","Compile Driver+1","Heatsinks","Lockon+1","Force Field","After Image","Barrage+1","Madness","Madness","Loop+1","Deep Breath","Dramatic Entrance"],"relics":["Cracked Core","Pantograph","Whetstone","Regal Pillow","Membership Card","PreservedInsect","Busted Crown","Bronze Scales","Incense Burner","Boot","PrismaticShard","War Paint","Inserter","Lantern","Oddly Smooth Stone","Bag of Preparation","Anchor","Red Mask"],"potions_floor_usage":[6,6,13,28,37,40,47,50,50,50],"damage_taken":[{"damage":3,"enemies":"Small Slimes","floor":1,"turns":3},{"damage":1,"enemies":"2 Louse","floor":3,"turns":2},{"damage":1,"enemies":"Cultist","floor":5,"turns":3},{"damage":20,"enemies":"Lagavulin","floor":6,"turns":7},{"damage":22,"enemies":"Gremlin Nob","floor":8,"turns":5},{"damage":11,"enemies":"Blue Slaver","floor":12,"turns":3},{"damage":0,"enemies":"2 Fungi Beasts","floor":13,"turns":4},{"damage":2,"enemies":"Exordium Wildlife","floor":14,"turns":4},{"damage":39,"enemies":"Hexaghost","floor":16,"turns":12},{"damage":3,"enemies":"Chosen","floor":18,"turns":4},{"damage":0,"enemies":"Spheric Guardian","floor":19,"turns":3},{"damage":5,"enemies":"3 Cultists","floor":21,"turns":5},{"damage":5,"enemies":"Book of Stabbing","floor":24,"turns":4},{"damage":1,"enemies":"Cultist and Chosen","floor":25,"turns":3},{"damage":0,"enemies":"Snecko","floor":28,"turns":4},{"damage":0,"enemies":"Gremlin Leader","floor":30,"turns":3},{"damage":0,"enemies":"Collector","floor":33,"turns":7},{"damage":0,"enemies":"3 Shapes","floor":35,"turns":4},{"damage":3,"enemies":"3 Darklings","floor":37,"turns":4},{"damage":25,"enemies":"Reptomancer","floor":39,"turns":4},{"damage":0,"enemies":"Nemesis","floor":40,"turns":5},{"damage":0,"enemies":"Transient","floor":42,"turns":5},{"damage":0,"enemies":"Spire Growth","floor":47,"turns":5},{"damage":6,"enemies":"Sphere and 2 Shapes","floor":48,"turns":6},{"damage":32,"enemies":"Donu and Deca","floor":50,"turns":6}],"seed_played":"8532012145398353612","potions_obtained":[{"floor":1,"key":"SteroidPotion"},{"floor":5,"key":"SpeedPotion"},{"floor":6,"key":"Weak Potion"},{"floor":14,"key":"Fire Potion"},{"floor":16,"key":"Ancient Potion"},{"floor":18,"key":"Energy Potion"},{"floor":25,"key":"Fire Potion"},{"floor":33,"key":"Dexterity Potion"},{"floor":39,"key":"LiquidBronze"},{"floor":40,"key":"Strength Potion"},{"floor":47,"key":"Weak Potion"}],"is_trial":false,"path_per_floor":["M","?","M","?","M","E","R","E","T","$","?","M","M","M","R","B",null,"M","M","$","M","?","R","E","M","T","$","M","?","E","?","R","B",null,"M","?","M","$","M","E","R","M","T","?","$","?","M","M","R","B"],"character_chosen":"DEFECT","items_purchased":["Membership Card","Bronze Scales","PrismaticShard","Heatsinks","Lockon","Loop","Bag of Preparation","Anchor"],"campfire_rested":2,"item_purchase_floors":[10,20,27,27,27,38,45,45],"current_hp_per_floor":[72,72,71,64,63,43,43,21,21,21,18,7,7,5,41,27,72,69,69,69,64,64,64,59,58,58,58,58,58,58,58,58,72,72,72,63,60,60,35,35,71,71,71,66,66,66,66,60,60,40],"gold":29,"neow_bonus":"TWO_FIFTY_GOLD","is_prod":false,"is_daily":false,"chose_seed":false,"campfire_upgraded":4,"win_rate":0,"timestamp":1536631180,"path_taken":["M","?","M","?","M","E","R","E","T","$","?","M","M","M","R","BOSS","M","M","$","M","?","R","E","M","T","$","M","?","E","?","R","BOSS","M","?","M","$","?","E","R","M","T","?","$","?","M","M","R","BOSS"],"build_version":"2018-09-06","purchased_purges":3,"victory":true,"max_hp_per_floor":[75,75,75,72,72,72,72,72,72,72,72,72,72,72,72,72,72,72,72,72,72,72,72,72,72,72,72,72,72,72,72,72,72,72,72,72,72,72,72,72,72,72,72,72,72,72,72,72,72,72],"card_choices":[{"not_picked":["Barrage","Skim"],"picked":"Tempest","floor":1},{"not_picked":["Rebound","Fusion"],"picked":"Genetic Algorithm","floor":3},{"not_picked":["Steam","Leap"],"picked":"Defragment","floor":5},{"not_picked":["Leap","Hyperbeam"],"picked":"Coolheaded","floor":6},{"not_picked":["Conserve Battery","Rebound"],"picked":"FTL","floor":8},{"not_picked":["Rip and Tear","Redo"],"picked":"Steam","floor":12},{"not_picked":["Doom and Gloom","Genetic Algorithm","Gash"],"picked":"SKIP","floor":13},{"not_picked":["Rebound","Redo"],"picked":"Barrage","floor":14},{"not_picked":["Buffer","Core Surge"],"picked":"Electrodynamics","floor":16},{"not_picked":["Turbo"],"picked":"SKIP","floor":18},{"not_picked":["Rebound+1"],"picked":"SKIP","floor":19},{"not_picked":["Stack"],"picked":"SKIP","floor":21},{"not_picked":[],"picked":"Leap","floor":24},{"not_picked":[],"picked":"Compile Driver+1","floor":25},{"not_picked":["Combust"],"picked":"SKIP","floor":28},{"not_picked":[],"picked":"Force Field","floor":30},{"not_picked":[],"picked":"After Image","floor":33},{"not_picked":[],"picked":"Barrage+1","floor":35},{"not_picked":["Hologram"],"picked":"SKIP","floor":37},{"not_picked":["Aggregate"],"picked":"SKIP","floor":39},{"not_picked":["Thunderclap+1"],"picked":"SKIP","floor":40},{"not_picked":["Dagger Spray+1"],"picked":"SKIP","floor":42},{"not_picked":[],"picked":"Deep Breath","floor":44},{"not_picked":[],"picked":"Dramatic Entrance","floor":44},{"not_picked":["Heavy Blade"],"picked":"SKIP","floor":47},{"not_picked":["Rebound+1"],"picked":"SKIP","floor":48}],"player_experience":793458,"relics_obtained":[{"floor":6,"key":"Pantograph"},{"floor":8,"key":"Whetstone"},{"floor":9,"key":"Regal Pillow"},{"floor":24,"key":"Incense Burner"},{"floor":26,"key":"Boot"},{"floor":30,"key":"War Paint"},{"floor":40,"key":"Lantern"},{"floor":43,"key":"Oddly Smooth Stone"}],"event_choices":[{"event_name":"Living Wall","player_choice":"Change","floor":2,"damage_taken":0},{"event_name":"Golden Wing","player_choice":"Card Removal","floor":4,"damage_taken":0},{"event_name":"Scrap Ooze","player_choice":"success","floor":11,"damage_taken":3},{"event_name":"Beggar","player_choice":"Gave Gold","floor":22,"damage_taken":0},{"event_name":"Masked Bandits","player_choice":"Paid Fearfully","floor":29,"damage_taken":0},{"event_name":"Ghosts","player_choice":"Ignored","floor":31,"damage_taken":0},{"event_name":"Winding Halls","player_choice":"Embrace Madness","floor":36,"damage_taken":0},{"event_name":"SensoryStone","player_choice":"Memory 2","floor":44,"damage_taken":0},{"event_name":"Tomb of Lord Red Mask","player_choice":"Paid","floor":46,"damage_taken":0}],"is_beta":false,"boss_relics":[{"not_picked":["Tiny House","Black Star"],"picked":"Busted Crown"},{"not_picked":["FrozenCore","Eternal Feather"],"picked":"Inserter"}],"items_purged_floors":[10,20,27],"is_endless":false,"potions_floor_spawned":[1,5,6,14,16,18,25,33,39,40,47],"ascension_level":3}