{"gold_per_floor":[117,117,137,150,169,169,200,200,227,258,285,15,15,30,30,150,150,174,174,192,208,39,39,59,59,59,59],"floor_reached":27,"playtime":3626,"items_purged":[],"score":217,"play_id":"744addf2-87e3-49ec-bcf0-dd9a3f1010ec","local_time":"20190520232453","is_ascension_mode":false,"campfire_choices":[{"data":"Rampage","floor":6,"key":"SMITH"},{"floor":8,"key":"REST"},{"data":"Mayhem","floor":15,"key":"SMITH"},{"floor":23,"key":"REST"},{"floor":25,"key":"REST"}],"neow_cost":"PERCENT_DAMAGE","seed_source_timestamp":425937102517891,"circlet_count":0,"master_deck":["Strike_R","Strike_R","Strike_R","Strike_R","Strike_R","Defend_R","Defend_R","Defend_R","Defend_R","Bash+1","Carnage","Rampage+1","Pommel Strike","Iron Wave","Infernal Blade","Whirlwind","Cleave","Mayhem+1","Fire Breathing","Flex","Reaper","Juggernaut","Inflame","Seeing Red","Searing Blow+1","Cleave+1","Metamorphosis","Inflame"],"relics":["Burning Blood","Unceasing Top","Strawberry","MawBank","Golden Idol","Philosopher\u0027s Stone","Sundial"],"potions_floor_usage":[16,16,27],"damage_taken":[{"damage":5,"enemies":"Cultist","floor":1,"turns":4},{"damage":0,"enemies":"2 Louse","floor":3,"turns":2},{"damage":0,"enemies":"Small Slimes","floor":4,"turns":3},{"damage":10,"enemies":"Looter","floor":5,"turns":3},{"damage":29,"enemies":"3 Sentries","floor":7,"turns":7},{"damage":11,"enemies":"Red Slaver","floor":10,"turns":3},{"damage":20,"enemies":"Large Slime","floor":11,"turns":4},{"damage":2,"enemies":"2 Fungi Beasts","floor":14,"turns":3},{"damage":60,"enemies":"The Guardian","floor":16,"turns":8},{"damage":23,"enemies":"2 Thieves","floor":18,"turns":4},{"damage":1,"enemies":"Spheric Guardian","floor":20,"turns":3},{"damage":37,"enemies":"Snake Plant","floor":21,"turns":5},{"damage":34,"enemies":"Cultist and Chosen","floor":24,"turns":7},{"damage":76,"enemies":"Slavers","floor":27,"turns":3}],"seed_played":"1185278207881389903","potions_obtained":[{"floor":5,"key":"PowerPotion"},{"floor":7,"key":"Explosive Potion"},{"floor":10,"key":"Energy Potion"},{"floor":14,"key":"AttackPotion"},{"floor":16,"key":"Strength Potion"},{"floor":20,"key":"FearPotion"}],"is_trial":false,"path_per_floor":["M","?","M","M","M","R","E","R","T","M","M","$","?","M","R","B",null,"M","?","M","M","$","R","M","R","T","E"],"character_chosen":"IRONCLAD","items_purchased":["Mayhem","Fire Breathing","Flex","Metamorphosis"],"campfire_rested":3,"item_purchase_floors":[12,12,12,22],"current_hp_per_floor":[57,57,63,69,65,65,49,75,75,70,56,56,56,60,60,10,81,64,64,77,46,46,70,46,70,70,0],"gold":59,"neow_bonus":"ONE_RARE_RELIC","is_prod":false,"is_daily":false,"chose_seed":false,"campfire_upgraded":2,"win_rate":0.0,"timestamp":1558387493,"path_taken":["M","?","M","M","M","R","E","R","T","M","M","$","?","M","R","BOSS","M","?","M","M","$","R","M","R","T","E"],"build_version":"2019-01-23","purchased_purges":0,"victory":false,"max_hp_per_floor":[80,80,80,80,80,80,87,87,87,87,87,87,81,81,81,81,81,81,81,81,81,81,81,81,81,81,81],"card_choices":[{"not_picked":["True Grit","Shrug It Off"],"picked":"Carnage","floor":1},{"not_picked":["Thunderclap","Anger"],"picked":"Rampage","floor":3},{"not_picked":["Sever Soul","Body Slam"],"picked":"Pommel Strike","floor":4},{"not_picked":["Headbutt","Impervious"],"picked":"Iron Wave","floor":5},{"not_picked":["Clothesline","Blood for Blood"],"picked":"Infernal Blade","floor":7},{"not_picked":["Twin Strike","Anger"],"picked":"Whirlwind","floor":10},{"not_picked":["Hemokinesis","Sever Soul"],"picked":"Cleave","floor":11},{"not_picked":["Clothesline","Armaments"],"picked":"Reaper","floor":14},{"not_picked":["Reaper","Impervious"],"picked":"Juggernaut","floor":16},{"not_picked":["Clash","Blood for Blood"],"picked":"Inflame","floor":18},{"not_picked":["Thunderclap","Clothesline"],"picked":"Searing Blow+1","floor":20},{"not_picked":["Fire Breathing","Reckless Charge"],"picked":"Cleave+1","floor":21},{"not_picked":["Flex+1","Rampage"],"picked":"Inflame","floor":24}],"player_experience":25992,"relics_obtained":[{"floor":7,"key":"Strawberry"},{"floor":9,"key":"MawBank"},{"floor":26,"key":"Sundial"}],"event_choices":[{"damage_healed":0,"gold_gain":0,"player_choice":"Grow","damage_taken":0,"max_hp_gain":0,"max_hp_loss":0,"event_name":"Living Wall","floor":2,"gold_loss":0,"cards_upgraded":["Bash"]},{"damage_healed":0,"gold_gain":0,"player_choice":"Lose Max HP","damage_taken":0,"relics_obtained":["Golden Idol"],"max_hp_gain":0,"max_hp_loss":6,"event_name":"Golden Idol","floor":13,"gold_loss":0},{"damage_healed":0,"gold_gain":0,"player_choice":"Read","damage_taken":0,"max_hp_gain":0,"max_hp_loss":0,"event_name":"The Library","floor":19,"gold_loss":0,"cards_obtained":["Seeing Red"]}],"is_beta":false,"boss_relics":[{"not_picked":["Empty Cage","Runic Pyramid"],"picked":"Philosopher\u0027s Stone"}],"items_purged_floors":[],"is_endless":false,"potions_floor_spawned":[5,7,10,14,16,20],"killed_by":"Slavers","ascension_level":0}