{"gold_per_floor":[110,122,141,111,124,138,165,76,103,134,148,182,198,209,209,308,308,321,321,93,111,126,151,166,198,198,198,198,211,226,242,242,242],"floor_reached":33,"playtime":2405,"items_purged":["Defend_R"],"score":315,"play_id":"a983bce7-9388-4a18-bb34-57574938db22","local_time":"20180702123121","is_ascension_mode":false,"campfire_choices":[{"data":"Armaments","floor":15,"key":"SMITH"},{"floor":27,"key":"REST"},{"floor":32,"key":"REST"}],"neow_cost":"NONE","seed_source_timestamp":244427435189410,"circlet_count":0,"master_deck":["Strike_R","Strike_R+1","Strike_R","Strike_R","Strike_R+1","Defend_R","Defend_R","Defend_R","Bash","Inflame","Armaments+1","Iron Wave","Flame Barrier","Body Slam","Fire Breathing","Mind Blast","Bludgeon","Shrug It Off","Shrug It Off","Bludgeon","Barricade","Anger","Headbutt+1","Shrug It Off","Iron Wave+1","Metallicize","Mind Blast","Good Instincts"],"relics":["Burning Blood","Lantern","Oddly Smooth Stone","Whetstone","Bag of Marbles","Busted Crown","Vajra","Juzu Bracelet","Ancient Tea Set","Shuriken"],"potions_floor_usage":[6,7,7,10,23,24,24,24,25,31,31],"damage_taken":[{"damage":1,"enemies":"Cultist","floor":1,"turns":3},{"damage":5,"enemies":"Small Slimes","floor":2,"turns":4},{"damage":1,"enemies":"Jaw Worm","floor":3,"turns":5},{"damage":0,"enemies":"Looter","floor":4,"turns":4},{"damage":13,"enemies":"Large Slime","floor":5,"turns":10},{"damage":6,"enemies":"Exordium Thugs","floor":6,"turns":6},{"damage":31,"enemies":"Gremlin Nob","floor":7,"turns":5},{"damage":18,"enemies":"3 Sentries","floor":10,"turns":10},{"damage":1,"enemies":"Blue Slaver","floor":11,"turns":4},{"damage":10,"enemies":"Lagavulin","floor":12,"turns":7},{"damage":0,"enemies":"3 Louse","floor":13,"turns":2},{"damage":0,"enemies":"Large Slime","floor":14,"turns":6},{"damage":19,"enemies":"The Guardian","floor":16,"turns":11},{"damage":12,"enemies":"Shell Parasite","floor":18,"turns":5},{"damage":0,"enemies":"Chosen","floor":21,"turns":2},{"damage":6,"enemies":"Centurion and Healer","floor":22,"turns":6},{"damage":11,"enemies":"Book of Stabbing","floor":23,"turns":6},{"damage":12,"enemies":"Chosen and Byrds","floor":24,"turns":6},{"damage":49,"enemies":"Gremlin Leader","floor":25,"turns":7},{"damage":13,"enemies":"Cultist and Chosen","floor":29,"turns":4},{"damage":3,"enemies":"Slaver and Parasite","floor":30,"turns":5},{"damage":9,"enemies":"Sentry and Sphere","floor":31,"turns":4},{"damage":62,"enemies":"Automaton","floor":33,"turns":6}],"seed_played":"-4093493916006251005","potions_obtained":[{"floor":1,"key":"BloodPotion"},{"floor":6,"key":"AttackPotion"},{"floor":7,"key":"GamblersBrew"},{"floor":13,"key":"Explosive Potion"},{"floor":21,"key":"Swift Potion"},{"floor":22,"key":"EntropicBrew"},{"floor":29,"key":"GamblersBrew"},{"floor":30,"key":"PowerPotion"}],"is_trial":false,"path_per_floor":["M","M","M","M","M","M","E","$","T","E","M","E","M","M","R","B",null,"M","?","$","M","M","E","M","E","T","R","?","M","M","M","R"],"character_chosen":"IRONCLAD","items_purchased":["Mind Blast","Vajra"],"campfire_rested":2,"item_purchase_floors":[8,20],"current_hp_per_floor":[80,80,80,80,73,73,53,53,53,49,54,50,56,62,62,49,85,79,85,85,85,85,80,74,31,31,56,32,25,28,30,55,0],"gold":242,"neow_bonus":"THREE_SMALL_POTIONS","is_prod":false,"is_daily":false,"chose_seed":false,"campfire_upgraded":1,"win_rate":0.0,"timestamp":1530549081,"path_taken":["M","M","M","M","M","M","E","?","T","E","M","E","M","M","R","BOSS","M","?","$","M","?","E","M","E","T","R","?","M","M","M","R","BOSS"],"build_version":"2018-06-28","purchased_purges":1,"victory":false,"max_hp_per_floor":[80,80,80,80,80,80,85,85,85,85,85,85,85,85,85,85,85,85,85,85,85,85,85,85,85,85,85,85,85,85,85,85,85],"card_choices":[{"not_picked":["Heavy Blade","Iron Wave"],"picked":"Inflame","floor":1},{"not_picked":["Clothesline","Clash","Headbutt"],"picked":"SKIP","floor":2},{"not_picked":["Pummel","Flex"],"picked":"Armaments","floor":3},{"not_picked":["Havoc","Wild Strike"],"picked":"Iron Wave","floor":4},{"not_picked":["Rampage","Disarm"],"picked":"Flame Barrier","floor":5},{"not_picked":["Ghostly Armor","Perfected Strike"],"picked":"Body Slam","floor":6},{"not_picked":["Carnage","Whirlwind"],"picked":"Fire Breathing","floor":7},{"not_picked":["Battle Trance","Disarm"],"picked":"Bludgeon","floor":10},{"not_picked":["Havoc","Headbutt"],"picked":"Shrug It Off","floor":11},{"not_picked":["Havoc","Pommel Strike"],"picked":"Shrug It Off","floor":12},{"not_picked":["Flame Barrier","Wild Strike"],"picked":"Bludgeon","floor":13},{"not_picked":["Bloodletting","Armaments","Clothesline"],"picked":"SKIP","floor":14},{"not_picked":["Immolate","Impervious"],"picked":"Barricade","floor":16},{"not_picked":[],"picked":"Anger","floor":18},{"not_picked":["True Grit"],"picked":"SKIP","floor":21},{"not_picked":[],"picked":"Headbutt+1","floor":22},{"not_picked":[],"picked":"Shrug It Off","floor":23},{"not_picked":[],"picked":"Iron Wave+1","floor":24},{"not_picked":[],"picked":"Metallicize","floor":25},{"not_picked":["Dark Embrace"],"picked":"SKIP","floor":29},{"not_picked":["Wild Strike"],"picked":"SKIP","floor":30},{"not_picked":["Dual Wield"],"picked":"SKIP","floor":31}],"player_experience":105476,"relics_obtained":[{"floor":7,"key":"Lantern"},{"floor":9,"key":"Oddly Smooth Stone"},{"floor":10,"key":"Whetstone"},{"floor":12,"key":"Bag of Marbles"},{"floor":23,"key":"Juzu Bracelet"},{"floor":25,"key":"Ancient Tea Set"},{"floor":26,"key":"Shuriken"}],"event_choices":[{"event_name":"Wheel of Change","player_choice":"Full Heal","floor":19,"damage_taken":0},{"event_name":"Knowing Skull","player_choice":"CARD CARD ","floor":28,"damage_taken":0}],"boss_relics":[{"not_picked":["Runic Dome","Eternal Feather"],"picked":"Busted Crown"}],"items_purged_floors":[20],"is_endless":false,"potions_floor_spawned":[1,5,6,7,13,21,22,29,30],"killed_by":"Automaton","ascension_level":0}