{"gold_per_floor":[114,125,275,275,275,275,300,319,319,334,347,365,365,382,382,382],"floor_reached":16,"playtime":163405,"items_purged":[],"score":182,"play_id":"25131c4c-3d67-4107-8902-9933570d4c98","local_time":"20190124181019","is_ascension_mode":true,"campfire_choices":[{"data":"Cleave","floor":6,"key":"SMITH"},{"floor":13,"key":"REST"},{"data":"Armaments","floor":15,"key":"SMITH"}],"neow_cost":"NONE","seed_source_timestamp":89142611778000,"circlet_count":0,"master_deck":["AscendersBane","Strike_R","Strike_R","Strike_R","Strike_R","Strike_R","Defend_R","Defend_R","Defend_R","Defend_R","Bash","Cleave+1","Inflame","Evolve","Shrug It Off","Infernal Blade","Armaments+1","Shrug It Off","Heavy Blade"],"relics":["Burning Blood","Unceasing Top","Dodecahedron"],"potions_floor_usage":[10,10,16],"damage_taken":[{"damage":13,"enemies":"2 Louse","floor":1,"turns":4},{"damage":9,"enemies":"Jaw Worm","floor":2,"turns":3},{"damage":49,"enemies":"Lagavulin","floor":7,"turns":9},{"damage":6,"enemies":"Cultist","floor":8,"turns":3},{"damage":22,"enemies":"Exordium Thugs","floor":10,"turns":6},{"damage":14,"enemies":"Blue Slaver","floor":11,"turns":4},{"damage":6,"enemies":"Looter","floor":12,"turns":3},{"damage":1,"enemies":"Exordium Thugs","floor":14,"turns":5},{"damage":42,"enemies":"Hexaghost","floor":16,"turns":12}],"seed_played":"7164794869289349165","potions_obtained":[{"floor":1,"key":"EssenceOfSteel"},{"floor":2,"key":"Regen Potion"},{"floor":12,"key":"Dexterity Potion"}],"is_trial":false,"path_per_floor":["M","M","?","?","$","R","E","M","T","M","M","M","R","M","R","B"],"character_chosen":"IRONCLAD","items_purchased":[],"campfire_rested":1,"item_purchase_floors":[],"current_hp_per_floor":[68,65,65,65,65,65,22,22,22,20,12,12,36,41,41,0],"gold":382,"neow_bonus":"TEN_PERCENT_HP_BONUS","is_prod":false,"is_daily":false,"chose_seed":false,"campfire_upgraded":2,"win_rate":0,"timestamp":1548371419,"path_taken":["M","M","?","?","$","R","E","M","T","M","M","M","R","?","R","BOSS"],"build_version":"2019-01-17v2","purchased_purges":0,"victory":false,"max_hp_per_floor":[82,82,82,82,82,82,82,82,82,82,82,82,82,82,82,82],"card_choices":[{"not_picked":["Sever Soul","Second Wind"],"picked":"Cleave","floor":1},{"not_picked":["Flex","Fire Breathing"],"picked":"Inflame","floor":2},{"not_picked":["Anger","Perfected Strike"],"picked":"Evolve","floor":7},{"not_picked":["Metallicize","Flex"],"picked":"Shrug It Off","floor":8},{"not_picked":["Anger","Combust"],"picked":"Infernal Blade","floor":10},{"not_picked":["Thunderclap","Warcry"],"picked":"Armaments","floor":11},{"not_picked":["Reckless Charge","Cleave"],"picked":"Shrug It Off","floor":12},{"not_picked":["Searing Blow","Inflame"],"picked":"Heavy Blade","floor":14}],"player_experience":1836644,"relics_obtained":[{"floor":7,"key":"Unceasing Top"},{"floor":9,"key":"Dodecahedron"}],"event_choices":[{"damage_healed":0,"gold_gain":150,"player_choice":"AGREE","damage_taken":0,"max_hp_gain":0,"max_hp_loss":0,"event_name":"Liars Game","floor":3,"gold_loss":0,"cards_obtained":["Doubt"]},{"cards_removed":["Doubt"],"damage_healed":0,"gold_gain":0,"player_choice":"Removed Curses","damage_taken":0,"max_hp_gain":0,"max_hp_loss":0,"event_name":"Fountain of Cleansing","floor":4,"gold_loss":0}],"is_beta":false,"boss_relics":[],"items_purged_floors":[],"is_endless":false,"potions_floor_spawned":[1,2,7,12],"killed_by":"Hexaghost","ascension_level":15}