{"gold_per_floor":[109,109,109,122,297,335,335,127,127,147,112,112,150,171,171,290,290,305,305,305,430,465,465,508,508,508,508,86,86,86,103,103,204,204,222,236,253,56,56,84,84,103,103,129,140,167,183,3,3,3],"floor_reached":51,"playtime":3351,"items_purged":["Doubt","Shame"],"score":1284,"play_id":"9bf146d0-17e6-422a-b456-aa92f2a1a8eb","local_time":"20190426214113","is_ascension_mode":true,"campfire_choices":[{"data":"Zap","floor":7,"key":"SMITH"},{"data":"Redo","floor":12,"key":"SMITH"},{"data":"Defragment","floor":15,"key":"SMITH"},{"floor":23,"key":"REST"},{"data":"Buffer","floor":25,"key":"SMITH"},{"data":"Sweeping Beam","floor":27,"key":"SMITH"},{"data":"Defragment","floor":32,"key":"SMITH"},{"floor":41,"key":"REST"},{"floor":49,"key":"REST"}],"neow_cost":"NONE","seed_source_timestamp":456160616758041,"circlet_count":0,"master_deck":["Strike_B+1","Strike_B+1","Strike_B+1","Strike_B+1","Defend_B+1","Defend_B+1","Defend_B+1","Defend_B+1","Zap+1","Dualcast+1","Redo+1","Ball Lightning","Streamline","Steam+1","Ball Lightning","Cold Snap","Glacier+1","Defragment+1","Buffer+1","Redo+1","Static Discharge+1","Sweeping Beam+1","Go for the Eyes+1","Defragment+1","Coolheaded+1","Biased Cognition+1","Reinforced Body+1","Seek+1","Capacitor","Echo Form"],"relics":["Cracked Core","NeowsBlessing","Juzu Bracelet","Bloody Idol","Toxic Egg 2","Ornamental Fan","DataDisk","Cursed Key","MutagenicStrength","Emotion Chip","The Courier","Red Mask","War Paint","Art of War","Blood Vial","Lee\u0027s Waffle","Black Star","Bottled Tornado","Darkstone Periapt","Orichalcum","Molten Egg 2","Singing Bowl","Oddly Smooth Stone","Du-Vu Doll"],"potions_floor_usage":[22,33,50,50,50],"damage_taken":[{"damage":0,"enemies":"Small Slimes","floor":1,"turns":1},{"damage":0,"enemies":"2 Louse","floor":4,"turns":1},{"damage":0,"enemies":"3 Sentries","floor":6,"turns":1},{"damage":0,"enemies":"Jaw Worm","floor":10,"turns":3},{"damage":9,"enemies":"Lagavulin","floor":13,"turns":6},{"damage":0,"enemies":"3 Louse","floor":14,"turns":2},{"damage":0,"enemies":"The Guardian","floor":16,"turns":9},{"damage":0,"enemies":"Spheric Guardian","floor":18,"turns":3},{"damage":0,"enemies":"Colosseum Slavers","floor":21,"turns":3},{"damage":9,"enemies":"Colosseum Nobs","floor":21,"turns":5},{"damage":13,"enemies":"Masked Bandits","floor":22,"turns":4},{"damage":2,"enemies":"Slavers","floor":24,"turns":5},{"damage":14,"enemies":"2 Thieves","floor":31,"turns":3},{"damage":0,"enemies":"Champ","floor":33,"turns":10},{"damage":12,"enemies":"3 Shapes","floor":35,"turns":4},{"damage":0,"enemies":"Orb Walker","floor":36,"turns":3},{"damage":16,"enemies":"Spire Growth","floor":37,"turns":5},{"damage":25,"enemies":"Giant Head","floor":40,"turns":11},{"damage":0,"enemies":"Transient","floor":42,"turns":5},{"damage":31,"enemies":"Nemesis","floor":44,"turns":9},{"damage":0,"enemies":"Sphere and 2 Shapes","floor":45,"turns":6},{"damage":43,"enemies":"Giant Head","floor":46,"turns":8},{"damage":9,"enemies":"Writhing Mass","floor":47,"turns":6},{"damage":15,"enemies":"Time Eater","floor":50,"turns":8}],"seed_played":"947747713229130511","potions_obtained":[{"floor":6,"key":"Block Potion"},{"floor":13,"key":"SkillPotion"},{"floor":14,"key":"PowerPotion"},{"floor":24,"key":"LiquidBronze"},{"floor":35,"key":"FocusPotion"}],"is_trial":false,"path_per_floor":["M","?","?","M","?","E","R","$","T","M","?","R","E","M","R","B",null,"M","?","?","?","?","R","E","R","T","R","$","?","?","M","R","B",null,"M","M","M","$","?","E","R","M","T","E","M","E","M","$","R","B",null],"character_chosen":"DEFECT","items_purchased":["Steam+1","Ball Lightning","Cold Snap","Defragment","Blood Vial","Lee\u0027s Waffle","Bottled Tornado","Capacitor","Echo Form"],"campfire_rested":3,"item_purchase_floors":[8,8,8,28,28,28,38,48,48],"current_hp_per_floor":[68,65,47,47,47,47,47,47,47,47,65,65,56,56,56,56,70,70,70,70,61,48,70,68,68,68,68,82,82,82,78,78,82,82,75,82,71,71,71,53,77,82,82,58,67,33,33,33,60,47],"gold":3,"neow_bonus":"THREE_ENEMY_KILL","is_prod":false,"is_daily":false,"chose_seed":false,"campfire_upgraded":6,"win_rate":0,"timestamp":1556307673,"path_taken":["M","?","?","M","?","E","R","$","T","M","?","R","E","M","R","BOSS","M","?","?","?","?","R","E","R","T","R","$","?","?","M","R","BOSS","M","M","M","$","?","E","R","M","T","E","M","E","M","$","R","BOSS"],"build_version":"2019-04-23","purchased_purges":2,"victory":true,"max_hp_per_floor":[75,75,75,75,75,75,75,75,75,75,75,75,75,75,75,75,75,75,75,75,75,75,75,75,75,75,75,82,82,82,82,82,82,82,82,82,82,82,82,82,82,82,82,84,86,88,90,90,90,90],"card_choices":[{"not_picked":["Steam","Recycle"],"picked":"Redo","floor":1},{"not_picked":["Redo","Darkness"],"picked":"Ball Lightning","floor":4},{"not_picked":["Stack","Leap"],"picked":"Streamline","floor":6},{"not_picked":["Conserve Battery+1","Capacitor"],"picked":"Glacier+1","floor":10},{"not_picked":["Turbo+1","Stack+1","Skim+1"],"picked":"SKIP","floor":13},{"not_picked":["Consume+1","Cold Snap"],"picked":"Defragment","floor":14},{"not_picked":["Machine Learning","Fission+1"],"picked":"Buffer","floor":16},{"not_picked":["Gash","Rip and Tear"],"picked":"Redo+1","floor":18},{"not_picked":["Loop","Rip and Tear+1"],"picked":"Static Discharge+1","floor":21},{"not_picked":["Glacier+1","Static Discharge"],"picked":"Sweeping Beam","floor":22},{"not_picked":["Hyperbeam","Cold Snap+1"],"picked":"Go for the Eyes+1","floor":24},{"not_picked":["Ball Lightning","Steam+1"],"picked":"Coolheaded+1","floor":31},{"not_picked":["All For One","Creative AI"],"picked":"Biased Cognition","floor":33},{"not_picked":["Redo+1","Tempest+1"],"picked":"Reinforced Body+1","floor":35},{"not_picked":["Stack+1","Gash+1","Redo+1"],"picked":"SKIP","floor":36},{"not_picked":["Leap+1","Beam Cell+1","Turbo+1"],"picked":"SKIP","floor":37},{"not_picked":["Redo+1","Barrage+1"],"picked":"Seek+1","floor":40},{"not_picked":["Conserve Battery+1","Steam+1","Go for the Eyes+1"],"picked":"SKIP","floor":42},{"not_picked":["Go for the Eyes+1","Chaos+1","Chill+1"],"picked":"Singing Bowl","floor":44},{"not_picked":["Redo+1","Ball Lightning+1","Streamline+1"],"picked":"Singing Bowl","floor":45},{"not_picked":["Chill+1","Sunder+1","Melter+1"],"picked":"Singing Bowl","floor":46},{"not_picked":["Hologram+1","Heatsinks","Consume+1"],"picked":"Singing Bowl","floor":47}],"player_experience":1253039,"relics_obtained":[{"floor":6,"key":"Toxic Egg 2"},{"floor":9,"key":"Ornamental Fan"},{"floor":13,"key":"DataDisk"},{"floor":21,"key":"Emotion Chip"},{"floor":21,"key":"The Courier"},{"floor":22,"key":"Red Mask"},{"floor":24,"key":"War Paint"},{"floor":26,"key":"Art of War"},{"floor":40,"key":"Darkstone Periapt"},{"floor":40,"key":"Orichalcum"},{"floor":44,"key":"Molten Egg 2"},{"floor":44,"key":"Singing Bowl"},{"floor":46,"key":"Oddly Smooth Stone"},{"floor":46,"key":"Du-Vu Doll"}],"event_choices":[{"damage_healed":0,"gold_gain":0,"player_choice":"Success","damage_taken":3,"relics_obtained":["Juzu Bracelet"],"max_hp_gain":0,"max_hp_loss":0,"event_name":"Scrap Ooze","floor":2,"gold_loss":0},{"damage_healed":0,"gold_gain":0,"player_choice":"Take Damage","damage_taken":18,"relics_obtained":["Golden Idol"],"max_hp_gain":0,"max_hp_loss":0,"event_name":"Golden Idol","floor":3,"gold_loss":0},{"damage_healed":0,"gold_gain":175,"player_choice":"AGREE","damage_taken":0,"max_hp_gain":0,"max_hp_loss":0,"event_name":"Liars Game","floor":5,"gold_loss":0,"cards_obtained":["Doubt"]},{"damage_healed":18,"gold_gain":0,"player_choice":"Healed","damage_taken":0,"max_hp_gain":0,"max_hp_loss":0,"event_name":"The Cleric","floor":11,"gold_loss":35},{"damage_healed":0,"gold_gain":0,"player_choice":"Simplicity","damage_taken":0,"max_hp_gain":0,"max_hp_loss":0,"event_name":"Back to Basics","floor":19,"gold_loss":0,"cards_upgraded":["Strike_B","Strike_B","Strike_B","Strike_B","Defend_B","Defend_B","Defend_B","Defend_B"]},{"damage_healed":0,"gold_gain":0,"player_choice":"Inject Mutagens","damage_taken":0,"relics_obtained":["MutagenicStrength"],"max_hp_gain":0,"max_hp_loss":0,"event_name":"Drug Dealer","floor":20,"gold_loss":0},{"damage_healed":0,"gold_gain":0,"player_choice":"Fight","damage_taken":0,"max_hp_gain":0,"max_hp_loss":0,"event_name":"Colosseum","floor":21,"gold_loss":0},{"damage_healed":0,"gold_gain":0,"player_choice":"Fought Nobs","damage_taken":0,"max_hp_gain":0,"max_hp_loss":0,"event_name":"Colosseum","floor":21,"gold_loss":0},{"damage_healed":0,"gold_gain":0,"player_choice":"Fought Bandits","damage_taken":0,"max_hp_gain":0,"max_hp_loss":0,"event_name":"Masked Bandits","floor":22,"gold_loss":0},{"damage_healed":0,"gold_gain":0,"player_choice":"Gave Idol","damage_taken":0,"relics_obtained":["Bloody Idol"],"max_hp_gain":0,"max_hp_loss":0,"event_name":"Forgotten Altar","floor":29,"relics_lost":["Golden Idol"],"gold_loss":0},{"damage_healed":0,"gold_gain":0,"player_choice":"Ignored","damage_taken":0,"max_hp_gain":0,"max_hp_loss":0,"event_name":"Ghosts","floor":30,"gold_loss":0},{"damage_healed":0,"gold_gain":0,"player_choice":"Upgraded","damage_taken":0,"max_hp_gain":0,"max_hp_loss":0,"event_name":"Upgrade Shrine","floor":39,"gold_loss":0,"cards_upgraded":["Biased Cognition"]}],"is_beta":true,"boss_relics":[{"not_picked":["Tiny House","Calling Bell"],"picked":"Cursed Key"},{"not_picked":["FrozenCore","Runic Dome"],"picked":"Black Star"}],"items_purged_floors":[8,28],"is_endless":false,"potions_floor_spawned":[6,13,14,21,24,31,35,37,46],"ascension_level":9}