{"gold_per_floor":[114,114,28,39,57,83,83,111,111,111,125,137,167,180,180,251,251,262,21,35,35,85,85,85,85],"floor_reached":25,"playtime":878,"items_purged":["Strike_B"],"score":431,"play_id":"1895e747-2498-4459-a370-47af8d3549c6","local_time":"20190510191251","is_ascension_mode":true,"campfire_choices":[{"floor":7,"key":"REST"},{"data":"Doom and Gloom","floor":10,"key":"SMITH"},{"data":"Conserve Battery","floor":15,"key":"SMITH"},{"data":"Self Repair","floor":23,"key":"SMITH"},{"data":"Stack","floor":24,"key":"SMITH"}],"neow_cost":"NONE","seed_source_timestamp":1659342073804205,"circlet_count":0,"master_deck":["AscendersBane","Strike_B","Strike_B","Strike_B","Defend_B","Defend_B","Defend_B","Defend_B","Zap+1","Dualcast","Genetic Algorithm","Doom and Gloom+1","Conserve Battery+1","Stack+1","Core Surge","Steam","Leap","Compile Driver","Biased Cognition","Cold Snap+1","Self Repair+1"],"relics":["Cracked Core","NeowsBlessing","Mercury Hourglass","Gambling Chip","WingedGreaves","Happy Flower","Runic Pyramid","Blood Vial"],"potions_floor_usage":[8,16,25],"damage_taken":[{"damage":0,"enemies":"2 Louse","floor":1,"turns":1},{"damage":0,"enemies":"Cultist","floor":4,"turns":1},{"damage":0,"enemies":"Small Slimes","floor":5,"turns":1},{"damage":42,"enemies":"3 Sentries","floor":6,"turns":7},{"damage":6,"enemies":"Lagavulin","floor":8,"turns":5},{"damage":4,"enemies":"Red Slaver","floor":11,"turns":3},{"damage":5,"enemies":"Exordium Thugs","floor":12,"turns":3},{"damage":5,"enemies":"3 Sentries","floor":13,"turns":4},{"damage":0,"enemies":"Large Slime","floor":14,"turns":3},{"damage":12,"enemies":"The Guardian","floor":16,"turns":9},{"damage":7,"enemies":"Chosen","floor":18,"turns":5},{"damage":12,"enemies":"3 Byrds","floor":20,"turns":3},{"damage":56,"enemies":"Gremlin Leader","floor":25,"turns":8}],"seed_played":"157435662945360671","potions_obtained":[{"floor":1,"key":"FearPotion"},{"floor":5,"key":"EssenceOfSteel"},{"floor":6,"key":"Weak Potion"},{"floor":14,"key":"FearPotion"},{"floor":20,"key":"SkillPotion"}],"is_trial":false,"path_per_floor":["M","?","$","M","M","E","R","E","T","R","M","M","E","M","R","B",null,"M","$","M","$","?","R","R","E"],"character_chosen":"DEFECT","items_purchased":["Doom and Gloom","Blood Vial"],"campfire_rested":1,"item_purchase_floors":[3,19],"current_hp_per_floor":[64,64,64,64,64,22,43,37,37,37,33,28,23,23,23,11,56,49,49,39,39,39,39,39,0],"gold":85,"neow_bonus":"THREE_ENEMY_KILL","is_prod":false,"is_daily":false,"chose_seed":false,"campfire_upgraded":4,"win_rate":0,"timestamp":1557508371,"path_taken":["M","?","$","M","M","E","R","E","T","R","?","M","E","M","R","BOSS","M","$","M","$","?","R","R","E"],"build_version":"2019-05-07","purchased_purges":1,"victory":false,"max_hp_per_floor":[71,71,71,71,71,71,71,71,71,71,71,71,71,71,71,71,71,71,71,71,71,71,71,71,71],"card_choices":[{"not_picked":["Stack","Go for the Eyes"],"picked":"Genetic Algorithm","floor":1},{"not_picked":["Barrage","Stack"],"picked":"Conserve Battery","floor":4},{"not_picked":["Darkness","Steam"],"picked":"Stack","floor":5},{"not_picked":["Seek","Chaos"],"picked":"Core Surge","floor":6},{"not_picked":["Sunder","Hologram"],"picked":"Steam","floor":8},{"not_picked":["Aggregate","Double Energy","Steam"],"picked":"SKIP","floor":11},{"not_picked":["Turbo","Recycle","Cold Snap"],"picked":"SKIP","floor":12},{"not_picked":["Scrape","Genetic Algorithm"],"picked":"Leap","floor":13},{"not_picked":["Barrage","Tempest"],"picked":"Compile Driver","floor":14},{"not_picked":["Reboot","Buffer"],"picked":"Biased Cognition","floor":16},{"not_picked":["Leap","Gash"],"picked":"Cold Snap+1","floor":18},{"not_picked":["Streamline","Redo"],"picked":"Self Repair","floor":20}],"player_experience":1719643,"relics_obtained":[{"floor":6,"key":"Mercury Hourglass"},{"floor":8,"key":"Gambling Chip"},{"floor":9,"key":"WingedGreaves"},{"floor":13,"key":"Happy Flower"}],"event_choices":[{"damage_healed":0,"gold_gain":0,"player_choice":"Upgraded","damage_taken":0,"max_hp_gain":0,"max_hp_loss":0,"event_name":"Upgrade Shrine","floor":2,"gold_loss":0,"cards_upgraded":["Zap"]},{"damage_healed":0,"gold_gain":50,"player_choice":"Pray","damage_taken":0,"max_hp_gain":0,"max_hp_loss":0,"event_name":"Golden Shrine","floor":22,"gold_loss":0}],"is_beta":true,"boss_relics":[{"not_picked":["Coffee Dripper","Nuclear Battery"],"picked":"Runic Pyramid"}],"items_purged_floors":[19],"is_endless":false,"potions_floor_spawned":[1,5,6,14,20],"killed_by":"Gremlin Leader","ascension_level":19}