{"gold_per_floor":[117,192,152,169,169,169,179,179,179,179,206,206,225,251,251,251],"floor_reached":16,"playtime":4824,"items_purged":[],"score":205,"play_id":"8d5ddf53-5dd0-41a9-bb0d-e3036fa53efa","local_time":"20190506115940","is_ascension_mode":true,"campfire_choices":[{"data":"Sweeping Beam","floor":6,"key":"SMITH"},{"data":"Leap","floor":8,"key":"SMITH"},{"data":"Compile Driver","floor":10,"key":"SMITH"},{"floor":12,"key":"REST"},{"floor":15,"key":"REST"}],"neow_cost":"NONE","seed_source_timestamp":1283793437067423,"circlet_count":0,"master_deck":["AscendersBane","Strike_B","Strike_B","Strike_B","Strike_B","Defend_B","Defend_B","Defend_B","Defend_B","Zap+1","Dualcast","Compile Driver+1","Sweeping Beam+1","Leap+1","Defragment","Conserve Battery","Glacier"],"relics":["Cracked Core","Ginger","Oddly Smooth Stone","Art of War"],"potions_floor_usage":[11,14,14],"damage_taken":[{"damage":3,"enemies":"2 Louse","floor":1,"turns":2},{"damage":7,"enemies":"Jaw Worm","floor":4,"turns":3},{"damage":1,"enemies":"Cultist","floor":7,"turns":3},{"damage":27,"enemies":"Lagavulin","floor":11,"turns":6},{"damage":10,"enemies":"Large Slime","floor":13,"turns":4},{"damage":25,"enemies":"Gremlin Nob","floor":14,"turns":5},{"damage":35,"enemies":"Slime Boss","floor":16,"turns":9}],"seed_played":"-2393543806047260913","potions_obtained":[{"floor":3,"key":"SpeedPotion"},{"floor":3,"key":"Poison Potion"},{"floor":11,"key":"Ancient Potion"}],"is_trial":false,"path_per_floor":["M","?","?","M","?","R","M","R","T","R","E","R","M","E","R","B"],"character_chosen":"DEFECT","items_purchased":[],"campfire_rested":2,"item_purchase_floors":[],"current_hp_per_floor":[61,50,50,43,48,48,47,47,47,47,20,42,32,7,29,0],"gold":251,"neow_bonus":"UPGRADE_CARD","is_prod":false,"is_daily":false,"chose_seed":false,"campfire_upgraded":3,"win_rate":0,"timestamp":1557136780,"path_taken":["M","?","?","?","?","R","M","R","T","R","E","R","M","E","R","BOSS"],"build_version":"2019-04-23","purchased_purges":0,"victory":false,"max_hp_per_floor":[71,71,71,71,76,76,76,76,76,76,76,76,76,76,76,76],"card_choices":[{"not_picked":["Turbo","Steam"],"picked":"Compile Driver","floor":1},{"not_picked":["Hello World","Force Field"],"picked":"Sweeping Beam","floor":4},{"not_picked":["Barrage","Steam"],"picked":"Leap","floor":7},{"not_picked":["Leap","Recycle"],"picked":"Defragment","floor":11},{"not_picked":["Glacier","Redo"],"picked":"Conserve Battery","floor":13},{"not_picked":["Lockon","Chill"],"picked":"Glacier","floor":14}],"player_experience":1533364,"relics_obtained":[{"floor":9,"key":"Ginger"},{"floor":11,"key":"Oddly Smooth Stone"},{"floor":14,"key":"Art of War"}],"event_choices":[{"damage_healed":0,"gold_gain":75,"player_choice":"Gather Gold","damage_taken":11,"max_hp_gain":0,"max_hp_loss":0,"event_name":"World of Goop","floor":2,"gold_loss":0},{"damage_healed":0,"gold_gain":0,"player_choice":"Bought 3 Potions","damage_taken":0,"max_hp_gain":0,"max_hp_loss":0,"event_name":"The Woman in Blue","floor":3,"gold_loss":0},{"damage_healed":0,"gold_gain":0,"player_choice":"Donut","damage_taken":0,"max_hp_gain":5,"max_hp_loss":0,"event_name":"Big Fish","floor":5,"gold_loss":0}],"is_beta":true,"boss_relics":[],"items_purged_floors":[],"is_endless":false,"potions_floor_spawned":[7,11,13],"killed_by":"Slime Boss","ascension_level":18}