{"gold_per_floor":[110,110,125,44,44,44,70,70,70,85,98,130,130,130],"floor_reached":14,"playtime":409,"items_purged":[],"score":234,"play_id":"23f021f6-d7b4-418d-9f77-da9daaaf15b7","local_time":"20190507164537","is_ascension_mode":true,"campfire_choices":[{"data":"Footwork","floor":6,"key":"SMITH"},{"data":"Dodge and Roll","floor":8,"key":"SMITH"}],"neow_cost":"NONE","seed_source_timestamp":1391778042994358,"circlet_count":0,"master_deck":["AscendersBane","Defend_G","Defend_G","Defend_G","Defend_G","Defend_G","Strike_G","Strike_G","Strike_G","Strike_G","Survivor","Neutralize","Dagger Spray","Footwork+1","Crippling Poison","Backflip","Flying Knee","Dodge and Roll+1","Dodge and Roll","Footwork","Backstab"],"relics":["Ring of the Snake","NeowsBlessing","Dream Catcher","Darkstone Periapt","Bird Faced Urn","Pen Nib"],"potions_floor_usage":[14],"damage_taken":[{"damage":0,"enemies":"Small Slimes","floor":1,"turns":1},{"damage":0,"enemies":"Cultist","floor":3,"turns":1},{"damage":0,"enemies":"Gremlin Nob","floor":7,"turns":1},{"damage":3,"enemies":"2 Louse","floor":10,"turns":4},{"damage":4,"enemies":"Exordium Wildlife","floor":11,"turns":5},{"damage":17,"enemies":"3 Sentries","floor":12,"turns":15},{"damage":33,"enemies":"Gremlin Nob","floor":14,"turns":4}],"seed_played":"-9079263629883893963","potions_obtained":[{"floor":10,"key":"LiquidBronze"}],"is_trial":false,"path_per_floor":["M","?","M","$","$","R","E","R","T","M","M","E","?","E"],"character_chosen":"THE_SILENT","items_purchased":["Backflip","Flying Knee"],"campfire_rested":0,"item_purchase_floors":[4,4],"current_hp_per_floor":[59,59,59,59,59,59,59,59,59,56,52,35,17,0],"gold":130,"neow_bonus":"THREE_ENEMY_KILL","is_prod":false,"is_daily":false,"chose_seed":false,"campfire_upgraded":2,"win_rate":0,"timestamp":1557240337,"path_taken":["M","?","M","?","$","R","E","R","T","M","M","E","?","E"],"build_version":"2019-04-23","purchased_purges":0,"victory":false,"max_hp_per_floor":[66,66,66,66,66,66,66,66,66,66,66,66,66,66],"card_choices":[{"not_picked":["Poisoned Stab","Underhanded Strike"],"picked":"Dagger Spray","floor":1},{"not_picked":["Dagger Spray","Blade Dance"],"picked":"Crippling Poison","floor":3},{"not_picked":["Eviscerate","Acrobatics"],"picked":"Dodge and Roll","floor":7},{"not_picked":["Eviscerate","Dagger Throw"],"picked":"Dodge and Roll","floor":10},{"not_picked":["Tactician","Dagger Throw"],"picked":"Footwork","floor":11},{"not_picked":["Expertise","Distraction"],"picked":"Backstab","floor":12}],"player_experience":1566984,"relics_obtained":[{"floor":7,"key":"Dream Catcher"},{"floor":9,"key":"Darkstone Periapt"},{"floor":12,"key":"Bird Faced Urn"}],"event_choices":[{"damage_healed":0,"gold_gain":0,"cards_transformed":["Strike_G"],"player_choice":"Transformed","damage_taken":0,"max_hp_gain":0,"max_hp_loss":0,"event_name":"Transmorgrifier","floor":2,"gold_loss":0,"cards_obtained":["Footwork"]},{"damage_healed":0,"gold_gain":0,"player_choice":"Success","damage_taken":18,"relics_obtained":["Pen Nib"],"max_hp_gain":0,"max_hp_loss":0,"event_name":"Scrap Ooze","floor":13,"gold_loss":0}],"is_beta":true,"boss_relics":[],"items_purged_floors":[],"is_endless":false,"potions_floor_spawned":[10],"killed_by":"Gremlin Nob","ascension_level":18}