{"gold_per_floor":[114,114,133,18,35,35,59,59,59,59,69,69,19,30,30,132,132,146,163,32,48,48,48],"floor_reached":23,"playtime":673,"items_purged":["Strike_B"],"score":208,"play_id":"4f22e02e-250b-436d-a00f-d0afe2cf7a1b","local_time":"20190419203941","is_ascension_mode":true,"campfire_choices":[{"data":"Darkness","floor":6,"key":"SMITH"},{"data":"Defragment","floor":8,"key":"SMITH"},{"data":"Multi-Cast","floor":10,"key":"SMITH"},{"data":"Zap","floor":12,"key":"SMITH"},{"data":"Redo","floor":15,"key":"SMITH"}],"neow_cost":"PERCENT_DAMAGE","seed_source_timestamp":2276495147595205,"circlet_count":0,"master_deck":["Defend_B","Defend_B","Defend_B+1","Zap+1","Dualcast","Multi-Cast+1","Self Repair+1","Beam Cell","Defragment+1","Darkness+1","Redo+1","Echo Form","Static Discharge+1","Electrodynamics+1","Melter+1","Ball Lightning","Redo+1","Capacitor","Streamline","Capacitor+1"],"relics":["Cracked Core","Odd Mushroom","Singing Bowl","Astrolabe"],"potions_floor_usage":[18,21],"damage_taken":[{"damage":0,"enemies":"Small Slimes","floor":1,"turns":3},{"damage":4,"enemies":"Jaw Worm","floor":3,"turns":4},{"damage":1,"enemies":"2 Louse","floor":5,"turns":4},{"damage":11,"enemies":"The Mushroom Lair","floor":7,"turns":4},{"damage":7,"enemies":"Exordium Wildlife","floor":11,"turns":3},{"damage":13,"enemies":"2 Fungi Beasts","floor":14,"turns":3},{"damage":10,"enemies":"The Guardian","floor":16,"turns":8},{"damage":9,"enemies":"3 Byrds","floor":18,"turns":2},{"damage":20,"enemies":"2 Thieves","floor":19,"turns":3},{"damage":27,"enemies":"Shelled Parasite and Fungi","floor":21,"turns":3},{"damage":57,"enemies":"Slavers","floor":23,"turns":3}],"seed_played":"4551426002113780929","potions_obtained":[{"floor":1,"key":"Fruit Juice"},{"floor":14,"key":"Explosive Potion"},{"floor":21,"key":"SteroidPotion"}],"is_trial":false,"path_per_floor":["M","?","M","$","M","R","?","R","T","R","M","R","$","M","R","B",null,"M","M","$","M","?","E"],"character_chosen":"DEFECT","items_purchased":["Defragment","Redo","Capacitor","Streamline"],"campfire_rested":0,"item_purchase_floors":[4,13,20,20],"current_hp_per_floor":[54,39,45,45,54,54,53,53,53,53,58,58,58,57,57,57,79,79,69,69,57,57,0],"gold":48,"neow_bonus":"THREE_RARE_CARDS","is_prod":false,"is_daily":false,"chose_seed":false,"campfire_upgraded":5,"win_rate":0,"timestamp":1555699181,"path_taken":["M","?","M","$","M","R","?","R","T","R","M","R","?","M","R","BOSS","M","M","$","M","?","E"],"build_version":"2019-04-04","purchased_purges":1,"victory":false,"max_hp_per_floor":[75,75,75,75,75,75,75,75,75,75,77,77,77,79,79,79,79,79,79,79,84,84,84],"card_choices":[{"not_picked":["All For One","Amplify"],"picked":"Multi-Cast","floor":0},{"not_picked":["Capacitor","Turbo"],"picked":"Self Repair","floor":1},{"not_picked":["Cold Snap","Storm"],"picked":"Beam Cell","floor":3},{"not_picked":["Scrape","Biased Cognition"],"picked":"Darkness","floor":5},{"not_picked":["Cold Snap","Lockon","Beam Cell"],"picked":"Singing Bowl","floor":11},{"not_picked":["Storm","Tempest","Beam Cell"],"picked":"Singing Bowl","floor":14},{"not_picked":["Core Surge","Hyperbeam"],"picked":"Echo Form","floor":16},{"not_picked":["Scrape","Heatsinks"],"picked":"Ball Lightning","floor":18},{"not_picked":["Hologram","Fusion"],"picked":"Redo+1","floor":19},{"not_picked":["Reprogram","Ball Lightning"],"picked":"Capacitor+1","floor":21}],"player_experience":1138017,"relics_obtained":[{"floor":7,"key":"Odd Mushroom"},{"floor":9,"key":"Singing Bowl"}],"event_choices":[{"damage_healed":0,"gold_gain":0,"player_choice":"Entered Light","damage_taken":15,"max_hp_gain":0,"max_hp_loss":0,"event_name":"Shining Light","floor":2,"gold_loss":0,"cards_upgraded":["Self Repair","Defend_B"]},{"damage_healed":0,"gold_gain":0,"player_choice":"Fought Mushrooms","damage_taken":0,"max_hp_gain":0,"max_hp_loss":0,"event_name":"Mushrooms","floor":7,"gold_loss":0},{"cards_removed":["Defend_B"],"damage_healed":0,"gold_gain":0,"player_choice":"Elegance","damage_taken":0,"max_hp_gain":0,"max_hp_loss":0,"event_name":"Back to Basics","floor":22,"gold_loss":0}],"is_beta":true,"boss_relics":[{"not_picked":["Lizard Tail","FrozenCore"],"picked":"Astrolabe"}],"items_purged_floors":[4],"is_endless":false,"potions_floor_spawned":[1,14,21],"killed_by":"Slavers","ascension_level":3}