{"gold_per_floor":[367,367,385,485,124,124,137,156,231,241,59,70,70],"floor_reached":13,"playtime":379,"items_purged":["Regret"],"score":116,"play_id":"ff84d8c2-41b0-476b-b1c0-dbfc93fc348c","local_time":"20190327130440","is_ascension_mode":true,"campfire_choices":[{"data":"Dualcast","floor":6,"key":"SMITH"}],"neow_cost":"CURSE","seed_source_timestamp":598576871449800,"circlet_count":0,"master_deck":["AscendersBane","Strike_B","Strike_B","Strike_B","Strike_B","Defend_B","Defend_B","Defend_B","Defend_B","Zap","Dualcast+1","Writhe","Reinforced Body","Storm","Static Discharge","Sunder","Ball Lightning","Defragment","Static Discharge","Thunder Strike","Doom and Gloom"],"relics":["Cracked Core","Bag of Marbles","Medical Kit","Bottled Lightning"],"potions_floor_usage":[13,13,13],"damage_taken":[{"damage":9,"enemies":"Small Slimes","floor":1,"turns":3},{"damage":2,"enemies":"Cultist","floor":3,"turns":3},{"damage":4,"enemies":"2 Louse","floor":7,"turns":3},{"damage":5,"enemies":"2 Fungi Beasts","floor":8,"turns":3},{"damage":20,"enemies":"3 Louse","floor":10,"turns":4},{"damage":6,"enemies":"Looter","floor":12,"turns":3},{"damage":40,"enemies":"Lagavulin","floor":13,"turns":5}],"seed_played":"831021275841648579","potions_obtained":[{"floor":1,"key":"Ancient Potion"},{"floor":3,"key":"Dexterity Potion"},{"floor":7,"key":"FocusPotion"}],"is_trial":false,"path_per_floor":["M","?","M","?","$","R","M","M","T","M","$","M","E"],"character_chosen":"DEFECT","items_purchased":["Medical Kit","Static Discharge","Static Discharge","Thunder Strike"],"campfire_rested":0,"item_purchase_floors":[5,5,11,11],"current_hp_per_floor":[59,59,57,57,57,57,53,48,48,28,28,22,0],"gold":70,"neow_bonus":"TWO_FIFTY_GOLD","is_prod":false,"is_daily":false,"chose_seed":false,"campfire_upgraded":1,"win_rate":0,"timestamp":1553706280,"path_taken":["M","?","M","?","$","R","M","M","T","M","$","M","E"],"build_version":"2019-01-23","purchased_purges":1,"victory":false,"max_hp_per_floor":[75,75,75,75,75,75,75,75,75,75,75,75,75],"card_choices":[{"not_picked":["Go for the Eyes","Force Field"],"picked":"Reinforced Body","floor":1},{"not_picked":["Cold Snap","Steam"],"picked":"Storm","floor":3},{"not_picked":["Steam","Rebound"],"picked":"Sunder","floor":7},{"not_picked":["Redo","Leap"],"picked":"Ball Lightning","floor":8},{"not_picked":["Reinforced Body","Hello World"],"picked":"Defragment","floor":10},{"not_picked":["Barrage","Blizzard"],"picked":"Doom and Gloom","floor":12}],"player_experience":2532114,"relics_obtained":[{"floor":9,"key":"Bottled Lightning"}],"event_choices":[{"damage_healed":0,"gold_gain":0,"player_choice":"Box","damage_taken":0,"relics_obtained":["Bag of Marbles"],"max_hp_gain":0,"max_hp_loss":0,"event_name":"Big Fish","floor":2,"gold_loss":0,"cards_obtained":["Regret"]},{"damage_healed":0,"gold_gain":100,"player_choice":"Pray","damage_taken":0,"max_hp_gain":0,"max_hp_loss":0,"event_name":"Golden Shrine","floor":4,"gold_loss":0}],"is_beta":false,"boss_relics":[],"items_purged_floors":[5],"is_endless":false,"potions_floor_spawned":[1,3,7],"killed_by":"Lagavulin","ascension_level":10}