{"path_per_floor":["M","?","?","$","M","E","R","?","T","M","$","R","M","M","R","B",null,"M","?","M","M","M","R"],"character_chosen":"IRONCLAD","items_purchased":["Twin Strike","Fire Breathing","Flex","Pommel Strike","Reaper","Brutality"],"gold_per_floor":[113,113,288,93,107,134,134,192,244,255,42,42,57,70,70,166,166,180,180,190,209,220,220],"floor_reached":24,"campfire_rested":1,"playtime":2071,"current_hp_per_floor":[80,80,80,80,67,44,44,47,47,53,53,53,45,51,75,17,80,69,69,69,46,31,31],"items_purged":[],"gold":220,"play_id":"66b31a11-f128-4fac-817c-f516285628e1","is_prod":false,"is_daily":false,"campfire_rituals":0,"campfire_upgraded":3,"is_hardmode":false,"path_taken":["M","?","?","$","M","E","R","?","T","M","?","R","?","M","R","BOSS","M","?","M","M","?","R","E"],"build_version":"2018-01-18-PROD4","purchased_purges":0,"victory":false,"master_deck":["Strike_R","Strike_R","Strike_R","Strike_R","Strike_R","Defend_R","Defend_R","Defend_R","Defend_R","Bash","Twin Strike","Doubt","Twin Strike","Fire Breathing","Flex","Pommel Strike","Inflame","Perfected Strike","Feel No Pain","Combust","Reaper","Brutality","Sword Boomerang","Dual Wield","Demon Form","Dropkick","Searing Blow","Uppercut","Whirlwind","Hemokinesis"],"max_hp_per_floor":[80,80,80,80,80,80,80,80,80,80,80,80,80,80,80,80,80,80,80,80,80,80,80],"relics":["Burning Blood","Self Forming Clay","Thread and Needle","Lantern","Sozu"],"campfire_meditates":0,"card_choices":[{"not_picked":["Armaments","Pommel Strike"],"picked":"Twin Strike"},{"not_picked":["Iron Wave","Armaments"],"picked":"Inflame"},{"not_picked":["Armaments","Uppercut"],"picked":"Perfected Strike"},{"not_picked":["Disarm","Body Slam"],"picked":"Feel No Pain"},{"not_picked":["Headbutt","Metallicize"],"picked":"Combust"},{"not_picked":["Fire Breathing","Battle Trance"],"picked":"Sword Boomerang"},{"not_picked":["Anger","Cleave"],"picked":"Dual Wield"},{"not_picked":["Brutality","Fiend Fire"],"picked":"Demon Form"},{"not_picked":["Twin Strike","Headbutt"],"picked":"Dropkick"},{"not_picked":["Dual Wield","Shrug It Off"],"picked":"Uppercut"},{"not_picked":["Fire Breathing","Perfected Strike"],"picked":"Whirlwind"},{"not_picked":["Dual Wield","Warcry"],"picked":"Hemokinesis"}],"player_experience":0,"potions_floor_usage":[8,8,8,13],"damage_taken":[{"damage":3,"enemies":"2 Louse","floor":1,"turns":3},{"damage":19,"enemies":"Blue Slaver","floor":5,"turns":3},{"damage":29,"enemies":"Gremlin Nob","floor":6,"turns":4},{"damage":18,"enemies":"Lagavulin Event","floor":8,"turns":6},{"damage":0,"enemies":"Jaw Worm","floor":10,"turns":1},{"damage":20,"enemies":"Exordium Thugs","floor":13,"turns":5},{"damage":0,"enemies":"Exordium Wildlife","floor":14,"turns":2},{"damage":68,"enemies":"The Guardian","floor":16,"turns":9},{"damage":24,"enemies":"3 Byrds","floor":18,"turns":5},{"damage":6,"enemies":"Spheric Guardian","floor":20,"turns":3},{"damage":29,"enemies":"Centurion and Healer","floor":21,"turns":6},{"damage":21,"enemies":"Chosen and Byrds","floor":22,"turns":5},{"damage":38,"enemies":"Book of Stabbing","floor":24,"turns":4}],"event_choices":[{"event_name":"The Lab","player_choice":"Got Potions","floor":2,"damage_taken":0},{"event_name":"Liars Game","player_choice":"agreed","floor":3,"damage_taken":0},{"event_name":"Dead Adventurer","player_choice":"Searched \u00272\u0027 times","floor":8,"damage_taken":0},{"event_name":"The Library","player_choice":"Read","floor":19,"damage_taken":0}],"boss_relics":[{"not_picked":["Runic Pyramid","Black Star"],"picked":"Sozu"}],"potions_floor_spawned":[6,10,13,16,18,21],"seed_played":"6756465957379287541","killed_by":"Book of Stabbing","is_trial":false}