{"gold_per_floor":[115,135,60,76,86,86,114,114,114,133,19,19,19,34,34,34],"floor_reached":16,"playtime":804,"items_purged":["Strike_G"],"score":194,"play_id":"df4232f7-1b1b-4b1a-8656-7a65a2332e64","local_time":"20190508183200","is_ascension_mode":true,"campfire_choices":[{"data":"Dash","floor":6,"key":"SMITH"},{"floor":8,"key":"REST"},{"floor":12,"key":"REST"},{"data":"Neutralize","floor":15,"key":"SMITH"}],"neow_cost":"NONE","seed_source_timestamp":1484165216388079,"circlet_count":0,"master_deck":["AscendersBane","Defend_G","Defend_G","Defend_G","Defend_G","Defend_G","Strike_G","Strike_G","Strike_G","Survivor","Neutralize+1","Poisoned Stab","Bane","Dash+1","Poisoned Stab","Crippling Poison","Blur","Caltrops","Injury","A Thousand Cuts","Neutralize+1","Dodge and Roll"],"relics":["Ring of the Snake","Dodecahedron","Shuriken"],"potions_floor_usage":[16],"damage_taken":[{"damage":1,"enemies":"Cultist","floor":1,"turns":5},{"damage":0,"enemies":"Jaw Worm","floor":2,"turns":5},{"damage":0,"enemies":"Small Slimes","floor":4,"turns":2},{"damage":3,"enemies":"Looter","floor":5,"turns":3},{"damage":49,"enemies":"3 Sentries","floor":7,"turns":13},{"damage":12,"enemies":"Lots of Slimes","floor":10,"turns":4},{"damage":0,"enemies":"2 Fungi Beasts","floor":14,"turns":3},{"damage":33,"enemies":"Slime Boss","floor":16,"turns":7}],"seed_played":"-5430007325031355131","potions_obtained":[{"floor":5,"key":"GhostInAJar"},{"floor":7,"key":"Weak Potion"}],"is_trial":false,"path_per_floor":["M","M","?","M","M","R","E","R","T","M","$","R","?","M","R","B"],"character_chosen":"THE_SILENT","items_purchased":["Caltrops"],"campfire_rested":2,"item_purchase_floors":[11],"current_hp_per_floor":[58,58,58,58,55,55,6,25,25,13,13,32,32,32,32,0],"gold":34,"neow_bonus":"UPGRADE_CARD","is_prod":false,"is_daily":false,"chose_seed":false,"campfire_upgraded":2,"win_rate":0,"timestamp":1557333120,"path_taken":["M","M","?","M","M","R","E","R","T","M","$","R","?","M","R","BOSS"],"build_version":"2019-05-07","purchased_purges":1,"victory":false,"max_hp_per_floor":[66,66,66,66,66,66,66,66,66,66,66,66,66,66,66,66],"card_choices":[{"not_picked":["Quick Slash","Underhanded Strike"],"picked":"Poisoned Stab","floor":1},{"not_picked":["Deflect","Skewer"],"picked":"Bane","floor":2},{"not_picked":["Dodge and Roll","Bane"],"picked":"Dash","floor":4},{"not_picked":["Phantasmal Killer","Calculated Gamble"],"picked":"Poisoned Stab","floor":5},{"not_picked":["Outmaneuver","Underhanded Strike"],"picked":"Crippling Poison","floor":7},{"not_picked":["Slice","Blade Dance"],"picked":"Blur","floor":10},{"not_picked":["Concentrate","Deadly Poison"],"picked":"Dodge and Roll","floor":14}],"player_experience":1599878,"relics_obtained":[{"floor":7,"key":"Dodecahedron"},{"floor":9,"key":"Shuriken"}],"event_choices":[{"cards_removed":["Strike_G"],"damage_healed":0,"gold_gain":0,"player_choice":"Card Removal","damage_taken":0,"max_hp_gain":0,"max_hp_loss":0,"event_name":"The Cleric","floor":3,"gold_loss":75},{"damage_healed":0,"gold_gain":0,"player_choice":"3 cards matched","damage_taken":0,"max_hp_gain":0,"max_hp_loss":0,"event_name":"Match and Keep!","floor":13,"gold_loss":0,"cards_obtained":["Injury","A Thousand Cuts","Neutralize"]}],"is_beta":true,"boss_relics":[],"items_purged_floors":[11],"is_endless":false,"potions_floor_spawned":[5,7,10],"killed_by":"Slime Boss","ascension_level":18}