{"gold_per_floor":[111,261,261,261,55,68,68,89,116,116,135,165,165,180,180,256,256,270,289,303,353,353],"floor_reached":22,"playtime":1550,"items_purged":["Strike_G"],"score":350,"play_id":"f02590a1-8a52-4704-b75b-4af6c45bed28","local_time":"20190508172249","is_ascension_mode":true,"campfire_choices":[{"data":"Caltrops","floor":7,"key":"SMITH"},{"floor":13,"key":"REST"},{"data":"Bouncing Flask","floor":15,"key":"SMITH"}],"neow_cost":"NONE","seed_source_timestamp":1479267556739984,"circlet_count":0,"master_deck":["AscendersBane","Defend_G","Defend_G","Defend_G","Defend_G","Defend_G","Strike_G","Survivor","Neutralize","Backflip+1","Endless Agony","Escape Plan","Caltrops+1","Leg Sweep","Blade Dance","Crippling Poison","Bouncing Flask+1","A Thousand Cuts","Burst+1","Blade Dance+1","Leg Sweep+1","Cloak And Dagger","PiercingWail","Dash"],"relics":["Ring of the Snake","NeowsBlessing","Odd Mushroom","Art of War","Bird Faced Urn","Bag of Preparation","Astrolabe"],"potions_floor_usage":[12,20,22],"damage_taken":[{"damage":0,"enemies":"Jaw Worm","floor":1,"turns":1},{"damage":0,"enemies":"Small Slimes","floor":6,"turns":1},{"damage":0,"enemies":"The Mushroom Lair","floor":8,"turns":1},{"damage":0,"enemies":"2 Louse","floor":11,"turns":3},{"damage":29,"enemies":"3 Sentries","floor":12,"turns":13},{"damage":2,"enemies":"Exordium Thugs","floor":14,"turns":4},{"damage":14,"enemies":"The Guardian","floor":16,"turns":10},{"damage":16,"enemies":"Spheric Guardian","floor":18,"turns":4},{"damage":30,"enemies":"2 Thieves","floor":19,"turns":4},{"damage":37,"enemies":"3 Cultists","floor":20,"turns":5},{"damage":12,"enemies":"Snake Plant","floor":22,"turns":2}],"seed_played":"6576719802926055114","potions_obtained":[{"floor":1,"key":"Block Potion"},{"floor":11,"key":"FairyPotion"},{"floor":16,"key":"Regen Potion"},{"floor":20,"key":"Weak Potion"}],"is_trial":false,"path_per_floor":["M","?","?","?","$","M","R","?","T","?","M","E","R","M","R","B",null,"M","M","M","?","M"],"character_chosen":"THE_SILENT","items_purchased":["Endless Agony","Escape Plan"],"campfire_rested":1,"item_purchase_floors":[5,5],"current_hp_per_floor":[59,59,59,52,52,52,52,52,52,34,36,9,28,28,28,16,54,40,12,6,6,0],"gold":353,"neow_bonus":"THREE_ENEMY_KILL","is_prod":false,"is_daily":false,"chose_seed":false,"campfire_upgraded":2,"win_rate":0,"timestamp":1557328969,"path_taken":["M","?","?","?","$","M","R","?","T","?","M","E","R","M","R","BOSS","M","M","M","?","M"],"build_version":"2019-05-07","purchased_purges":1,"victory":false,"max_hp_per_floor":[66,66,66,66,66,66,66,66,66,66,66,66,66,66,66,66,66,66,66,66,66,66],"card_choices":[{"not_picked":["Heel Hook","Reflex"],"picked":"Backflip","floor":1},{"not_picked":["Flying Knee","Outmaneuver"],"picked":"Caltrops","floor":6},{"not_picked":["Heel Hook","Choke"],"picked":"Leg Sweep","floor":8},{"not_picked":["Acrobatics","Deadly Poison"],"picked":"Blade Dance","floor":11},{"not_picked":["Backflip","Prepared"],"picked":"Crippling Poison","floor":12},{"not_picked":["Dagger Spray","Glass Knife"],"picked":"Bouncing Flask","floor":14},{"not_picked":["Venomology","Wraith Form v2"],"picked":"A Thousand Cuts","floor":16},{"not_picked":["Setup","Slice"],"picked":"Cloak And Dagger","floor":18},{"not_picked":["Outmaneuver","Acrobatics"],"picked":"PiercingWail","floor":19},{"not_picked":["Masterful Stab","Terror"],"picked":"Dash","floor":20}],"player_experience":1595144,"relics_obtained":[{"floor":8,"key":"Odd Mushroom"},{"floor":9,"key":"Art of War"},{"floor":12,"key":"Bag of Preparation"}],"event_choices":[{"damage_healed":0,"gold_gain":150,"player_choice":"AGREE","damage_taken":0,"max_hp_gain":0,"max_hp_loss":0,"event_name":"Liars Game","floor":2,"gold_loss":0,"cards_obtained":["Doubt"]},{"damage_healed":0,"gold_gain":0,"player_choice":"Grow","damage_taken":0,"max_hp_gain":0,"max_hp_loss":0,"event_name":"Living Wall","floor":3,"gold_loss":0,"cards_upgraded":["Backflip"]},{"cards_removed":["Doubt"],"damage_healed":0,"gold_gain":0,"player_choice":"Card Removal","damage_taken":7,"max_hp_gain":0,"max_hp_loss":0,"event_name":"Golden Wing","floor":4,"gold_loss":0},{"damage_healed":0,"gold_gain":0,"player_choice":"Fought Mushrooms","damage_taken":0,"max_hp_gain":0,"max_hp_loss":0,"event_name":"Mushrooms","floor":8,"gold_loss":0},{"damage_healed":0,"gold_gain":0,"player_choice":"Success","damage_taken":18,"relics_obtained":["Bird Faced Urn"],"max_hp_gain":0,"max_hp_loss":0,"event_name":"Scrap Ooze","floor":10,"gold_loss":0},{"damage_healed":0,"gold_gain":50,"player_choice":"Stole From Cult","damage_taken":0,"max_hp_gain":0,"max_hp_loss":0,"event_name":"Nest","floor":21,"gold_loss":0}],"is_beta":true,"boss_relics":[{"not_picked":["White Beast Statue","Tiny House"],"picked":"Astrolabe"}],"items_purged_floors":[5],"is_endless":false,"potions_floor_spawned":[1,11,16,19,20],"killed_by":"Snake Plant","ascension_level":18}