{"gold_per_floor":[113,113,133,146,162,162,188,188,188,223,498,512,512,526,526,604,604,624,638,111,111,131,131,150,150,175,175,192,192,192,210,210,210],"floor_reached":33,"playtime":1380,"items_purged":["Strike_R"],"score":457,"play_id":"48df7efc-1ca1-4e85-9eb6-875fd7bbfaba","local_time":"20190501130039","is_ascension_mode":true,"campfire_choices":[{"data":"Iron Wave","floor":6,"key":"SMITH"},{"data":"Inflame","floor":8,"key":"SMITH"},{"data":"Bludgeon","floor":15,"key":"SMITH"},{"floor":23,"key":"REST"},{"data":"Limit Break","floor":25,"key":"SMITH"},{"data":"Disarm","floor":29,"key":"SMITH"},{"floor":32,"key":"REST"}],"neow_cost":"NONE","seed_source_timestamp":858908389701311,"circlet_count":0,"master_deck":["AscendersBane","Strike_R","Strike_R+1","Strike_R","Strike_R","Defend_R","Defend_R","Defend_R","Defend_R","Bash+1","Inflame+1","Iron Wave+1","Anger","Shockwave","Headbutt","Bludgeon+1","Regret","Bloodletting","Iron Wave","Limit Break+1","Inflame","Cleave","Disarm+1","Iron Wave","Reaper"],"relics":["Burning Blood","Turnip","Darkstone Periapt","Letter Opener","CultistMask","Sozu","Membership Card","Self Forming Clay","Mercury Hourglass","Red Skull"],"potions_floor_usage":[7,12,21],"damage_taken":[{"damage":3,"enemies":"2 Louse","floor":1,"turns":4},{"damage":8,"enemies":"Jaw Worm","floor":3,"turns":4},{"damage":1,"enemies":"Cultist","floor":4,"turns":3},{"damage":6,"enemies":"Looter","floor":5,"turns":2},{"damage":9,"enemies":"Gremlin Nob","floor":7,"turns":3},{"damage":18,"enemies":"3 Sentries","floor":10,"turns":6},{"damage":21,"enemies":"Gremlin Gang","floor":12,"turns":4},{"damage":4,"enemies":"Large Slime","floor":14,"turns":2},{"damage":32,"enemies":"Slime Boss","floor":16,"turns":6},{"damage":4,"enemies":"Spheric Guardian","floor":18,"turns":3},{"damage":35,"enemies":"2 Thieves","floor":19,"turns":4},{"damage":7,"enemies":"Snake Plant","floor":21,"turns":2},{"damage":26,"enemies":"Shelled Parasite and Fungi","floor":22,"turns":4},{"damage":14,"enemies":"Sentry and Sphere","floor":24,"turns":4},{"damage":27,"enemies":"Chosen and Byrds","floor":28,"turns":4},{"damage":15,"enemies":"Colosseum Slavers","floor":30,"turns":3},{"damage":3,"enemies":"3 Cultists","floor":31,"turns":4},{"damage":93,"enemies":"Automaton","floor":33,"turns":6}],"seed_played":"-3028004939032991310","potions_obtained":[{"floor":3,"key":"Fire Potion"},{"floor":7,"key":"Poison Potion"},{"floor":10,"key":"LiquidBronze"},{"floor":12,"key":"SmokeBomb"}],"is_trial":false,"path_per_floor":["M","?","M","M","M","R","E","R","T","E","?","M","?","M","R","B",null,"M","M","$","M","M","R","M","R","T","?","M","R","?","M","R","B"],"character_chosen":"IRONCLAD","items_purchased":["Membership Card","Inflame","Self Forming Clay","Mercury Hourglass","Cleave"],"campfire_rested":2,"item_purchase_floors":[20,20,20,20,20],"current_hp_per_floor":[78,53,51,56,56,56,53,53,53,41,47,32,32,34,34,8,68,70,41,41,40,20,46,38,38,38,56,35,35,26,29,55,0],"gold":210,"neow_bonus":"TEN_PERCENT_HP_BONUS","is_prod":false,"is_daily":false,"chose_seed":false,"campfire_upgraded":5,"win_rate":0,"timestamp":1556708439,"path_taken":["M","?","M","M","M","R","E","R","T","E","?","?","?","?","R","BOSS","M","M","$","M","M","R","M","R","T","?","M","R","?","M","R","BOSS"],"build_version":"2019-04-23","purchased_purges":1,"victory":false,"max_hp_per_floor":[82,82,82,82,82,82,82,82,82,82,88,88,88,88,88,88,88,88,88,88,88,88,88,88,88,88,88,88,88,88,88,88,88],"card_choices":[{"not_picked":["Shrug It Off","Headbutt"],"picked":"Inflame","floor":1},{"not_picked":["Warcry","Havoc"],"picked":"Iron Wave","floor":3},{"not_picked":["Flex","Wild Strike"],"picked":"Anger","floor":4},{"not_picked":["Combust","Rage"],"picked":"Shockwave","floor":5},{"not_picked":["Thunderclap","Armaments"],"picked":"Headbutt","floor":7},{"not_picked":["Flex","Wild Strike"],"picked":"Bludgeon","floor":10},{"not_picked":["Havoc","Armaments"],"picked":"Bloodletting","floor":12},{"not_picked":["Thunderclap","Sword Boomerang"],"picked":"Iron Wave","floor":14},{"not_picked":["Barricade","Berserk"],"picked":"Limit Break","floor":16},{"not_picked":["True Grit","Perfected Strike","Shockwave"],"picked":"SKIP","floor":18},{"not_picked":["Searing Blow","Wild Strike","Perfected Strike"],"picked":"SKIP","floor":19},{"not_picked":["Headbutt","True Grit+1","Heavy Blade"],"picked":"SKIP","floor":22},{"not_picked":["Ghostly Armor","Warcry"],"picked":"Disarm","floor":24},{"not_picked":["Reckless Charge","Headbutt"],"picked":"Iron Wave","floor":28},{"not_picked":["Reckless Charge","Pommel Strike"],"picked":"Reaper","floor":31}],"player_experience":1388311,"relics_obtained":[{"floor":7,"key":"Turnip"},{"floor":9,"key":"Darkstone Periapt"},{"floor":10,"key":"Letter Opener"},{"floor":26,"key":"Red Skull"}],"event_choices":[{"damage_healed":0,"gold_gain":0,"player_choice":"Entered Light","damage_taken":25,"max_hp_gain":0,"max_hp_loss":0,"event_name":"Shining Light","floor":2,"gold_loss":0,"cards_upgraded":["Bash","Strike_R"]},{"damage_healed":0,"gold_gain":275,"player_choice":"Desecrate","damage_taken":0,"max_hp_gain":0,"max_hp_loss":0,"event_name":"Golden Shrine","floor":11,"gold_loss":0,"cards_obtained":["Regret"]},{"damage_healed":0,"gold_gain":0,"player_choice":"Trade","damage_taken":0,"relics_obtained":["CultistMask"],"max_hp_gain":0,"max_hp_loss":0,"event_name":"FaceTrader","floor":13,"gold_loss":0},{"damage_healed":18,"gold_gain":0,"player_choice":"Heal","damage_taken":0,"max_hp_gain":0,"max_hp_loss":0,"event_name":"The Library","floor":27,"gold_loss":0},{"damage_healed":0,"gold_gain":0,"player_choice":"Fight","damage_taken":0,"max_hp_gain":0,"max_hp_loss":0,"event_name":"Colosseum","floor":30,"gold_loss":0},{"damage_healed":0,"gold_gain":0,"player_choice":"Fled From Nobs","damage_taken":0,"max_hp_gain":0,"max_hp_loss":0,"event_name":"Colosseum","floor":30,"gold_loss":0}],"is_beta":true,"boss_relics":[{"not_picked":["Pandora\u0027s Box","Snecko Eye"],"picked":"Sozu"}],"items_purged_floors":[20],"is_endless":false,"potions_floor_spawned":[3,7,10,12,18,19],"killed_by":"Automaton","ascension_level":15}