{"gold_per_floor":[117,127,147,55,65,94,94,119,119,133,133,148,161,161],"floor_reached":14,"playtime":3244,"items_purged":[],"score":120,"play_id":"bceb4654-1dd2-4886-89e9-d62ee631c9e6","local_time":"20190421190958","is_ascension_mode":true,"campfire_choices":[{"data":"Redo","floor":7,"key":"SMITH"}],"neow_cost":"NONE","seed_source_timestamp":15201916830389,"circlet_count":0,"master_deck":["Strike_B","Strike_B","Strike_B","Strike_B","Defend_B","Defend_B","Defend_B","Defend_B","Zap+1","Dualcast","Hologram","Leap","Barrage","Redo+1","Streamline","Streamline+1","Ball Lightning+1"],"relics":["Cracked Core","Dodecahedron","Bottled Lightning","Molten Egg 2","Gremlin Horn"],"potions_floor_usage":[8,14],"damage_taken":[{"damage":0,"enemies":"Small Slimes","floor":1,"turns":2},{"damage":1,"enemies":"Cultist","floor":2,"turns":3},{"damage":0,"enemies":"2 Louse","floor":3,"turns":1},{"damage":10,"enemies":"2 Fungi Beasts","floor":5,"turns":3},{"damage":16,"enemies":"Lagavulin","floor":6,"turns":7},{"damage":21,"enemies":"3 Sentries","floor":8,"turns":7},{"damage":3,"enemies":"Looter","floor":10,"turns":3},{"damage":4,"enemies":"Exordium Thugs","floor":12,"turns":4},{"damage":15,"enemies":"Large Slime","floor":13,"turns":3},{"damage":8,"enemies":"Lagavulin","floor":14,"turns":2}],"seed_played":"-1644182840311131072","potions_obtained":[{"floor":1,"key":"FocusPotion"},{"floor":2,"key":"FairyPotion"},{"floor":5,"key":"FearPotion"},{"floor":6,"key":"Explosive Potion"}],"is_trial":false,"path_per_floor":["M","M","M","$","M","E","R","E","T","M","?","M","M","E"],"character_chosen":"DEFECT","items_purchased":["Hologram","Leap"],"campfire_rested":0,"item_purchase_floors":[4,4],"current_hp_per_floor":[75,74,74,74,64,48,48,27,27,24,24,20,5,0],"gold":161,"neow_bonus":"UPGRADE_CARD","is_prod":false,"is_daily":false,"chose_seed":false,"campfire_upgraded":1,"win_rate":0,"timestamp":1555866598,"path_taken":["M","M","M","$","M","E","R","E","T","M","?","M","M","E"],"build_version":"2019-04-20","purchased_purges":0,"victory":false,"max_hp_per_floor":[75,75,75,75,75,75,75,75,75,75,75,75,75,75],"card_choices":[{"not_picked":["Reprogram","Consume","Gash"],"picked":"SKIP","floor":1},{"not_picked":["Scrape","Compile Driver","Blizzard"],"picked":"SKIP","floor":2},{"not_picked":["Steam Power","Go for the Eyes","Consume"],"picked":"SKIP","floor":3},{"not_picked":["Turbo","Static Discharge"],"picked":"Barrage","floor":5},{"not_picked":["Creative AI","Compile Driver"],"picked":"Redo","floor":6},{"not_picked":["Hologram","Compile Driver"],"picked":"Streamline","floor":8},{"not_picked":["Redo","Compile Driver+1"],"picked":"Streamline+1","floor":10},{"not_picked":["Stack","Gash+1","Go for the Eyes+1"],"picked":"SKIP","floor":12},{"not_picked":["Self Repair","Beam Cell+1"],"picked":"Ball Lightning+1","floor":13}],"player_experience":1147252,"relics_obtained":[{"floor":6,"key":"Dodecahedron"},{"floor":8,"key":"Bottled Lightning"},{"floor":9,"key":"Molten Egg 2"}],"event_choices":[{"damage_healed":0,"gold_gain":0,"player_choice":"Gave Potion","damage_taken":0,"relics_obtained":["Gremlin Horn"],"max_hp_gain":0,"max_hp_loss":0,"event_name":"WeMeetAgain","floor":11,"gold_loss":0}],"is_beta":true,"boss_relics":[],"items_purged_floors":[],"is_endless":false,"potions_floor_spawned":[1,2,5,6],"killed_by":"Lagavulin","ascension_level":3}