{"gold_per_floor":[113,131,131,151,65,65,93,93,143,173,198,198,212,222,222,323,323,323,323,323,323,323,323,323,323,323,233,79,79,79,79,79,79,79,79,79,79,0,0,0,0,0,0,0,0,0,0,0,0,0],"floor_reached":50,"playtime":2480,"items_purged":["Strike_B"],"score":525,"play_id":"212aeafe-caec-46a7-8c9d-62ae2d6d5606","local_time":"20190415141022","is_ascension_mode":false,"campfire_choices":[{"data":"Loop","floor":6,"key":"SMITH"},{"data":"Redo","floor":8,"key":"SMITH"},{"data":"Redo","floor":12,"key":"SMITH"},{"data":"Dualcast","floor":15,"key":"SMITH"},{"data":"Zap","floor":23,"key":"SMITH"},{"data":"Defragment","floor":30,"key":"SMITH"},{"data":"Hologram","floor":32,"key":"SMITH"},{"data":"Buffer","floor":40,"key":"SMITH"},{"data":"Electrodynamics","floor":42,"key":"SMITH"},{"data":"Streamline","floor":47,"key":"SMITH"},{"data":"Doom and Gloom","floor":49,"key":"SMITH"}],"neow_cost":"NONE","seed_source_timestamp":1905728589286446,"circlet_count":0,"master_deck":["Strike_B","Strike_B","Defend_B","Defend_B","Defend_B","Defend_B+1","Zap+1","Dualcast+1","Streamline+1","Redo+1","Loop+1","Redo+1","Beam Cell","Electrodynamics+1","Steam","Glacier","Barrage","Genetic Algorithm","Hologram+1","Defragment+1","Doom and Gloom+1","Buffer+1"],"relics":["Cracked Core","Orichalcum","Vajra","Ancient Tea Set","Lantern","Ectoplasm","Thread and Needle","Pantograph","Anchor","Bottled Flame","Busted Crown","Red Mask","Shuriken","Unceasing Top","Torii"],"potions_floor_usage":[7,16,20,20,25,33,46],"damage_taken":[{"damage":1,"enemies":"Cultist","floor":1,"turns":3},{"damage":3,"enemies":"Small Slimes","floor":2,"turns":3},{"damage":0,"enemies":"2 Louse","floor":4,"turns":3},{"damage":18,"enemies":"Gremlin Nob","floor":7,"turns":3},{"damage":25,"enemies":"Lagavulin","floor":11,"turns":5},{"damage":7,"enemies":"Exordium Wildlife","floor":13,"turns":3},{"damage":2,"enemies":"Blue Slaver","floor":14,"turns":2},{"damage":6,"enemies":"The Guardian","floor":16,"turns":9},{"damage":11,"enemies":"Shell Parasite","floor":18,"turns":5},{"damage":4,"enemies":"3 Byrds","floor":19,"turns":2},{"damage":8,"enemies":"Colosseum Slavers","floor":20,"turns":3},{"damage":0,"enemies":"Colosseum Nobs","floor":20,"turns":3},{"damage":6,"enemies":"Snecko","floor":21,"turns":5},{"damage":0,"enemies":"3 Cultists","floor":24,"turns":5},{"damage":5,"enemies":"Gremlin Leader","floor":25,"turns":6},{"damage":3,"enemies":"Centurion and Healer","floor":31,"turns":4},{"damage":3,"enemies":"Champ","floor":33,"turns":7},{"damage":0,"enemies":"Orb Walker","floor":35,"turns":3},{"damage":11,"enemies":"3 Darklings","floor":36,"turns":3},{"damage":0,"enemies":"Jaw Worm Horde","floor":41,"turns":4},{"damage":0,"enemies":"Spire Growth","floor":44,"turns":5},{"damage":8,"enemies":"Nemesis","floor":45,"turns":7},{"damage":2,"enemies":"Maw","floor":46,"turns":7},{"damage":3,"enemies":"Mind Bloom Boss Battle","floor":48,"turns":6},{"damage":82,"enemies":"Donu and Deca","floor":50,"turns":10}],"seed_played":"4566115488619687232","potions_obtained":[{"floor":2,"key":"FearPotion"},{"floor":11,"key":"SkillPotion"},{"floor":13,"key":"Fire Potion"},{"floor":14,"key":"EssenceOfSteel"},{"floor":16,"key":"Strength Potion"},{"floor":18,"key":"Fire Potion"},{"floor":24,"key":"FearPotion"},{"floor":25,"key":"Swift Potion"},{"floor":35,"key":"FearPotion"},{"floor":41,"key":"SkillPotion"},{"floor":45,"key":"Energy Potion"}],"is_trial":false,"path_per_floor":["M","M","?","M","$","R","E","R","T","?","E","R","M","M","R","B",null,"M","M","?","M","?","R","M","E","T","?","$","?","R","M","R","B",null,"M","M","?","?","$","R","M","R","T","M","E","M","R","?","R","B"],"character_chosen":"DEFECT","items_purchased":["Loop","Redo","Defragment"],"campfire_rested":0,"item_purchase_floors":[5,5,28],"current_hp_per_floor":[81,78,78,78,78,78,60,60,60,60,35,35,28,26,26,20,82,71,67,59,53,45,45,45,40,40,40,40,67,67,64,64,79,82,82,71,71,71,71,71,71,71,71,71,63,61,61,79,79,0],"gold":0,"neow_bonus":"TEN_PERCENT_HP_BONUS","is_prod":false,"is_daily":false,"chose_seed":false,"campfire_upgraded":11,"win_rate":0.0,"timestamp":1555330222,"path_taken":["M","?","?","M","?","R","E","R","T","?","E","R","?","M","R","BOSS","M","M","?","M","?","R","?","E","T","?","?","?","R","M","R","BOSS","M","M","?","?","?","R","M","R","T","?","E","M","R","?","R","BOSS"],"build_version":"2019-04-04","purchased_purges":1,"victory":false,"max_hp_per_floor":[82,82,82,82,82,82,82,82,82,82,82,82,82,82,82,82,82,82,82,82,82,82,82,82,82,82,82,82,82,82,82,82,82,82,82,82,82,82,82,82,82,82,82,82,82,82,82,82,82,82],"card_choices":[{"not_picked":["Leap","Turbo"],"picked":"Streamline","floor":1},{"not_picked":["Beam Cell","Auto Shields"],"picked":"Sweeping Beam","floor":2},{"not_picked":["Static Discharge","Sweeping Beam"],"picked":"Redo","floor":4},{"not_picked":["White Noise","Go for the Eyes"],"picked":"Beam Cell","floor":7},{"not_picked":["Redo","Rebound"],"picked":"Electrodynamics","floor":11},{"not_picked":["Hello World","BootSequence"],"picked":"Steam","floor":13},{"not_picked":["Coolheaded","Darkness"],"picked":"Glacier","floor":14},{"not_picked":["Streamline","Reinforced Body+1","Static Discharge"],"picked":"SKIP","floor":18},{"not_picked":["Double Energy+1","Stack","Sweeping Beam+1"],"picked":"SKIP","floor":19},{"not_picked":["Heatsinks+1","Melter"],"picked":"Barrage","floor":20},{"not_picked":["Conserve Battery","Rebound"],"picked":"Genetic Algorithm","floor":21},{"not_picked":["Tempest","Sweeping Beam","Go for the Eyes+1"],"picked":"SKIP","floor":24},{"not_picked":["Rebound","Sweeping Beam"],"picked":"Hologram","floor":25},{"not_picked":["Machine Learning","Go for the Eyes"],"picked":"Doom and Gloom","floor":31},{"not_picked":["Creative AI","Fission"],"picked":"Buffer","floor":33},{"not_picked":["Rebound"],"picked":"SKIP","floor":35},{"not_picked":["Go for the Eyes"],"picked":"SKIP","floor":36},{"not_picked":["Conserve Battery+1"],"picked":"SKIP","floor":41},{"not_picked":["Hologram+1"],"picked":"SKIP","floor":44},{"not_picked":["Leap+1"],"picked":"SKIP","floor":45},{"not_picked":["Gash"],"picked":"SKIP","floor":46}],"player_experience":1116888,"relics_obtained":[{"floor":7,"key":"Orichalcum"},{"floor":9,"key":"Vajra"},{"floor":11,"key":"Lantern"},{"floor":20,"key":"Thread and Needle"},{"floor":20,"key":"Pantograph"},{"floor":25,"key":"Anchor"},{"floor":26,"key":"Bottled Flame"},{"floor":43,"key":"Shuriken"},{"floor":45,"key":"Unceasing Top"},{"floor":48,"key":"Torii"}],"event_choices":[{"damage_healed":0,"gold_gain":0,"player_choice":"Ignored","damage_taken":0,"max_hp_gain":0,"max_hp_loss":0,"event_name":"NoteForYourself","floor":3,"gold_loss":0},{"damage_healed":0,"gold_gain":30,"player_choice":"Searched \u00273\u0027 times","damage_taken":0,"relics_obtained":["Ancient Tea Set"],"max_hp_gain":0,"max_hp_loss":0,"event_name":"Dead Adventurer","floor":10,"gold_loss":0},{"damage_healed":0,"gold_gain":0,"player_choice":"Fight","damage_taken":0,"max_hp_gain":0,"max_hp_loss":0,"event_name":"Colosseum","floor":20,"gold_loss":0},{"damage_healed":0,"gold_gain":0,"player_choice":"Fought Nobs","damage_taken":0,"max_hp_gain":0,"max_hp_loss":0,"event_name":"Colosseum","floor":20,"gold_loss":0},{"damage_healed":0,"gold_gain":75,"player_choice":"Touch","damage_taken":8,"max_hp_gain":0,"max_hp_loss":0,"event_name":"FaceTrader","floor":22,"gold_loss":0},{"cards_removed":["Strike_B"],"damage_healed":0,"gold_gain":0,"player_choice":"Upgrade and Remove","damage_taken":0,"max_hp_gain":0,"max_hp_loss":0,"event_name":"Designer","floor":27,"gold_loss":90,"cards_upgraded":["Defend_B"]},{"damage_healed":27,"gold_gain":0,"player_choice":"Heal","damage_taken":0,"max_hp_gain":0,"max_hp_loss":0,"event_name":"The Library","floor":29,"gold_loss":0},{"cards_removed":["Sweeping Beam"],"damage_healed":0,"gold_gain":0,"player_choice":"Removed Attack","damage_taken":0,"max_hp_gain":0,"max_hp_loss":0,"event_name":"Falling","floor":37,"gold_loss":0},{"damage_healed":0,"gold_gain":0,"player_choice":"Paid","damage_taken":0,"relics_obtained":["Red Mask"],"max_hp_gain":0,"max_hp_loss":0,"event_name":"Tomb of Lord Red Mask","floor":38,"gold_loss":79},{"damage_healed":0,"gold_gain":0,"player_choice":"Fight","damage_taken":0,"max_hp_gain":0,"max_hp_loss":0,"event_name":"MindBloom","floor":48,"gold_loss":0}],"is_beta":true,"boss_relics":[{"not_picked":["Tiny House","White Beast Statue"],"picked":"Ectoplasm"},{"not_picked":["Lizard Tail","Sozu"],"picked":"Busted Crown"}],"items_purged_floors":[28],"is_endless":false,"potions_floor_spawned":[2,11,13,14,16,18,19,24,25,35,41,45],"killed_by":"Donu and Deca","ascension_level":0}