{"gold_per_floor":[114,132,146,35,35,35,51,51,78,78,153,328,339,350,350,350],"floor_reached":16,"playtime":803,"items_purged":["Strike_R"],"score":138,"play_id":"7e52a28b-9c8d-41c6-ab4e-6bebafa7a07c","local_time":"20190105175532","is_ascension_mode":true,"campfire_choices":[{"data":"Shockwave","floor":6,"key":"SMITH"},{"data":"Mayhem","floor":10,"key":"SMITH"},{"data":"Reaper","floor":15,"key":"SMITH"}],"neow_cost":"TEN_PERCENT_HP_LOSS","seed_source_timestamp":501166394027200,"circlet_count":0,"master_deck":["AscendersBane","Strike_R","Strike_R","Strike_R","Strike_R","Defend_R","Defend_R","Defend_R","Bash","Mayhem+1","Impatience","Rage","Shrug It Off","Shockwave+1","Metallicize","Shrug It Off","Doubt","Clothesline","Reaper+1"],"relics":["Burning Blood","Anchor"],"potions_floor_usage":[16],"damage_taken":[{"damage":10,"enemies":"Cultist","floor":1,"turns":5},{"damage":9,"enemies":"Small Slimes","floor":2,"turns":4},{"damage":4,"enemies":"Jaw Worm","floor":3,"turns":6},{"damage":10,"enemies":"Looter","floor":7,"turns":5},{"damage":0,"enemies":"2 Fungi Beasts","floor":13,"turns":6},{"damage":14,"enemies":"Gremlin Gang","floor":14,"turns":8},{"damage":54,"enemies":"Hexaghost","floor":16,"turns":14}],"seed_played":"1772553624427400524","potions_obtained":[{"floor":2,"key":"EssenceOfSteel"},{"floor":3,"key":"Energy Potion"},{"floor":13,"key":"Swift Potion"}],"is_trial":false,"path_per_floor":["M","M","M","$","?","R","M","$","T","R","?","?","M","M","R","B"],"character_chosen":"IRONCLAD","items_purchased":["Metallicize"],"campfire_rested":0,"item_purchase_floors":[4],"current_hp_per_floor":[68,65,67,67,60,60,56,56,56,56,45,45,51,43,43,0],"gold":350,"neow_bonus":"RANDOM_COLORLESS_2","is_prod":false,"is_daily":false,"chose_seed":false,"campfire_upgraded":3,"win_rate":0,"timestamp":1546728932,"path_taken":["M","M","?","$","?","R","M","$","T","R","?","?","M","M","R","BOSS"],"build_version":"2019-01-03v4","purchased_purges":1,"victory":false,"max_hp_per_floor":[72,72,72,72,72,72,72,72,72,72,72,72,72,72,72,72],"card_choices":[{"not_picked":["Reckless Charge","Body Slam"],"picked":"Rage","floor":1},{"not_picked":["Havoc","True Grit"],"picked":"Shrug It Off","floor":2},{"not_picked":["Rampage","Hemokinesis"],"picked":"Shockwave","floor":3},{"not_picked":["Twin Strike","Headbutt"],"picked":"Shrug It Off","floor":7},{"not_picked":["Disarm","Havoc"],"picked":"Clothesline","floor":13},{"not_picked":["Burning Pact","Cleave"],"picked":"Reaper","floor":14}],"player_experience":1712279,"relics_obtained":[{"floor":9,"key":"Anchor"}],"event_choices":[{"cards_removed":["Defend_R"],"damage_healed":0,"gold_gain":0,"player_choice":"Card Removal","damage_taken":7,"max_hp_gain":0,"max_hp_loss":0,"event_name":"Golden Wing","floor":5,"gold_loss":0},{"damage_healed":0,"gold_gain":75,"player_choice":"Gather Gold","damage_taken":11,"max_hp_gain":0,"max_hp_loss":0,"event_name":"World of Goop","floor":11,"gold_loss":0},{"damage_healed":0,"gold_gain":175,"player_choice":"AGREE","damage_taken":0,"max_hp_gain":0,"max_hp_loss":0,"event_name":"Liars Game","floor":12,"gold_loss":0,"cards_obtained":["Doubt"]}],"is_beta":false,"boss_relics":[],"items_purged_floors":[4],"is_endless":false,"potions_floor_spawned":[2,3,13],"killed_by":"Hexaghost","ascension_level":10}