{"gold_per_floor":[115,115,115,130,130,162,162,187,187,187,187,206,206,238,238,238],"floor_reached":16,"playtime":492,"items_purged":[],"score":282,"play_id":"63060e34-dc0b-4353-a121-23e27c127e21","local_time":"20190512174544","is_ascension_mode":true,"campfire_choices":[{"data":"Zap","floor":7,"key":"SMITH"},{"data":"Capacitor","floor":11,"key":"SMITH"},{"floor":13,"key":"REST"},{"floor":15,"key":"REST"}],"neow_cost":"NONE","seed_source_timestamp":1827301909593594,"circlet_count":0,"master_deck":["AscendersBane","Strike_B","Strike_B","Strike_B","Defend_B","Defend_B","Defend_B","Defend_B","Zap+1","Dualcast","Double Energy","Stack+1","Capacitor+1","BootSequence","Conserve Battery","Undo"],"relics":["Cracked Core","NeowsBlessing","Ice Cream","Ginger","Ancient Tea Set"],"potions_floor_usage":[8,14],"damage_taken":[{"damage":0,"enemies":"Jaw Worm","floor":1,"turns":1},{"damage":0,"enemies":"2 Louse","floor":4,"turns":1},{"damage":0,"enemies":"Gremlin Nob","floor":6,"turns":1},{"damage":19,"enemies":"Lagavulin","floor":8,"turns":7},{"damage":1,"enemies":"Small Slimes","floor":12,"turns":4},{"damage":65,"enemies":"3 Sentries","floor":14,"turns":15},{"damage":38,"enemies":"Hexaghost","floor":16,"turns":11}],"seed_played":"-5785734924737107904","potions_obtained":[{"floor":1,"key":"Strength Potion"},{"floor":8,"key":"Regen Potion"},{"floor":14,"key":"Fire Potion"}],"is_trial":false,"path_per_floor":["M","?","?","M","?","E","R","E","T","?","R","M","R","E","R","B"],"character_chosen":"DEFECT","items_purchased":[],"campfire_rested":2,"item_purchase_floors":[],"current_hp_per_floor":[64,57,62,62,62,62,62,43,43,43,43,42,64,14,36,0],"gold":238,"neow_bonus":"THREE_ENEMY_KILL","is_prod":false,"is_daily":false,"chose_seed":false,"campfire_upgraded":2,"win_rate":0,"timestamp":1557675944,"path_taken":["M","?","?","M","?","E","R","E","T","?","R","M","R","E","R","BOSS"],"build_version":"2019-05-07","purchased_purges":0,"victory":false,"max_hp_per_floor":[71,71,76,76,76,76,76,76,76,76,76,76,76,76,76,76],"card_choices":[{"not_picked":["Static Discharge","Turbo"],"picked":"Double Energy","floor":1},{"not_picked":["Streamline","Reprogram"],"picked":"Stack","floor":4},{"not_picked":["Lockon","Chaos"],"picked":"Capacitor","floor":6},{"not_picked":["Rebound","Barrage"],"picked":"BootSequence","floor":8},{"not_picked":["Hologram","Beam Cell"],"picked":"Conserve Battery","floor":12},{"not_picked":["Hyperbeam","BootSequence"],"picked":"Undo","floor":14}],"player_experience":1853743,"relics_obtained":[{"floor":6,"key":"Ice Cream"},{"floor":9,"key":"Ginger"},{"floor":14,"key":"Ancient Tea Set"}],"event_choices":[{"cards_removed":["Strike_B"],"damage_healed":0,"gold_gain":0,"player_choice":"Card Removal","damage_taken":7,"max_hp_gain":0,"max_hp_loss":0,"event_name":"Golden Wing","floor":2,"gold_loss":0},{"damage_healed":0,"gold_gain":0,"player_choice":"Donut","damage_taken":0,"max_hp_gain":5,"max_hp_loss":0,"event_name":"Big Fish","floor":3,"gold_loss":0},{"damage_healed":0,"gold_gain":0,"player_choice":"Grow","damage_taken":0,"max_hp_gain":0,"max_hp_loss":0,"event_name":"Living Wall","floor":5,"gold_loss":0,"cards_upgraded":["Stack"]},{"damage_healed":0,"gold_gain":0,"player_choice":"Ignored","damage_taken":0,"max_hp_gain":0,"max_hp_loss":0,"event_name":"Liars Game","floor":10,"gold_loss":0}],"is_beta":true,"boss_relics":[],"items_purged_floors":[],"is_endless":false,"potions_floor_spawned":[1,8,14],"killed_by":"Hexaghost","ascension_level":20}