{"gold_per_floor":[115,131,56,56,331,331,362,380,380,380,395,395,395,442,442,517,517,534,551,564,564,589,589,589],"floor_reached":24,"playtime":804,"items_purged":[],"score":434,"play_id":"06ff33aa-9d16-4fe9-aa0a-eed74182b88f","local_time":"20190504135505","is_ascension_mode":true,"campfire_choices":[{"data":"Zap","floor":6,"key":"SMITH"},{"data":"Biased Cognition","floor":10,"key":"SMITH"},{"data":"Self Repair","floor":12,"key":"SMITH"},{"data":"Coolheaded","floor":15,"key":"SMITH"},{"floor":23,"key":"REST"}],"neow_cost":"NONE","seed_source_timestamp":1121949802167109,"circlet_count":0,"master_deck":["AscendersBane","Strike_B","Strike_B","Strike_B","Defend_B","Defend_B","Defend_B","Defend_B","Zap+1","Dualcast","Ball Lightning","Biased Cognition+1","Coolheaded+1","Self Repair+1","Core Surge","Genetic Algorithm","Go for the Eyes"],"relics":["Cracked Core","NeowsBlessing","Mango","Gremlin Horn","Happy Flower","Black Star","Blood Vial"],"potions_floor_usage":[8,20,21],"damage_taken":[{"damage":0,"enemies":"Small Slimes","floor":1,"turns":1},{"damage":0,"enemies":"Jaw Worm","floor":2,"turns":1},{"damage":0,"enemies":"3 Sentries","floor":7,"turns":1},{"damage":3,"enemies":"Cultist","floor":8,"turns":3},{"damage":3,"enemies":"Blue Slaver","floor":11,"turns":2},{"damage":66,"enemies":"The Guardian","floor":16,"turns":14},{"damage":23,"enemies":"3 Byrds","floor":18,"turns":5},{"damage":39,"enemies":"2 Thieves","floor":19,"turns":4},{"damage":23,"enemies":"Cultist and Chosen","floor":20,"turns":6},{"damage":0,"enemies":"Snake Plant","floor":21,"turns":1},{"damage":45,"enemies":"Slavers","floor":24,"turns":3}],"seed_played":"-2729601048105975378","potions_obtained":[{"floor":2,"key":"Fruit Juice"},{"floor":7,"key":"SmokeBomb"},{"floor":19,"key":"Block Potion"}],"is_trial":false,"path_per_floor":["M","M","?","$","?","R","E","M","T","R","M","R","?","T","R","B",null,"M","M","M","M","T","R","E"],"character_chosen":"DEFECT","items_purchased":[],"campfire_rested":1,"item_purchase_floors":[],"current_hp_per_floor":[64,64,64,64,64,64,78,80,80,80,77,77,70,70,70,14,71,58,29,16,16,16,43,0],"gold":589,"neow_bonus":"THREE_ENEMY_KILL","is_prod":false,"is_daily":false,"chose_seed":false,"campfire_upgraded":4,"win_rate":0,"timestamp":1556970905,"path_taken":["M","M","?","$","?","R","E","M","T","R","?","R","?","?","R","BOSS","M","M","M","M","?","R","E"],"build_version":"2019-04-23","purchased_purges":0,"victory":false,"max_hp_per_floor":[71,71,71,71,71,71,85,90,90,90,90,90,90,90,90,90,90,90,90,90,90,90,90,90],"card_choices":[{"not_picked":["Turbo","Rebound"],"picked":"Ball Lightning","floor":1},{"not_picked":["Turbo","Scrape","Skim"],"picked":"SKIP","floor":2},{"not_picked":["Tempest","Chaos"],"picked":"Biased Cognition","floor":7},{"not_picked":["Leap","Rebound"],"picked":"Coolheaded","floor":8},{"not_picked":["Streamline","Gash"],"picked":"Self Repair","floor":11},{"not_picked":["Seek","Rainbow"],"picked":"Core Surge","floor":16},{"not_picked":["Barrage","Steam+1"],"picked":"Genetic Algorithm","floor":18},{"not_picked":["Heatsinks","Chaos","Genetic Algorithm"],"picked":"SKIP","floor":19},{"not_picked":["Recycle","Gash"],"picked":"Go for the Eyes","floor":20}],"player_experience":1490540,"relics_obtained":[{"floor":7,"key":"Mango"},{"floor":9,"key":"Gremlin Horn"},{"floor":14,"key":"Happy Flower"},{"floor":22,"key":"Blood Vial"}],"event_choices":[{"cards_removed":["Strike_B"],"damage_healed":0,"gold_gain":0,"player_choice":"Card Removal","damage_taken":0,"max_hp_gain":0,"max_hp_loss":0,"event_name":"The Cleric","floor":3,"gold_loss":75},{"damage_healed":0,"gold_gain":275,"player_choice":"Desecrate","damage_taken":0,"max_hp_gain":0,"max_hp_loss":0,"event_name":"Golden Shrine","floor":5,"gold_loss":0,"cards_obtained":["Regret"]},{"cards_removed":["Regret"],"damage_healed":0,"gold_gain":0,"player_choice":"Card Removal","damage_taken":7,"max_hp_gain":0,"max_hp_loss":0,"event_name":"Golden Wing","floor":13,"gold_loss":0}],"is_beta":true,"boss_relics":[{"not_picked":["Runic Dome","Eternal Feather"],"picked":"Black Star"}],"items_purged_floors":[],"is_endless":false,"potions_floor_spawned":[2,7,19,21],"killed_by":"Slavers","ascension_level":17}