{"gold_per_floor":[113,37,52,70,18,18,49,49,73,108,108,125,125,156,156,156],"floor_reached":16,"playtime":42892,"items_purged":[],"score":230,"play_id":"3bd01f15-3e2e-4232-a262-9e30ef290c4c","local_time":"20190511095017","is_ascension_mode":true,"campfire_choices":[{"data":"Bash","floor":6,"key":"SMITH"},{"data":"Disarm","floor":8,"key":"SMITH"},{"data":"Iron Wave","floor":11,"key":"SMITH"},{"data":"Shrug It Off","floor":13,"key":"SMITH"},{"floor":15,"key":"REST"}],"neow_cost":"NONE","seed_source_timestamp":1672359571341490,"circlet_count":0,"master_deck":["AscendersBane","Strike_R","Strike_R","Strike_R","Strike_R","Strike_R","Defend_R","Defend_R","Defend_R","Defend_R","Bash+1","Shrug It Off+1","Spot Weakness","Iron Wave+1","Battle Trance","Anger","Disarm+1","Battle Trance","Spot Weakness","Shockwave","Uppercut"],"relics":["Burning Blood","NeowsBlessing","Smiling Mask","Dream Catcher","Blue Candle","Centennial Puzzle"],"potions_floor_usage":[7,14,16],"damage_taken":[{"damage":0,"enemies":"Cultist","floor":1,"turns":1},{"damage":0,"enemies":"Jaw Worm","floor":3,"turns":1},{"damage":0,"enemies":"Small Slimes","floor":4,"turns":1},{"damage":27,"enemies":"Gremlin Nob","floor":7,"turns":4},{"damage":31,"enemies":"3 Sentries","floor":10,"turns":8},{"damage":2,"enemies":"Exordium Thugs","floor":12,"turns":4},{"damage":18,"enemies":"Lagavulin","floor":14,"turns":6},{"damage":45,"enemies":"Slime Boss","floor":16,"turns":7}],"seed_played":"-6208349650126450276","potions_obtained":[{"floor":1,"key":"Swift Potion"},{"floor":4,"key":"Poison Potion"},{"floor":10,"key":"Fire Potion"}],"is_trial":false,"path_per_floor":["M","$","M","M","$","R","E","R","T","E","R","M","R","E","R","B"],"character_chosen":"IRONCLAD","items_purchased":["Spot Weakness","Anger"],"campfire_rested":1,"item_purchase_floors":[2,5],"current_hp_per_floor":[74,74,75,75,75,75,54,54,54,29,29,33,33,21,43,0],"gold":156,"neow_bonus":"THREE_ENEMY_KILL","is_prod":false,"is_daily":false,"chose_seed":false,"campfire_upgraded":4,"win_rate":0,"timestamp":1557561017,"path_taken":["M","$","?","?","?","R","E","R","T","E","R","M","R","E","R","BOSS"],"build_version":"2019-05-07","purchased_purges":0,"victory":false,"max_hp_per_floor":[75,75,75,75,75,75,75,75,75,75,75,75,75,75,75,75],"card_choices":[{"not_picked":["Ghostly Armor","Infernal Blade"],"picked":"Shrug It Off","floor":1},{"not_picked":["True Grit","Corruption"],"picked":"Iron Wave","floor":3},{"not_picked":["Heavy Blade","Rupture"],"picked":"Battle Trance","floor":4},{"not_picked":["Heavy Blade","Double Tap"],"picked":"Disarm","floor":7},{"not_picked":["Body Slam","Blood for Blood"],"picked":"Battle Trance","floor":10},{"not_picked":["Dual Wield","Reckless Charge"],"picked":"Spot Weakness","floor":12},{"not_picked":["Battle Trance","Twin Strike"],"picked":"Shockwave","floor":14},{"not_picked":["Thunderclap","Sword Boomerang"],"picked":"Uppercut","floor":15}],"player_experience":1727986,"relics_obtained":[{"floor":7,"key":"Smiling Mask"},{"floor":9,"key":"Dream Catcher"},{"floor":10,"key":"Blue Candle"},{"floor":14,"key":"Centennial Puzzle"}],"event_choices":[],"is_beta":true,"boss_relics":[],"items_purged_floors":[],"is_endless":false,"potions_floor_spawned":[1,4,10],"killed_by":"Slime Boss","ascension_level":19}