{"gold_per_floor":[119,132,132,132,132,164,164,191,191,201,201,89,89,124,124,226,226,246,246,171,171,189,189,214,37,37,69,69,69,69,86,86,187,187,197,209,209,228,228,228,255,255,255,267,267,48,59,83,83,83],"floor_reached":51,"playtime":2148,"items_purged":["Strike_B","Strike_B"],"score":787,"play_id":"b13e849d-39b4-4bf4-9bab-8864e7b63e87","local_time":"20190416174055","is_ascension_mode":true,"campfire_choices":[{"data":"Zap","floor":7,"key":"SMITH"},{"floor":11,"key":"REST"},{"floor":15,"key":"REST"},{"data":"Hologram","floor":23,"key":"SMITH"},{"data":"Capacitor","floor":29,"key":"SMITH"},{"floor":32,"key":"REST"},{"floor":40,"key":"DIG"},{"floor":42,"key":"DIG"},{"floor":45,"key":"DIG"},{"floor":49,"key":"DIG"}],"neow_cost":"TEN_PERCENT_HP_LOSS","seed_source_timestamp":2005082619387243,"circlet_count":0,"master_deck":["Defend_B+1","Defend_B+1","Defend_B+1","Zap+1","Dualcast+1","Ball Lightning+1","Coolheaded+1","Glacier+1","Streamline+1","Redo+1","Defragment+1","Genetic Algorithm+1","Multi-Cast+1","Streamline+1","Hologram+1","Sweeping Beam+1","Capacitor+1","Writhe","Barrage+1","Hologram+1","Go for the Eyes+1","Regret","Doom and Gloom","Doubt"],"relics":["Cracked Core","Ice Cream","Ornamental Fan","Question Card","Prayer Wheel","PreservedInsect","Mercury Hourglass","Cursed Key","MutagenicStrength","Shovel","Dodecahedron","The Courier","Busted Crown","Mark of the Bloom","Regal Pillow","Bronze Scales","Blue Candle","Sundial","Blood Vial","Singing Bowl","Strawberry","Pocketwatch"],"potions_floor_usage":[18,24,31,33,50,50,50],"damage_taken":[{"damage":3,"enemies":"Jaw Worm","floor":1,"turns":4},{"damage":8,"enemies":"2 Louse","floor":2,"turns":2},{"damage":28,"enemies":"Gremlin Nob","floor":6,"turns":4},{"damage":12,"enemies":"3 Sentries","floor":8,"turns":7},{"damage":5,"enemies":"Small Slimes","floor":10,"turns":3},{"damage":14,"enemies":"Gremlin Nob","floor":14,"turns":3},{"damage":16,"enemies":"The Guardian","floor":16,"turns":10},{"damage":0,"enemies":"Chosen","floor":18,"turns":4},{"damage":4,"enemies":"Spheric Guardian","floor":22,"turns":4},{"damage":15,"enemies":"Slavers","floor":24,"turns":3},{"damage":10,"enemies":"Gremlin Leader","floor":27,"turns":6},{"damage":19,"enemies":"Snake Plant","floor":31,"turns":4},{"damage":36,"enemies":"Automaton","floor":33,"turns":9},{"damage":4,"enemies":"3 Shapes","floor":35,"turns":5},{"damage":22,"enemies":"3 Darklings","floor":36,"turns":5},{"damage":3,"enemies":"Sphere and 2 Shapes","floor":38,"turns":6},{"damage":0,"enemies":"Nemesis","floor":41,"turns":7},{"damage":1,"enemies":"4 Shapes","floor":44,"turns":5},{"damage":2,"enemies":"Maw","floor":47,"turns":7},{"damage":19,"enemies":"Donu and Deca","floor":50,"turns":6}],"seed_played":"3650817676322260512","potions_obtained":[{"floor":8,"key":"EssenceOfSteel"},{"floor":14,"key":"Block Potion"},{"floor":16,"key":"GamblersBrew"},{"floor":22,"key":"AttackPotion"},{"floor":27,"key":"Explosive Potion"},{"floor":31,"key":"Dexterity Potion"},{"floor":33,"key":"Strength Potion"},{"floor":38,"key":"SpeedPotion"},{"floor":41,"key":"PowerPotion"}],"is_trial":false,"path_per_floor":["M","M","?","?","?","E","R","E","T","M","R","$","?","E","R","B",null,"M","?","?","?","M","R","E","$","T","E","?","R","T","M","R","B",null,"M","M","?","M","?","R","E","R","T","M","R","$","M","T","R","B",null],"character_chosen":"DEFECT","items_purchased":["Defragment","Capacitor","Singing Bowl","Doom and Gloom"],"campfire_rested":3,"item_purchase_floors":[12,25,46,46],"current_hp_per_floor":[65,57,62,62,55,27,27,15,15,10,31,31,28,14,35,19,73,73,73,73,73,69,69,54,54,54,44,44,44,44,25,46,10,73,69,47,47,44,44,44,44,44,44,43,43,43,41,41,41,22],"gold":83,"neow_bonus":"ONE_RARE_RELIC","is_prod":false,"is_daily":false,"chose_seed":false,"campfire_upgraded":3,"win_rate":0,"timestamp":1555429255,"path_taken":["M","M","?","?","?","E","R","E","T","M","R","$","?","E","R","BOSS","M","?","?","?","M","R","E","$","T","E","?","R","?","M","R","BOSS","M","M","?","?","?","R","E","R","T","M","R","$","M","?","R","BOSS"],"build_version":"2019-04-04","purchased_purges":2,"victory":true,"max_hp_per_floor":[68,68,73,73,73,73,73,73,73,73,73,73,73,73,73,73,73,73,73,73,73,73,73,73,73,73,73,73,73,73,73,73,73,73,73,73,73,73,73,73,73,73,73,73,73,73,77,84,84,84],"card_choices":[{"not_picked":["Stack","Gash"],"picked":"Ball Lightning","floor":1},{"not_picked":["Cold Snap","Rebound"],"picked":"Coolheaded","floor":2},{"not_picked":["Stack","Recycle","Sunder"],"picked":"SKIP","floor":6},{"not_picked":["Coolheaded","Ball Lightning"],"picked":"Glacier","floor":8},{"not_picked":["Ball Lightning","Reinforced Body","Go for the Eyes"],"picked":"Streamline","floor":10},{"not_picked":["Leap","Storm","Tempest"],"picked":"Redo","floor":10},{"not_picked":["Thunder Strike","Scrape","Ball Lightning"],"picked":"Genetic Algorithm","floor":14},{"not_picked":["Machine Learning","Amplify","Meteor Strike"],"picked":"Multi-Cast","floor":16},{"not_picked":["BootSequence+1","Turbo+1","Steam"],"picked":"Streamline+1","floor":18},{"not_picked":["Go for the Eyes","Compile Driver","Rebound","Beam Cell"],"picked":"SKIP","floor":18},{"not_picked":["Streamline","Redo","Conserve Battery"],"picked":"Hologram","floor":22},{"not_picked":["Reprogram","Turbo+1","Compile Driver","Stack"],"picked":"SKIP","floor":22},{"not_picked":["Fusion+1","Skim","Buffer"],"picked":"Sweeping Beam","floor":24},{"not_picked":["White Noise+1","Turbo","Multi-Cast","Chill"],"picked":"SKIP","floor":27},{"not_picked":["Lockon","Compile Driver","Redo"],"picked":"Barrage","floor":31},{"not_picked":["Rip and Tear","Lockon","Go for the Eyes","Melter+1"],"picked":"SKIP","floor":31},{"not_picked":["White Noise"],"picked":"Hologram+1","floor":35},{"not_picked":["Gash","Streamline+1"],"picked":"SKIP","floor":35},{"not_picked":["Rebound+1","Reprogram"],"picked":"SKIP","floor":36},{"not_picked":["Go for the Eyes","Cold Snap"],"picked":"SKIP","floor":36},{"not_picked":["BootSequence","Leap+1"],"picked":"SKIP","floor":38},{"not_picked":["Rebound","White Noise"],"picked":"SKIP","floor":38},{"not_picked":["Stack","Barrage"],"picked":"SKIP","floor":41},{"not_picked":["Gash+1","Consume+1"],"picked":"SKIP","floor":44},{"not_picked":["Rebound","Gash"],"picked":"SKIP","floor":44},{"not_picked":["Go for the Eyes","Scrape+1"],"picked":"Singing Bowl","floor":47},{"not_picked":["Lockon","Compile Driver+1"],"picked":"Singing Bowl","floor":47}],"player_experience":1125918,"relics_obtained":[{"floor":6,"key":"Ornamental Fan"},{"floor":8,"key":"Question Card"},{"floor":9,"key":"Prayer Wheel"},{"floor":14,"key":"Mercury Hourglass"},{"floor":24,"key":"Shovel"},{"floor":27,"key":"Dodecahedron"},{"floor":40,"key":"Regal Pillow"},{"floor":41,"key":"Bronze Scales"},{"floor":42,"key":"Blue Candle"},{"floor":43,"key":"Sundial"},{"floor":45,"key":"Blood Vial"},{"floor":48,"key":"Strawberry"},{"floor":49,"key":"Pocketwatch"}],"event_choices":[{"damage_healed":0,"gold_gain":0,"player_choice":"Donut","damage_taken":0,"max_hp_gain":5,"max_hp_loss":0,"event_name":"Big Fish","floor":3,"gold_loss":0},{"damage_healed":0,"gold_gain":0,"player_choice":"Grow","damage_taken":0,"max_hp_gain":0,"max_hp_loss":0,"event_name":"Living Wall","floor":4,"gold_loss":0,"cards_upgraded":["Coolheaded"]},{"cards_removed":["Strike_B"],"damage_healed":0,"gold_gain":0,"player_choice":"Card Removal","damage_taken":7,"max_hp_gain":0,"max_hp_loss":0,"event_name":"Golden Wing","floor":5,"gold_loss":0},{"damage_healed":0,"gold_gain":0,"player_choice":"Success","damage_taken":3,"relics_obtained":["PreservedInsect"],"max_hp_gain":0,"max_hp_loss":0,"event_name":"Scrap Ooze","floor":13,"gold_loss":0},{"damage_healed":0,"gold_gain":0,"player_choice":"Inject Mutagens","damage_taken":0,"relics_obtained":["MutagenicStrength"],"max_hp_gain":0,"max_hp_loss":0,"event_name":"Drug Dealer","floor":19,"gold_loss":0},{"cards_removed":["Strike_B"],"damage_healed":0,"gold_gain":0,"player_choice":"Gave Gold","damage_taken":0,"max_hp_gain":0,"max_hp_loss":0,"event_name":"Beggar","floor":20,"gold_loss":75},{"damage_healed":0,"gold_gain":0,"player_choice":"Ignored","damage_taken":0,"max_hp_gain":0,"max_hp_loss":0,"event_name":"Vampires","floor":21,"gold_loss":0},{"damage_healed":0,"gold_gain":0,"player_choice":"Opened","damage_taken":0,"relics_obtained":["The Courier"],"max_hp_gain":0,"max_hp_loss":0,"event_name":"The Mausoleum","floor":28,"gold_loss":0,"cards_obtained":["Writhe"]},{"damage_healed":0,"gold_gain":0,"cards_transformed":["Defend_B"],"player_choice":"Transformed","damage_taken":0,"max_hp_gain":0,"max_hp_loss":0,"event_name":"Transmorgrifier","floor":37,"gold_loss":0,"cards_obtained":["Go for the Eyes"]},{"damage_healed":0,"gold_gain":0,"player_choice":"Upgrade","damage_taken":0,"relics_obtained":["Mark of the Bloom"],"max_hp_gain":0,"max_hp_loss":0,"event_name":"MindBloom","floor":39,"gold_loss":0,"cards_upgraded":["Defend_B","Defend_B","Defend_B","Dualcast","Ball Lightning","Glacier","Streamline","Redo","Defragment","Genetic Algorithm","Multi-Cast","Sweeping Beam","Barrage","Go for the Eyes"]}],"is_beta":true,"boss_relics":[{"not_picked":["Runic Dome","Runic Pyramid"],"picked":"Cursed Key"},{"not_picked":["Velvet Choker","White Beast Statue"],"picked":"Busted Crown"}],"items_purged_floors":[12,25],"is_endless":false,"potions_floor_spawned":[8,14,16,22,27,31,33,38,41,47],"ascension_level":1}