{"gold_per_floor":[113,123,140,150,170,170,189,206,230,246,260,260,70,88,88,189,189,202,202,202,7,21,21,21],"floor_reached":24,"playtime":147663,"items_purged":[],"score":243,"play_id":"b7a1dc51-6cbb-4f54-aad1-a4ce8c5ca8f6","local_time":"20180929154503","is_ascension_mode":true,"campfire_choices":[{"data":"Bludgeon","floor":6,"key":"SMITH"},{"data":"Inflame","floor":15,"key":"SMITH"},{"floor":23,"key":"REST"}],"neow_cost":"PERCENT_DAMAGE","seed_source_timestamp":45470613828965,"circlet_count":0,"master_deck":["Bash","Bludgeon+1","Headbutt","Flex","Inflame+1","Power Through","Pommel Strike","Heavy Blade","Demon Form","Cleave","Armaments","Disarm","Body Slam","Heavy Blade","Power Through","Warcry","Burning Pact"],"relics":["Burning Blood","Ancient Tea Set","Sling","Pandora\u0027s Box","HandDrill"],"potions_floor_usage":[10,10,16,18,24],"damage_taken":[{"damage":12,"enemies":"2 Louse","floor":1,"turns":4},{"damage":0,"enemies":"Cultist","floor":2,"turns":3},{"damage":6,"enemies":"Small Slimes","floor":3,"turns":2},{"damage":6,"enemies":"3 Louse","floor":4,"turns":3},{"damage":9,"enemies":"2 Fungi Beasts","floor":5,"turns":3},{"damage":7,"enemies":"Exordium Wildlife","floor":7,"turns":3},{"damage":3,"enemies":"Blue Slaver","floor":8,"turns":2},{"damage":18,"enemies":"Exordium Thugs","floor":10,"turns":4},{"damage":14,"enemies":"Red Slaver","floor":11,"turns":2},{"damage":0,"enemies":"Gremlin Gang","floor":14,"turns":5},{"damage":43,"enemies":"The Guardian","floor":16,"turns":12},{"damage":21,"enemies":"Shell Parasite","floor":18,"turns":6},{"damage":30,"enemies":"Chosen","floor":22,"turns":5},{"damage":60,"enemies":"Gremlin Leader","floor":24,"turns":4}],"seed_played":"6906216020165972816","potions_obtained":[{"floor":1,"key":"Ancient Potion"},{"floor":4,"key":"PowerPotion"},{"floor":8,"key":"AttackPotion"},{"floor":11,"key":"Energy Potion"},{"floor":14,"key":"Energy Potion"},{"floor":18,"key":"Energy Potion"},{"floor":22,"key":"SteroidPotion"}],"is_trial":false,"path_per_floor":["M","M","M","M","M","R","M","M","T","M","M","?","$","M","R","B",null,"M","?","?","$","M","R"],"character_chosen":"IRONCLAD","items_purchased":["Sling","HandDrill"],"campfire_rested":1,"item_purchase_floors":[13,21],"current_hp_per_floor":[50,56,56,56,53,53,52,55,55,43,35,40,40,46,46,9,62,47,47,47,47,23,47,0],"gold":21,"neow_bonus":"THREE_RARE_CARDS","is_prod":false,"is_daily":false,"chose_seed":false,"campfire_upgraded":2,"win_rate":0,"timestamp":1538250303,"path_taken":["M","M","M","M","M","R","M","M","T","M","M","?","$","?","R","BOSS","M","?","?","$","?","R","E"],"build_version":"2018-09-27","purchased_purges":0,"victory":false,"max_hp_per_floor":[80,80,80,80,80,80,80,80,80,80,80,80,80,80,80,80,80,80,80,80,80,80,80,80],"card_choices":[{"not_picked":["Fiend Fire","Limit Break"],"picked":"Bludgeon","floor":0},{"not_picked":["Fire Breathing","Body Slam"],"picked":"Headbutt","floor":1},{"not_picked":["Sword Boomerang","Thunderclap","Anger"],"picked":"SKIP","floor":2},{"not_picked":["Corruption","Dual Wield"],"picked":"Flex","floor":3},{"not_picked":["Disarm","Clothesline","Pummel"],"picked":"SKIP","floor":4},{"not_picked":["True Grit","Pommel Strike"],"picked":"Inflame","floor":5},{"not_picked":["True Grit","Intimidate"],"picked":"Power Through","floor":7},{"not_picked":["Cleave","Feel No Pain","Warcry"],"picked":"SKIP","floor":8},{"not_picked":["Fire Breathing","Clothesline"],"picked":"Pommel Strike","floor":10},{"not_picked":["Heavy Blade","Impervious"],"picked":"Pommel Strike","floor":11},{"not_picked":["True Grit","Twin Strike"],"picked":"Heavy Blade","floor":14},{"not_picked":["Feed","Immolate"],"picked":"Demon Form","floor":16},{"not_picked":["Shockwave","Twin Strike+1","Warcry"],"picked":"SKIP","floor":18},{"not_picked":["Twin Strike","True Grit","Entrench"],"picked":"SKIP","floor":22}],"player_experience":929670,"relics_obtained":[{"floor":9,"key":"Ancient Tea Set"}],"event_choices":[{"event_name":"Bonfire Elementals","player_choice":"COMMON","floor":12,"damage_taken":0},{"event_name":"Ghosts","player_choice":"Ignored","floor":19,"damage_taken":0},{"event_name":"Back to Basics","player_choice":"Elegance","floor":20,"damage_taken":0}],"is_beta":false,"boss_relics":[{"not_picked":["Lizard Tail","Orrery"],"picked":"Pandora\u0027s Box"}],"items_purged_floors":[],"is_endless":false,"potions_floor_spawned":[1,4,8,11,14,18,22],"killed_by":"Gremlin Leader","ascension_level":5}