{"gold_per_floor":[213,226,17,17,17,17,50,50,77,91,266,266,57,132,132,203,203,216,216,226,226,226],"floor_reached":22,"playtime":844,"items_purged":["Doubt"],"score":300,"play_id":"9a13fd85-f6d5-4ce5-a511-1da72327be64","local_time":"20190429204242","is_ascension_mode":true,"campfire_choices":[{"data":"Neutralize","floor":6,"key":"SMITH"},{"floor":8,"key":"REST"},{"floor":15,"key":"REST"}],"neow_cost":"NONE","seed_source_timestamp":714367233919486,"circlet_count":0,"master_deck":["AscendersBane","Defend_G","Defend_G","Defend_G","Defend_G","Defend_G","Strike_G","Strike_G","Strike_G","Strike_G","Survivor","Neutralize+1","Sucker Punch","Deadly Poison","Blade Dance","Backflip","Choke+1","Cloak And Dagger","Caltrops","Flying Knee+1","Envenom","Poisoned Stab+1","Dodge and Roll+1"],"relics":["Ring of the Serpent","Art of War","Pantograph","Molten Egg 2","Oddly Smooth Stone"],"potions_floor_usage":[7,12],"damage_taken":[{"damage":7,"enemies":"Small Slimes","floor":1,"turns":5},{"damage":9,"enemies":"Jaw Worm","floor":2,"turns":8},{"damage":41,"enemies":"3 Sentries","floor":7,"turns":11},{"damage":0,"enemies":"Cultist","floor":10,"turns":3},{"damage":0,"enemies":"Large Slime","floor":12,"turns":1},{"damage":41,"enemies":"Hexaghost","floor":16,"turns":11},{"damage":7,"enemies":"Chosen","floor":18,"turns":5},{"damage":38,"enemies":"Spheric Guardian","floor":20,"turns":7},{"damage":4,"enemies":"Snake Plant","floor":22,"turns":2}],"seed_played":"82224760884867379","potions_obtained":[{"floor":2,"key":"SteroidPotion"},{"floor":10,"key":"SmokeBomb"},{"floor":16,"key":"Strength Potion"},{"floor":20,"key":"Strength Potion"}],"is_trial":false,"path_per_floor":["M","M","$","?","?","R","E","R","T","M","?","M","$","?","R","B",null,"M","?","M","?","M"],"character_chosen":"THE_SILENT","items_purchased":["Art of War","Blade Dance","Cloak And Dagger","Caltrops","Flying Knee+1"],"campfire_rested":2,"item_purchase_floors":[3,3,13,13,13],"current_hp_per_floor":[56,47,47,52,49,49,8,30,30,30,30,30,30,19,41,25,63,56,42,4,4,0],"gold":226,"neow_bonus":"HUNDRED_GOLD","is_prod":false,"is_daily":false,"chose_seed":false,"campfire_upgraded":1,"win_rate":0,"timestamp":1556563362,"path_taken":["M","M","$","?","?","R","E","R","T","M","?","M","$","?","R","BOSS","M","?","M","?","M"],"build_version":"2019-04-23","purchased_purges":1,"victory":false,"max_hp_per_floor":[70,70,70,75,75,75,75,75,75,75,75,75,75,75,75,75,75,75,80,80,80,80],"card_choices":[{"not_picked":["Reflex","Well Laid Plans"],"picked":"Sucker Punch","floor":1},{"not_picked":["Finisher","Slice"],"picked":"Deadly Poison","floor":2},{"not_picked":["Reflex","Dodge and Roll"],"picked":"Backflip","floor":7},{"not_picked":["Outmaneuver","Concentrate"],"picked":"Choke+1","floor":10},{"not_picked":["Venomology","Unload+1"],"picked":"Envenom","floor":16},{"not_picked":["Eviscerate+1","Crippling Poison"],"picked":"Poisoned Stab+1","floor":18},{"not_picked":["Sucker Punch+1","Bane+1"],"picked":"Dodge and Roll+1","floor":20}],"player_experience":1335264,"relics_obtained":[{"floor":7,"key":"Molten Egg 2"},{"floor":9,"key":"Oddly Smooth Stone"}],"event_choices":[{"damage_healed":0,"gold_gain":0,"player_choice":"Donut","damage_taken":0,"max_hp_gain":5,"max_hp_loss":0,"event_name":"Big Fish","floor":4,"gold_loss":0},{"damage_healed":0,"gold_gain":0,"player_choice":"Success","damage_taken":3,"relics_obtained":["Pantograph"],"max_hp_gain":0,"max_hp_loss":0,"event_name":"Scrap Ooze","floor":5,"gold_loss":0},{"damage_healed":0,"gold_gain":175,"player_choice":"AGREE","damage_taken":0,"max_hp_gain":0,"max_hp_loss":0,"event_name":"Liars Game","floor":11,"gold_loss":0,"cards_obtained":["Doubt"]},{"damage_healed":0,"gold_gain":75,"player_choice":"Gather Gold","damage_taken":11,"max_hp_gain":0,"max_hp_loss":0,"event_name":"World of Goop","floor":14,"gold_loss":0},{"damage_healed":0,"gold_gain":0,"player_choice":"Shed Blood","damage_taken":19,"max_hp_gain":5,"max_hp_loss":0,"event_name":"Forgotten Altar","floor":19,"gold_loss":0},{"cards_removed":["Strike_G"],"damage_healed":0,"gold_gain":0,"player_choice":"Purged","damage_taken":0,"max_hp_gain":0,"max_hp_loss":0,"event_name":"Purifier","floor":21,"gold_loss":0}],"is_beta":true,"boss_relics":[{"not_picked":["Busted Crown","Coffee Dripper"],"picked":"Ring of the Serpent"}],"items_purged_floors":[13],"is_endless":false,"potions_floor_spawned":[2,10,12,16,20],"killed_by":"Snake Plant","ascension_level":13}