{"gold_per_floor":[109,8,8,8,19,47,47,47,70,81,256,256,46,66,66,138,138,153,169,35,35,77,77,110,110,110,122,122,166,166,176,176,176],"floor_reached":33,"playtime":7288,"items_purged":["Regret","Doubt"],"score":476,"play_id":"debbcdf2-47a7-4b65-bd0b-c0614164ac35","local_time":"20190408191528","is_ascension_mode":true,"campfire_choices":[{"floor":7,"key":"REST"},{"floor":12,"key":"REST"},{"data":"HandOfGreed","floor":15,"key":"SMITH"},{"floor":23,"key":"REST"},{"floor":25,"key":"REST"},{"data":"Static Discharge","floor":30,"key":"SMITH"},{"floor":32,"key":"REST"}],"neow_cost":"NONE","seed_source_timestamp":199189704513600,"circlet_count":0,"master_deck":["AscendersBane","Strike_B","Strike_B","Strike_B","Strike_B","Defend_B","Defend_B","Defend_B","Defend_B","Zap","Dualcast","All For One","Static Discharge+1","Gash","Self Repair","Leap","Gash","Gash","HandOfGreed+1","Steam","Electrodynamics","Gash+1","Conserve Battery","Self Repair","Pain","Force Field","Rebound","Heatsinks"],"relics":["Cracked Core","Pocketwatch","The Courier","Regal Pillow","Busted Crown","WarpedTongs","Bottled Tornado","Turnip","Potion Belt"],"potions_floor_usage":[27],"damage_taken":[{"damage":4,"enemies":"Small Slimes","floor":1,"turns":3},{"damage":8,"enemies":"2 Louse","floor":5,"turns":2},{"damage":49,"enemies":"Gremlin Nob","floor":6,"turns":5},{"damage":4,"enemies":"Cultist","floor":10,"turns":3},{"damage":22,"enemies":"Exordium Thugs","floor":14,"turns":3},{"damage":31,"enemies":"Hexaghost","floor":16,"turns":6},{"damage":19,"enemies":"Shell Parasite","floor":18,"turns":5},{"damage":0,"enemies":"Spheric Guardian","floor":19,"turns":2},{"damage":24,"enemies":"Chosen and Byrds","floor":22,"turns":6},{"damage":65,"enemies":"Book of Stabbing","floor":24,"turns":5},{"damage":20,"enemies":"Snecko","floor":27,"turns":4},{"damage":8,"enemies":"3 Cultists","floor":29,"turns":4},{"damage":42,"enemies":"Snake Plant","floor":31,"turns":5},{"damage":81,"enemies":"Collector","floor":33,"turns":7}],"seed_played":"-3012294726165520766","potions_obtained":[{"floor":6,"key":"Energy Potion"},{"floor":16,"key":"FairyPotion"},{"floor":24,"key":"Energy Potion"},{"floor":29,"key":"SpeedPotion"}],"is_trial":false,"path_per_floor":["M","$","?","?","M","E","R","?","T","M","?","R","$","M","R","B",null,"M","M","$","?","M","R","E","R","T","M","?","M","R","M","R","B"],"character_chosen":"DEFECT","items_purchased":["Gash","Self Repair","HandOfGreed","Self Repair"],"campfire_rested":5,"item_purchase_floors":[2,2,13,20],"current_hp_per_floor":[60,60,60,60,52,10,31,31,31,34,34,70,70,48,48,24,59,47,47,47,47,37,71,23,59,59,53,53,62,62,34,70,0],"gold":176,"neow_bonus":"ONE_RANDOM_RARE_CARD","is_prod":false,"is_daily":false,"chose_seed":false,"campfire_upgraded":2,"win_rate":0,"timestamp":1554765328,"path_taken":["M","$","?","?","M","E","R","?","T","M","?","R","$","M","R","BOSS","M","M","$","?","M","R","E","R","T","?","?","?","R","M","R","BOSS"],"build_version":"2019-01-23","purchased_purges":2,"victory":false,"max_hp_per_floor":[71,71,71,71,71,71,71,71,71,71,71,71,71,71,71,71,71,71,71,71,71,71,71,71,71,71,71,71,71,71,71,71,71],"card_choices":[{"not_picked":["Barrage","Conserve Battery"],"picked":"Static Discharge","floor":1},{"not_picked":["Fusion","Barrage"],"picked":"Leap","floor":5},{"not_picked":["Darkness","Reinforced Body"],"picked":"Gash","floor":6},{"not_picked":["Ball Lightning","Skim"],"picked":"Gash","floor":10},{"not_picked":["Loop","Tempest"],"picked":"Steam","floor":14},{"not_picked":["Amplify","Fission"],"picked":"Electrodynamics","floor":16},{"not_picked":[],"picked":"Gash+1","floor":18},{"not_picked":[],"picked":"Conserve Battery","floor":19},{"not_picked":["Blizzard"],"picked":"SKIP","floor":22},{"not_picked":[],"picked":"Force Field","floor":24},{"not_picked":[],"picked":"Rebound","floor":27},{"not_picked":["Conserve Battery"],"picked":"SKIP","floor":29},{"not_picked":[],"picked":"Heatsinks","floor":31}],"player_experience":2609161,"relics_obtained":[{"floor":6,"key":"Pocketwatch"},{"floor":9,"key":"Regal Pillow"},{"floor":24,"key":"Bottled Tornado"},{"floor":26,"key":"Turnip"}],"event_choices":[{"damage_healed":0,"gold_gain":0,"player_choice":"Ignored","damage_taken":0,"max_hp_gain":0,"max_hp_loss":0,"event_name":"Shining Light","floor":3,"gold_loss":0},{"damage_healed":0,"gold_gain":0,"player_choice":"Ignored","damage_taken":0,"max_hp_gain":0,"max_hp_loss":0,"event_name":"Golden Idol","floor":4,"gold_loss":0},{"damage_healed":0,"gold_gain":0,"player_choice":"Box","damage_taken":0,"relics_obtained":["The Courier"],"max_hp_gain":0,"max_hp_loss":0,"event_name":"Big Fish","floor":8,"gold_loss":0,"cards_obtained":["Regret"]},{"damage_healed":0,"gold_gain":175,"player_choice":"AGREE","damage_taken":0,"max_hp_gain":0,"max_hp_loss":0,"event_name":"Liars Game","floor":11,"gold_loss":0,"cards_obtained":["Doubt"]},{"damage_healed":0,"gold_gain":0,"player_choice":"Rummage","damage_taken":0,"relics_obtained":["WarpedTongs"],"max_hp_gain":0,"max_hp_loss":0,"event_name":"Accursed Blacksmith","floor":21,"gold_loss":0,"cards_obtained":["Pain"]},{"damage_healed":0,"gold_gain":0,"player_choice":"Gave Potion","damage_taken":0,"relics_obtained":["Potion Belt"],"max_hp_gain":0,"max_hp_loss":0,"event_name":"WeMeetAgain","floor":28,"gold_loss":0}],"is_beta":false,"boss_relics":[{"not_picked":["FrozenCore","Snecko Eye"],"picked":"Busted Crown"}],"items_purged_floors":[13,20],"is_endless":false,"potions_floor_spawned":[6,16,18,24,29],"killed_by":"Collector","ascension_level":14}