{"gold_per_floor":[110,42,42,54,54,54,82,5,57,67,84,99,99,99,99,195,195,208,223,241,166,176,176,189,207,207,220,220],"floor_reached":28,"playtime":1216,"items_purged":["Strike_B"],"score":314,"play_id":"2bae30c8-c942-40e7-b681-33578c2d6d63","local_time":"20190313000833","is_ascension_mode":true,"campfire_choices":[{"data":"Zap","floor":6,"key":"SMITH"},{"data":"Defragment","floor":13,"key":"SMITH"},{"data":"Self Repair","floor":15,"key":"SMITH"},{"floor":23,"key":"REST"}],"neow_cost":"NONE","seed_source_timestamp":8104364041500,"circlet_count":0,"master_deck":["Strike_B","Strike_B","Defend_B","Defend_B","Defend_B","Defend_B","Zap+1","Dualcast+1","FTL","Self Repair+1","Cold Snap","Capacitor","Defragment+1","Skim","Static Discharge","Capacitor","Thunder Strike","Tempest","Skim","Melter","Redo+1","Loop","Self Repair"],"relics":["Cracked Core","Vajra","DataDisk","Busted Crown","Frozen Egg 2"],"potions_floor_usage":[11,16,22,22,24,27],"damage_taken":[{"damage":1,"enemies":"Cultist","floor":1,"turns":3},{"damage":0,"enemies":"2 Louse","floor":4,"turns":4},{"damage":30,"enemies":"3 Sentries","floor":7,"turns":8},{"damage":0,"enemies":"Small Slimes","floor":10,"turns":2},{"damage":0,"enemies":"Gremlin Gang","floor":11,"turns":5},{"damage":10,"enemies":"Large Slime","floor":12,"turns":4},{"damage":8,"enemies":"Slime Boss","floor":16,"turns":9},{"damage":25,"enemies":"3 Byrds","floor":18,"turns":5},{"damage":4,"enemies":"Chosen","floor":19,"turns":4},{"damage":32,"enemies":"Centurion and Healer","floor":20,"turns":6},{"damage":37,"enemies":"Shelled Parasite and Fungi","floor":22,"turns":4},{"damage":27,"enemies":"3 Cultists","floor":24,"turns":4},{"damage":20,"enemies":"Sentry and Sphere","floor":25,"turns":4},{"damage":8,"enemies":"Centurion and Healer","floor":27,"turns":5},{"damage":29,"enemies":"Snecko","floor":28,"turns":3}],"seed_played":"-4829426900135072620","potions_obtained":[{"floor":1,"key":"Weak Potion"},{"floor":10,"key":"EssenceOfSteel"},{"floor":12,"key":"FearPotion"},{"floor":16,"key":"Fruit Juice"},{"floor":19,"key":"Regen Potion"},{"floor":22,"key":"Poison Potion"},{"floor":24,"key":"Poison Potion"}],"is_trial":false,"path_per_floor":["M","$","?","M","?","R","E","$","T","M","M","M","R","$","R","B",null,"M","M","M","$","M","R","M","M","T","M","M"],"character_chosen":"DEFECT","items_purchased":["Self Repair","Defragment"],"campfire_rested":1,"item_purchase_floors":[2,8],"current_hp_per_floor":[67,67,67,67,75,75,52,52,52,59,66,63,63,63,63,70,78,63,69,47,47,25,49,32,12,12,14,0],"gold":220,"neow_bonus":"UPGRADE_CARD","is_prod":false,"is_daily":false,"chose_seed":false,"campfire_upgraded":3,"win_rate":0,"timestamp":1552450113,"path_taken":["M","?","?","M","?","R","E","$","T","M","M","M","R","$","R","BOSS","M","M","?","$","M","R","M","M","T","M","?"],"build_version":"2019-01-23","purchased_purges":1,"victory":false,"max_hp_per_floor":[75,75,75,75,75,75,75,75,75,75,75,75,75,75,75,80,80,80,80,80,80,80,80,80,80,80,80,80],"card_choices":[{"not_picked":["Reprogram","Double Energy"],"picked":"FTL","floor":1},{"not_picked":["Rip and Tear","Gash"],"picked":"Cold Snap","floor":4},{"not_picked":["Go for the Eyes","BootSequence"],"picked":"Capacitor","floor":7},{"not_picked":["Beam Cell","Gash"],"picked":"Skim","floor":10},{"not_picked":["Redo","Go for the Eyes"],"picked":"Static Discharge","floor":11},{"not_picked":["Gash","Cold Snap"],"picked":"Capacitor","floor":12},{"not_picked":["Amplify","Fission"],"picked":"Thunder Strike","floor":16},{"not_picked":[],"picked":"Tempest","floor":18},{"not_picked":[],"picked":"Skim","floor":19},{"not_picked":[],"picked":"Melter","floor":20},{"not_picked":[],"picked":"Redo+1","floor":22},{"not_picked":[],"picked":"Loop","floor":24},{"not_picked":[],"picked":"Self Repair","floor":25},{"not_picked":["Streamline+1"],"picked":"SKIP","floor":27}],"player_experience":2396645,"relics_obtained":[{"floor":7,"key":"Vajra"},{"floor":9,"key":"DataDisk"},{"floor":26,"key":"Frozen Egg 2"}],"event_choices":[{"damage_healed":0,"gold_gain":0,"cards_transformed":["Strike_B"],"player_choice":"Change","damage_taken":0,"max_hp_gain":0,"max_hp_loss":0,"event_name":"Living Wall","floor":3,"gold_loss":0,"cards_obtained":["Aggregate"]},{"cards_removed":["Aggregate"],"damage_healed":8,"gold_gain":0,"player_choice":"Offered Uncommon","damage_taken":0,"max_hp_gain":0,"max_hp_loss":0,"event_name":"Bonfire Elementals","floor":5,"gold_loss":0}],"is_beta":false,"boss_relics":[{"not_picked":["Runic Dome","Runic Pyramid"],"picked":"Busted Crown"}],"items_purged_floors":[21],"is_endless":false,"potions_floor_spawned":[1,10,12,16,19,20,22,24],"killed_by":"Snecko","ascension_level":8}