{"gold_per_floor":[110,14,31,31,31,31,47,47,47,47,67,92,104,117,117,221,221,236,236,236,24,24,24,38,38,120,60,60,79,56,71,71,169,169,183,183,27,27,39,39,65,65,65,65,75,75,107,0,0,0],"floor_reached":50,"playtime":2751,"items_purged":["Defend_B"],"score":769,"play_id":"1648a936-92fd-49ac-9aed-e3f467958811","local_time":"20190316180419","is_ascension_mode":true,"campfire_choices":[{"data":"White Noise","floor":6,"key":"SMITH"},{"data":"Dualcast","floor":8,"key":"SMITH"},{"floor":15,"key":"REST"},{"floor":23,"key":"REST"},{"floor":25,"key":"REST"},{"floor":28,"key":"REST"},{"floor":32,"key":"REST"},{"floor":40,"key":"REST"},{"floor":42,"key":"REST"},{"floor":44,"key":"REST"},{"data":"Apotheosis","floor":46,"key":"SMITH"},{"floor":49,"key":"REST"}],"neow_cost":"PERCENT_DAMAGE","seed_source_timestamp":253981111755400,"circlet_count":0,"master_deck":["AscendersBane","Zap","Dualcast+1","Chaos","Rebound+1","Scrape","Go for the Eyes","White Noise+1","Steam","Hologram","FTL","Heatsinks","Reinforced Body","White Noise","Electrodynamics","White Noise","Apotheosis+1","Static Discharge","Leap+1","Buffer","Chill","Ball Lightning+1","Gash","Gash","Machine Learning","Secret Technique","Discovery","Discovery","Self Repair","Madness","Madness","Conserve Battery","Self Repair","Gash","Chill+1"],"relics":["Cracked Core","Shuriken","Omamori","Empty Cage","Peace Pipe","Enchiridion","Bottled Tornado","Inserter","Art of War","Darkstone Periapt","Whetstone","Red Mask"],"potions_floor_usage":[12,12,16,18,33,33,33,33,33,41,41,47,50],"damage_taken":[{"damage":2,"enemies":"Small Slimes","floor":1,"turns":3},{"damage":7,"enemies":"2 Louse","floor":3,"turns":2},{"damage":7,"enemies":"Jaw Worm","floor":7,"turns":4},{"damage":6,"enemies":"2 Fungi Beasts","floor":11,"turns":3},{"damage":27,"enemies":"3 Sentries","floor":12,"turns":7},{"damage":3,"enemies":"Looter","floor":13,"turns":2},{"damage":6,"enemies":"Blue Slaver","floor":14,"turns":2},{"damage":21,"enemies":"Hexaghost","floor":16,"turns":9},{"damage":17,"enemies":"3 Byrds","floor":18,"turns":4},{"damage":28,"enemies":"Shell Parasite","floor":24,"turns":5},{"damage":0,"enemies":"3 Cultists","floor":29,"turns":2},{"damage":7,"enemies":"Snake Plant","floor":31,"turns":4},{"damage":13,"enemies":"Collector","floor":33,"turns":8},{"damage":0,"enemies":"Orb Walker","floor":35,"turns":5},{"damage":35,"enemies":"3 Darklings","floor":39,"turns":2},{"damage":19,"enemies":"Giant Head","floor":41,"turns":8},{"damage":38,"enemies":"Maw","floor":45,"turns":6},{"damage":53,"enemies":"Reptomancer","floor":47,"turns":5},{"damage":43,"enemies":"Awakened One","floor":50,"turns":4}],"seed_played":"-1728589093099826231","potions_obtained":[{"floor":1,"key":"SkillPotion"},{"floor":11,"key":"Regen Potion"},{"floor":12,"key":"GamblersBrew"},{"floor":13,"key":"Swift Potion"},{"floor":16,"key":"SpeedPotion"},{"floor":24,"key":"EntropicBrew"},{"floor":29,"key":"Block Potion"},{"floor":31,"key":"Strength Potion"},{"floor":39,"key":"Fire Potion"},{"floor":45,"key":"Swift Potion"},{"floor":47,"key":"Dexterity Potion"}],"is_trial":false,"path_per_floor":["M","$","M","?","?","R","M","R","T","?","M","E","M","M","R","B",null,"M","?","?","$","?","R","M","R","T","?","R","M","$","M","R","B",null,"M","?","$","?","M","R","E","R","T","R","M","R","E","?","R","B"],"character_chosen":"DEFECT","items_purchased":["Go for the Eyes","White Noise","Apotheosis","Static Discharge","Gash","Self Repair"],"campfire_rested":9,"item_purchase_floors":[2,2,21,21,30,37],"current_hp_per_floor":[48,48,41,41,41,41,34,34,34,34,28,16,13,7,29,8,58,41,41,25,25,25,47,19,41,41,41,63,63,63,56,75,74,75,75,65,65,56,21,43,31,53,53,75,54,54,11,11,33,0],"gold":0,"neow_bonus":"TRANSFORM_TWO_CARDS","is_prod":false,"is_daily":false,"chose_seed":false,"campfire_upgraded":3,"win_rate":0,"timestamp":1552773859,"path_taken":["M","$","M","?","?","R","?","R","T","?","M","E","M","M","R","BOSS","M","?","?","$","?","R","?","R","T","?","R","M","?","?","R","BOSS","M","?","$","?","M","R","E","R","T","R","M","R","E","?","R","BOSS"],"build_version":"2019-01-23","purchased_purges":1,"victory":false,"max_hp_per_floor":[75,75,75,75,75,75,75,75,75,75,75,75,75,75,75,75,75,75,75,75,75,75,75,75,75,75,75,75,75,75,75,75,75,75,75,75,75,75,75,75,75,75,75,75,75,75,75,75,75,75],"card_choices":[{"not_picked":["Ball Lightning","Steam"],"picked":"Scrape","floor":1},{"not_picked":["Hologram","Stack"],"picked":"Steam","floor":3},{"not_picked":["Fusion","Static Discharge"],"picked":"Hologram","floor":7},{"not_picked":["Beam Cell","Steam Power"],"picked":"FTL","floor":11},{"not_picked":["Stack","Darkness"],"picked":"Heatsinks","floor":12},{"not_picked":["Stack","Capacitor"],"picked":"Reinforced Body","floor":13},{"not_picked":["Recycle","Rip and Tear"],"picked":"White Noise","floor":14},{"not_picked":["Core Surge","Seek"],"picked":"Electrodynamics","floor":16},{"not_picked":["Barrage+1","Hologram"],"picked":"White Noise","floor":18},{"not_picked":["Skim","Blizzard"],"picked":"Leap+1","floor":24},{"not_picked":["Rebound","Doom and Gloom"],"picked":"Ball Lightning","floor":29},{"not_picked":["Barrage+1","Glacier"],"picked":"Gash","floor":31},{"not_picked":["Meteor Strike","Electrodynamics"],"picked":"Machine Learning","floor":33},{"not_picked":["Hologram","Coolheaded","Ball Lightning+1"],"picked":"SKIP","floor":35},{"not_picked":["Forethought","Master of Strategy"],"picked":"Secret Technique","floor":36},{"not_picked":["Madness","Swift Strike"],"picked":"Discovery","floor":36},{"not_picked":["Apotheosis","Dramatic Entrance"],"picked":"Discovery","floor":36},{"not_picked":["Glacier","Hologram"],"picked":"Conserve Battery","floor":39},{"not_picked":["Fusion+1","Stack"],"picked":"Self Repair","floor":41},{"not_picked":["Ball Lightning+1","Leap"],"picked":"Gash","floor":45},{"not_picked":["Beam Cell","Heatsinks+1"],"picked":"Chill+1","floor":47}],"player_experience":2465586,"relics_obtained":[{"floor":9,"key":"Shuriken"},{"floor":12,"key":"Omamori"},{"floor":20,"key":"Enchiridion"},{"floor":26,"key":"Bottled Tornado"},{"floor":41,"key":"Art of War"},{"floor":43,"key":"Darkstone Periapt"},{"floor":47,"key":"Whetstone"}],"event_choices":[{"cards_removed":["Strike_B"],"damage_healed":0,"gold_gain":0,"player_choice":"Forget","damage_taken":0,"max_hp_gain":0,"max_hp_loss":0,"event_name":"Living Wall","floor":4,"gold_loss":0},{"damage_healed":0,"gold_gain":0,"player_choice":"Leave","damage_taken":0,"max_hp_gain":0,"max_hp_loss":0,"event_name":"The Cleric","floor":5,"gold_loss":0},{"damage_healed":0,"gold_gain":0,"player_choice":"Ignored","damage_taken":0,"max_hp_gain":0,"max_hp_loss":0,"event_name":"Shining Light","floor":10,"gold_loss":0},{"damage_healed":0,"gold_gain":0,"player_choice":"Opened","damage_taken":0,"relics_obtained":["Peace Pipe"],"max_hp_gain":0,"max_hp_loss":0,"event_name":"The Mausoleum","floor":19,"gold_loss":0},{"damage_healed":0,"gold_gain":0,"player_choice":"Obtained Book","damage_taken":16,"max_hp_gain":0,"max_hp_loss":0,"event_name":"Cursed Tome","floor":20,"gold_loss":0},{"damage_healed":0,"gold_gain":0,"player_choice":"0 cards matched","damage_taken":0,"max_hp_gain":0,"max_hp_loss":0,"event_name":"Match and Keep!","floor":22,"gold_loss":0,"cards_obtained":[]},{"damage_healed":0,"gold_gain":0,"cards_transformed":["Defend_B","Strike_B"],"player_choice":"Transformed Cards","damage_taken":0,"max_hp_gain":0,"max_hp_loss":0,"event_name":"Designer","floor":27,"gold_loss":60,"cards_obtained":["Buffer","Chill"]},{"damage_healed":0,"gold_gain":0,"player_choice":"Memory 3","damage_taken":10,"max_hp_gain":0,"max_hp_loss":0,"event_name":"SensoryStone","floor":36,"gold_loss":0},{"damage_healed":0,"gold_gain":0,"player_choice":"Embrace Madness","damage_taken":9,"max_hp_gain":0,"max_hp_loss":0,"event_name":"Winding Halls","floor":38,"gold_loss":0,"cards_obtained":["Madness","Madness"]},{"damage_healed":0,"gold_gain":0,"player_choice":"Paid","damage_taken":0,"relics_obtained":["Red Mask"],"max_hp_gain":0,"max_hp_loss":0,"event_name":"Tomb of Lord Red Mask","floor":48,"gold_loss":107}],"is_beta":false,"boss_relics":[{"not_picked":["Black Star","Ectoplasm"],"picked":"Empty Cage"},{"not_picked":["Fusion Hammer","Calling Bell"],"picked":"Inserter"}],"items_purged_floors":[37],"is_endless":false,"potions_floor_spawned":[1,11,12,13,16,24,29,31,39,45,47],"killed_by":"Awakened One","ascension_level":10}