{"gold_per_floor":[116,127,127,127,140,140,171,190,190,190,253,253],"floor_reached":12,"playtime":462,"items_purged":[],"score":163,"play_id":"ea38261a-903a-4f4f-af12-d545d25b06d1","local_time":"20190503145528","is_ascension_mode":true,"campfire_choices":[{"floor":6,"key":"REST"},{"floor":10,"key":"REST"}],"neow_cost":"NONE","seed_source_timestamp":1039515900413540,"circlet_count":0,"master_deck":["AscendersBane","Strike_B","Strike_B","Strike_B","Strike_B","Defend_B","Defend_B","Defend_B","Defend_B","Zap","Dualcast","Coolheaded","Consume+1","Undo","Compile Driver","Conserve Battery"],"relics":["Inserter","Letter Opener","Gremlin Horn","Tiny Chest"],"potions_floor_usage":[11,12],"damage_taken":[{"damage":7,"enemies":"2 Louse","floor":1,"turns":3},{"damage":24,"enemies":"Small Slimes","floor":2,"turns":6},{"damage":18,"enemies":"Jaw Worm","floor":5,"turns":6},{"damage":7,"enemies":"3 Sentries","floor":7,"turns":10},{"damage":10,"enemies":"Large Slime","floor":8,"turns":8},{"damage":28,"enemies":"Gremlin Nob","floor":11,"turns":5},{"damage":13,"enemies":"3 Louse","floor":12,"turns":2}],"seed_played":"4797190912042720701","potions_obtained":[{"floor":5,"key":"Weak Potion"},{"floor":7,"key":"FocusPotion"},{"floor":11,"key":"Block Potion"}],"is_trial":false,"path_per_floor":["M","M","?","?","M","R","E","M","T","R","E","M"],"character_chosen":"DEFECT","items_purchased":[],"campfire_rested":2,"item_purchase_floors":[],"current_hp_per_floor":[57,33,33,33,15,36,29,19,19,40,12,0],"gold":253,"neow_bonus":"BOSS_RELIC","is_prod":false,"is_daily":false,"chose_seed":false,"campfire_upgraded":0,"win_rate":0,"timestamp":1556888128,"path_taken":["M","M","?","?","M","R","E","M","T","R","E","M"],"build_version":"2019-04-23","purchased_purges":0,"victory":false,"max_hp_per_floor":[71,71,71,71,71,71,71,71,71,71,71,71],"card_choices":[{"not_picked":["Steam","Skim"],"picked":"Coolheaded","floor":1},{"not_picked":["Chaos","Scrape"],"picked":"Consume","floor":2},{"not_picked":["Darkness","Lockon"],"picked":"Undo","floor":5},{"not_picked":["Tempest","Turbo","Streamline"],"picked":"SKIP","floor":7},{"not_picked":["Hello World","Go for the Eyes"],"picked":"Compile Driver","floor":8},{"not_picked":["Loop","Scrape"],"picked":"Conserve Battery","floor":11}],"player_experience":1459419,"relics_obtained":[{"floor":7,"key":"Letter Opener"},{"floor":9,"key":"Gremlin Horn"},{"floor":11,"key":"Tiny Chest"}],"event_choices":[{"damage_healed":0,"gold_gain":0,"player_choice":"Grow","damage_taken":0,"max_hp_gain":0,"max_hp_loss":0,"event_name":"Living Wall","floor":3,"gold_loss":0,"cards_upgraded":["Consume"]},{"damage_healed":0,"gold_gain":0,"player_choice":"Ignored","damage_taken":0,"max_hp_gain":0,"max_hp_loss":0,"event_name":"Shining Light","floor":4,"gold_loss":0}],"is_beta":true,"boss_relics":[],"items_purged_floors":[],"is_endless":false,"potions_floor_spawned":[5,7,11],"killed_by":"3 Louse","ascension_level":17}