{"gold_per_floor":[119,1,1,15,15,15,45,45,68,88,32,32,32,32,32,109,109,109,69,18,18,18,18,18,18,18,18,18,18,18,18,18,18,18,18,18,18,18,18,18,18,18,18,18,18,18,18,18,18,18],"floor_reached":51,"playtime":2403,"items_purged":[],"score":1574,"play_id":"a958d86e-27c9-47da-886b-4d1814a86d63","local_time":"20190504181631","is_ascension_mode":true,"campfire_choices":[{"data":"1","floor":6,"key":"LIFT"},{"data":"2","floor":8,"key":"LIFT"},{"data":"3","floor":12,"key":"LIFT"},{"data":"Caltrops","floor":15,"key":"SMITH"},{"data":"RitualDagger","floor":23,"key":"SMITH"},{"floor":27,"key":"REST"},{"floor":32,"key":"REST"},{"data":"Malaise","floor":40,"key":"SMITH"},{"floor":46,"key":"REST"},{"data":"Leg Sweep","floor":49,"key":"SMITH"}],"neow_cost":"NONE","seed_source_timestamp":1136027822178610,"circlet_count":0,"master_deck":["AscendersBane","Defend_G","Defend_G","Defend_G","Defend_G","Defend_G","Survivor+1","Neutralize+1","Heel Hook","Caltrops+1","Backstab","Well Laid Plans","Backstab","Acrobatics","Corpse Explosion","Backflip","Backstab","Backflip","Blade Dance+1","RitualDagger+1","Cloak And Dagger","Malaise+1","Blur","Bite","Bite","Bite","Bite","Bite","Backflip+1","Die Die Die","Outmaneuver","Accuracy+1","Leg Sweep+1","Backstab+1"],"relics":["Ring of the Snake","NeowsBlessing","Girya","Bottled Lightning","Lantern","Ectoplasm","Ice Cream","Shuriken","MawBank","Runic Pyramid","Happy Flower","Smiling Mask","Potion Belt","Singing Bowl"],"potions_floor_usage":[16,18,29,29,33,37,37,44,50],"damage_taken":[{"damage":0,"enemies":"Cultist","floor":1,"turns":1},{"damage":0,"enemies":"Small Slimes","floor":4,"turns":1},{"damage":0,"enemies":"Lagavulin","floor":7,"turns":1},{"damage":0,"enemies":"2 Louse","floor":10,"turns":1},{"damage":20,"enemies":"Hexaghost","floor":16,"turns":9},{"damage":2,"enemies":"Chosen","floor":18,"turns":4},{"damage":6,"enemies":"2 Thieves","floor":19,"turns":2},{"damage":2,"enemies":"Chosen and Byrds","floor":21,"turns":4},{"damage":10,"enemies":"Snake Plant","floor":25,"turns":3},{"damage":21,"enemies":"Gremlin Leader","floor":28,"turns":4},{"damage":19,"enemies":"Shelled Parasite and Fungi","floor":29,"turns":4},{"damage":0,"enemies":"Book of Stabbing","floor":31,"turns":5},{"damage":36,"enemies":"Automaton","floor":33,"turns":8},{"damage":0,"enemies":"3 Shapes","floor":35,"turns":7},{"damage":20,"enemies":"3 Darklings","floor":36,"turns":4},{"damage":19,"enemies":"Writhing Mass","floor":37,"turns":8},{"damage":0,"enemies":"4 Shapes","floor":38,"turns":7},{"damage":19,"enemies":"Spire Growth","floor":41,"turns":5},{"damage":0,"enemies":"Maw","floor":42,"turns":8},{"damage":0,"enemies":"Sphere and 2 Shapes","floor":44,"turns":3},{"damage":44,"enemies":"Giant Head","floor":45,"turns":8},{"damage":0,"enemies":"Spire Growth","floor":47,"turns":3},{"damage":0,"enemies":"Nemesis","floor":48,"turns":5},{"damage":37,"enemies":"Awakened One","floor":50,"turns":13}],"seed_played":"2487644023694418869","potions_obtained":[{"floor":7,"key":"Block Potion"},{"floor":10,"key":"Ancient Potion"},{"floor":16,"key":"Fire Potion"},{"floor":21,"key":"SpeedPotion"},{"floor":29,"key":"Block Potion"},{"floor":33,"key":"GhostInAJar"},{"floor":36,"key":"Fruit Juice"},{"floor":41,"key":"SteroidPotion"},{"floor":45,"key":"Strength Potion"},{"floor":47,"key":"Poison Potion"}],"is_trial":false,"path_per_floor":["M","$","?","M","$","R","E","R","T","M","$","R","?","?","R","B",null,"M","M","$","M","?","R","?","M","T","R","E","M","?","E","R","B",null,"M","M","M","M","?","R","M","M","T","M","E","R","M","E","R","B",null],"character_chosen":"THE_SILENT","items_purchased":["Caltrops","Backstab","Acrobatics","Backflip"],"campfire_rested":3,"item_purchase_floors":[2,2,11,20],"current_hp_per_floor":[59,59,59,59,59,59,59,59,59,59,59,59,39,39,39,19,54,52,46,46,44,38,38,38,28,28,47,26,7,7,13,26,6,36,42,28,32,40,40,40,29,51,51,51,17,32,40,50,50,36],"gold":18,"neow_bonus":"THREE_ENEMY_KILL","is_prod":false,"is_daily":false,"chose_seed":false,"campfire_upgraded":4,"win_rate":0,"timestamp":1556986591,"path_taken":["M","$","?","?","?","R","E","R","T","M","$","R","?","?","R","BOSS","M","?","$","M","?","R","?","M","T","R","E","?","?","E","R","BOSS","M","M","M","M","?","R","M","M","T","?","E","R","M","E","R","BOSS"],"build_version":"2019-04-23","purchased_purges":0,"victory":true,"max_hp_per_floor":[66,66,66,66,66,66,66,66,66,66,66,66,66,66,66,66,66,66,66,66,66,66,66,66,66,66,66,66,66,46,46,46,46,46,46,46,51,51,51,51,51,51,51,51,51,51,51,53,53,53],"card_choices":[{"not_picked":["Outmaneuver","Sucker Punch"],"picked":"Heel Hook","floor":1},{"not_picked":["Escape Plan","Infinite Blades"],"picked":"Well Laid Plans","floor":4},{"not_picked":["Infinite Blades","Slice"],"picked":"Backstab","floor":7},{"not_picked":["Tactician","Dagger Throw"],"picked":"Sucker Punch","floor":10},{"not_picked":["Storm of Steel","Bullet Time"],"picked":"Corpse Explosion","floor":16},{"not_picked":["Finisher","Escape Plan"],"picked":"Backflip","floor":18},{"not_picked":["Underhanded Strike","Slice"],"picked":"Backstab","floor":19},{"not_picked":["Accuracy","Underhanded Strike"],"picked":"Blade Dance+1","floor":21},{"not_picked":["Outmaneuver","Deadly Poison"],"picked":"Cloak And Dagger","floor":25},{"not_picked":["Acrobatics","Deadly Poison"],"picked":"Malaise","floor":28},{"not_picked":["Setup","Finisher"],"picked":"Blur","floor":29},{"not_picked":["Prepared","Unload"],"picked":"Backflip+1","floor":31},{"not_picked":["Night Terror","Wraith Form v2"],"picked":"Die Die Die","floor":33},{"not_picked":["Predator","Poisoned Stab","Bane"],"picked":"SKIP","floor":35},{"not_picked":["Underhanded Strike","Deadly Poison"],"picked":"Outmaneuver","floor":36},{"not_picked":["Sucker Punch","Bane","Flechettes"],"picked":"SKIP","floor":37},{"not_picked":["Deadly Poison","Underhanded Strike+1","Eviscerate"],"picked":"SKIP","floor":38},{"not_picked":["Poisoned Stab","Deadly Poison+1"],"picked":"Accuracy+1","floor":41},{"not_picked":["Infinite Blades","Dash","Slice+1"],"picked":"SKIP","floor":42},{"not_picked":["Poisoned Stab","Catalyst+1"],"picked":"Leg Sweep","floor":44},{"not_picked":["Distraction","Dagger Spray+1","Predator"],"picked":"SKIP","floor":45},{"not_picked":["Blur","Choke+1"],"picked":"Backstab+1","floor":47},{"not_picked":["Catalyst+1","Tools of the Trade","Tactician+1"],"picked":"Singing Bowl","floor":48}],"player_experience":1493517,"relics_obtained":[{"floor":3,"key":"Girya"},{"floor":7,"key":"Bottled Lightning"},{"floor":9,"key":"Lantern"},{"floor":26,"key":"Ice Cream"},{"floor":28,"key":"Shuriken"},{"floor":31,"key":"MawBank"},{"floor":43,"key":"Smiling Mask"},{"floor":45,"key":"Potion Belt"},{"floor":48,"key":"Singing Bowl"}],"event_choices":[{"damage_healed":0,"gold_gain":0,"player_choice":"Relic","damage_taken":0,"max_hp_gain":0,"max_hp_loss":0,"event_name":"Wheel of Change","floor":3,"gold_loss":0},{"damage_healed":0,"gold_gain":0,"player_choice":"Entered Light","damage_taken":20,"max_hp_gain":0,"max_hp_loss":0,"event_name":"Shining Light","floor":13,"gold_loss":0,"cards_upgraded":["Neutralize","Strike_G"]},{"cards_removed":["Strike_G"],"damage_healed":0,"gold_gain":0,"player_choice":"Offered Basic","damage_taken":0,"max_hp_gain":0,"max_hp_loss":0,"event_name":"Bonfire Elementals","floor":14,"gold_loss":0},{"damage_healed":0,"gold_gain":0,"player_choice":"Joined the Cult","damage_taken":6,"max_hp_gain":0,"max_hp_loss":0,"event_name":"Nest","floor":22,"gold_loss":0,"cards_obtained":["RitualDagger"]},{"damage_healed":0,"gold_gain":0,"player_choice":"Forge","damage_taken":0,"max_hp_gain":0,"max_hp_loss":0,"event_name":"Accursed Blacksmith","floor":24,"gold_loss":0,"cards_upgraded":["Survivor"]},{"damage_healed":0,"gold_gain":0,"player_choice":"Became a vampire","damage_taken":0,"max_hp_gain":0,"max_hp_loss":20,"event_name":"Vampires","floor":30,"gold_loss":0,"cards_obtained":["Bite","Bite","Bite","Bite","Bite"]},{"cards_removed":["Sucker Punch"],"damage_healed":0,"gold_gain":0,"player_choice":"Gave Card","damage_taken":0,"relics_obtained":["Happy Flower"],"max_hp_gain":0,"max_hp_loss":0,"event_name":"WeMeetAgain","floor":39,"gold_loss":0}],"is_beta":true,"boss_relics":[{"not_picked":["Lizard Tail","Coffee Dripper"],"picked":"Ectoplasm"},{"not_picked":["Fusion Hammer","Philosopher\u0027s Stone"],"picked":"Runic Pyramid"}],"items_purged_floors":[],"is_endless":false,"potions_floor_spawned":[7,10,16,21,29,33,36,41,45,47],"ascension_level":17}