{"gold_per_floor":[20,20,34,34,47,76,76,251,305,324,249,249,273,273,273,392,392,417,417,332,357,357,357,357],"floor_reached":24,"playtime":2822,"items_purged":["Doubt"],"score":231,"play_id":"16ebc519-0dfb-402e-8bcd-6e868684b5b1","local_time":"20180815225125","is_ascension_mode":true,"campfire_choices":[{"data":"Limit Break","floor":7,"key":"SMITH"},{"floor":15,"key":"REST"},{"data":"Normality","floor":23,"key":"PURGE"}],"neow_cost":"NO_GOLD","seed_source_timestamp":197722815689781,"circlet_count":0,"master_deck":["Defend_R","Defend_R","Defend_R","Bash","Rupture","Limit Break+1","Flex","Combust","Inflame","Pommel Strike","Injury","Twin Strike","Injury","Normality","Headbutt+1","Bite","Bite","Bite","Bite","Bite","Inflame","Limit Break+1"],"relics":["Burning Blood","Dream Catcher","Bottled Lightning","Golden Idol","Calling Bell","Orichalcum","Pear","Peace Pipe","Dodecahedron"],"potions_floor_usage":[14,14,24],"damage_taken":[{"damage":0,"enemies":"2 Louse","floor":1,"turns":3},{"damage":2,"enemies":"Small Slimes","floor":3,"turns":4},{"damage":13,"enemies":"Jaw Worm","floor":5,"turns":3},{"damage":26,"enemies":"Lagavulin","floor":6,"turns":6},{"damage":22,"enemies":"Looter","floor":10,"turns":3},{"damage":7,"enemies":"3 Louse","floor":13,"turns":3},{"damage":7,"enemies":"Gremlin Gang","floor":14,"turns":3},{"damage":57,"enemies":"Hexaghost","floor":16,"turns":9},{"damage":39,"enemies":"2 Thieves","floor":18,"turns":5},{"damage":40,"enemies":"Spheric Guardian","floor":21,"turns":6},{"damage":47,"enemies":"Book of Stabbing","floor":24,"turns":4}],"seed_played":"-6714262840420983370","potions_obtained":[{"floor":1,"key":"Dexterity Potion"},{"floor":10,"key":"LiquidBronze"},{"floor":13,"key":"SmokeBomb"},{"floor":21,"key":"SpeedPotion"}],"is_trial":false,"path_per_floor":["M","?","M","?","M","E","R","?","T","M","$","?","M","M","R","B",null,"M","?","?","M","?","R"],"character_chosen":"IRONCLAD","items_purchased":[],"campfire_rested":1,"item_purchase_floors":[],"current_hp_per_floor":[80,73,77,77,70,50,50,50,50,36,36,36,37,38,62,13,90,57,57,57,31,31,31,0],"gold":357,"neow_bonus":"TRANSFORM_TWO_CARDS","is_prod":false,"is_daily":false,"chose_seed":false,"campfire_upgraded":1,"win_rate":0,"timestamp":1534387885,"path_taken":["M","?","M","?","?","E","R","?","T","M","$","?","M","M","R","BOSS","M","?","?","M","?","R","E"],"build_version":"2018-08-09","purchased_purges":1,"victory":false,"max_hp_per_floor":[80,80,80,80,80,80,80,80,80,80,80,80,80,80,80,80,90,90,90,90,90,90,90,90],"card_choices":[{"not_picked":["Sentinel","Havoc"],"picked":"Flex","floor":1},{"not_picked":["Body Slam","Power Through"],"picked":"Combust","floor":3},{"not_picked":["Iron Wave","Anger","Warcry"],"picked":"SKIP","floor":5},{"not_picked":["Shrug It Off","Limit Break"],"picked":"Inflame","floor":6},{"not_picked":["Wild Strike","Body Slam"],"picked":"Pommel Strike","floor":10},{"not_picked":["Wild Strike","Shockwave","Clash"],"picked":"SKIP","floor":13},{"not_picked":["Headbutt","Iron Wave"],"picked":"Twin Strike","floor":15},{"not_picked":["Flame Barrier","Infernal Blade"],"picked":"Headbutt+1","floor":18},{"not_picked":["Uppercut","Burning Pact"],"picked":"Inflame","floor":21}],"player_experience":622771,"relics_obtained":[{"floor":6,"key":"Bottled Lightning"},{"floor":9,"key":"Blood Vial"},{"floor":17,"key":"Orichalcum"},{"floor":17,"key":"Pear"},{"floor":17,"key":"Peace Pipe"}],"event_choices":[{"event_name":"Golden Wing","player_choice":"Card Removal","floor":2,"damage_taken":0},{"event_name":"WeMeetAgain","player_choice":"Potion","floor":4,"damage_taken":0},{"event_name":"Liars Game","player_choice":"agreed","floor":8,"damage_taken":0},{"event_name":"Golden Idol","player_choice":"Take Wound","floor":12,"damage_taken":0},{"event_name":"Vampires","player_choice":"Became a vampire (Vial)","floor":19,"damage_taken":0},{"event_name":"Addict","player_choice":"Obtained Relic","floor":20,"damage_taken":0},{"event_name":"Duplicator","player_choice":"One dupe","floor":22,"damage_taken":0}],"is_beta":false,"boss_relics":[{"not_picked":["Pandora\u0027s Box","Runic Dome"],"picked":"Calling Bell"}],"items_purged_floors":[11],"is_endless":false,"potions_floor_spawned":[1,10,13,14,21],"killed_by":"Book of Stabbing","ascension_level":1}