{"gold_per_floor":[114,124,36,47,60,60,73,88,111,145,95,113,128,153,153,254,254,264,189,189,189,201,201,218,218,218,228,246,151,182,196,196,196],"floor_reached":33,"playtime":1605,"items_purged":["Strike_B"],"score":283,"play_id":"dd1326ad-4918-4762-b6aa-fbeb35574841","local_time":"20190414173309","is_ascension_mode":false,"campfire_choices":[{"data":"Dualcast","floor":6,"key":"SMITH"},{"floor":15,"key":"REST"},{"floor":23,"key":"REST"},{"data":"Capacitor","floor":25,"key":"SMITH"},{"floor":32,"key":"REST"}],"neow_cost":"NONE","seed_source_timestamp":1832370805126607,"circlet_count":0,"master_deck":["Strike_B","Defend_B","Defend_B","Defend_B","Defend_B","Zap+1","Dualcast+1","Beam Cell","Cold Snap","FTL","Coolheaded","Barrage","Ball Lightning","Redo","Genetic Algorithm","Defragment","Capacitor+1","Echo Form","Hologram","Doom and Gloom","Glacier","Steam"],"relics":["Cracked Core","Bag of Marbles","Smiling Mask","Bag of Preparation","Busted Crown","Singing Bowl","Art of War"],"potions_floor_usage":[8,22,28,30,30],"damage_taken":[{"damage":0,"enemies":"2 Louse","floor":1,"turns":2},{"damage":1,"enemies":"Jaw Worm","floor":2,"turns":3},{"damage":0,"enemies":"Small Slimes","floor":4,"turns":3},{"damage":9,"enemies":"3 Louse","floor":5,"turns":3},{"damage":9,"enemies":"Lots of Slimes","floor":7,"turns":4},{"damage":14,"enemies":"Exordium Thugs","floor":8,"turns":5},{"damage":15,"enemies":"Lagavulin","floor":10,"turns":5},{"damage":6,"enemies":"Exordium Wildlife","floor":12,"turns":2},{"damage":0,"enemies":"3 Louse","floor":13,"turns":2},{"damage":21,"enemies":"Gremlin Nob","floor":14,"turns":4},{"damage":1,"enemies":"Slime Boss","floor":16,"turns":7},{"damage":16,"enemies":"3 Byrds","floor":18,"turns":5},{"damage":20,"enemies":"2 Thieves","floor":22,"turns":3},{"damage":15,"enemies":"3 Cultists","floor":24,"turns":4},{"damage":4,"enemies":"Centurion and Healer","floor":27,"turns":6},{"damage":11,"enemies":"Snake Plant","floor":28,"turns":5},{"damage":18,"enemies":"Book of Stabbing","floor":30,"turns":4},{"damage":2,"enemies":"3 Cultists","floor":31,"turns":5},{"damage":41,"enemies":"Champ","floor":33,"turns":9}],"seed_played":"-488653474356848021","potions_obtained":[{"floor":1,"key":"Dexterity Potion"},{"floor":5,"key":"Regen Potion"},{"floor":8,"key":"Energy Potion"},{"floor":12,"key":"LiquidBronze"},{"floor":14,"key":"FocusPotion"},{"floor":22,"key":"Dexterity Potion"},{"floor":28,"key":"SteroidPotion"}],"is_trial":false,"path_per_floor":["M","M","$","M","M","R","M","M","T","E","?","M","M","E","R","B",null,"M","?","?","?","M","R","M","R","T","M","M","$","E","M","R","B"],"character_chosen":"DEFECT","items_purchased":["FTL","Coolheaded","Steam"],"campfire_rested":3,"item_purchase_floors":[3,3,29],"current_hp_per_floor":[75,74,74,74,65,65,56,54,54,39,39,33,33,12,34,33,75,59,59,59,45,25,49,34,34,34,32,23,23,7,7,33,0],"gold":196,"neow_bonus":"UPGRADE_CARD","is_prod":false,"is_daily":false,"chose_seed":false,"campfire_upgraded":2,"win_rate":0.0,"timestamp":1555255989,"path_taken":["M","M","$","M","M","R","M","M","T","E","?","M","M","E","R","BOSS","M","?","?","?","M","R","M","R","T","M","M","$","E","M","R","BOSS"],"build_version":"2019-04-04","purchased_purges":1,"victory":false,"max_hp_per_floor":[75,75,75,75,75,75,75,75,75,75,75,75,75,75,75,75,75,75,75,75,80,80,80,80,80,80,82,84,84,86,88,88,88],"card_choices":[{"not_picked":["Blizzard","Scrape"],"picked":"Beam Cell","floor":1},{"not_picked":["BootSequence","Go for the Eyes"],"picked":"Cold Snap","floor":2},{"not_picked":["Gash","Fusion","Hello World"],"picked":"SKIP","floor":4},{"not_picked":["Go for the Eyes","Turbo","Force Field"],"picked":"SKIP","floor":5},{"not_picked":["Double Energy","Static Discharge"],"picked":"Barrage","floor":7},{"not_picked":["Aggregate","Leap"],"picked":"Ball Lightning","floor":8},{"not_picked":["Fusion","Beam Cell"],"picked":"Redo","floor":10},{"not_picked":["Hologram","FTL"],"picked":"Genetic Algorithm","floor":12},{"not_picked":["Compile Driver","Beam Cell"],"picked":"Defragment","floor":13},{"not_picked":["Coolheaded","Steam"],"picked":"Capacitor","floor":14},{"not_picked":["Amplify","Buffer"],"picked":"Echo Form","floor":16},{"not_picked":["Rip and Tear+1"],"picked":"SKIP","floor":18},{"not_picked":[],"picked":"Doom and Gloom","floor":22},{"not_picked":[],"picked":"Glacier","floor":24},{"not_picked":["Compile Driver"],"picked":"Singing Bowl","floor":27},{"not_picked":["Beam Cell"],"picked":"Singing Bowl","floor":28},{"not_picked":["Rebound"],"picked":"Singing Bowl","floor":30},{"not_picked":["Streamline"],"picked":"Singing Bowl","floor":31}],"player_experience":1114836,"relics_obtained":[{"floor":9,"key":"Bag of Marbles"},{"floor":10,"key":"Smiling Mask"},{"floor":14,"key":"Bag of Preparation"},{"floor":26,"key":"Singing Bowl"},{"floor":30,"key":"Art of War"}],"event_choices":[{"cards_removed":["Strike_B"],"damage_healed":0,"gold_gain":0,"player_choice":"Card Removal","damage_taken":0,"max_hp_gain":0,"max_hp_loss":0,"event_name":"The Cleric","floor":11,"gold_loss":50},{"cards_removed":["Strike_B"],"damage_healed":0,"gold_gain":0,"player_choice":"Gave Gold","damage_taken":0,"max_hp_gain":0,"max_hp_loss":0,"event_name":"Beggar","floor":19,"gold_loss":75},{"damage_healed":0,"gold_gain":0,"player_choice":"Read","damage_taken":0,"max_hp_gain":0,"max_hp_loss":0,"event_name":"The Library","floor":20,"gold_loss":0,"cards_obtained":["Hologram"]},{"damage_healed":0,"gold_gain":0,"player_choice":"Shed Blood","damage_taken":19,"max_hp_gain":5,"max_hp_loss":0,"event_name":"Forgotten Altar","floor":21,"gold_loss":0}],"is_beta":true,"boss_relics":[{"not_picked":["Pandora\u0027s Box","White Beast Statue"],"picked":"Busted Crown"}],"items_purged_floors":[29],"is_endless":false,"potions_floor_spawned":[1,5,8,12,14,22,27,28],"killed_by":"Champ","ascension_level":0}