{"gold_per_floor":[216,229,240,257,18,18,33,33,110,110,128,146,176,176,176,176],"floor_reached":16,"playtime":476,"items_purged":[],"score":208,"play_id":"e7940d21-b542-43a4-be13-adb69dceff48","local_time":"20190516213854","is_ascension_mode":true,"campfire_choices":[{"data":"Bash","floor":6,"key":"SMITH"},{"data":"Combust","floor":8,"key":"SMITH"},{"data":"Combust","floor":10,"key":"SMITH"},{"floor":15,"key":"REST"}],"neow_cost":"NONE","seed_source_timestamp":2186906949332319,"circlet_count":0,"master_deck":["AscendersBane","Strike_R","Strike_R","Strike_R","Strike_R","Strike_R","Defend_R","Defend_R","Defend_R","Defend_R","Bash+1","Combust+1","Sword Boomerang","Combust+1","Shrug It Off","Pummel","Metallicize+1","Limit Break"],"relics":["Burning Blood","Membership Card","Singing Bowl","Torii"],"potions_floor_usage":[13,16,16],"damage_taken":[{"damage":1,"enemies":"Cultist","floor":1,"turns":3},{"damage":7,"enemies":"2 Louse","floor":2,"turns":3},{"damage":7,"enemies":"Small Slimes","floor":3,"turns":3},{"damage":7,"enemies":"2 Fungi Beasts","floor":4,"turns":3},{"damage":14,"enemies":"Blue Slaver","floor":7,"turns":5},{"damage":22,"enemies":"Gremlin Gang","floor":11,"turns":4},{"damage":8,"enemies":"Red Slaver","floor":12,"turns":4},{"damage":19,"enemies":"Gremlin Nob","floor":13,"turns":4},{"damage":59,"enemies":"Hexaghost","floor":16,"turns":11}],"seed_played":"-5508135922841902747","potions_obtained":[{"floor":3,"key":"Strength Potion"},{"floor":11,"key":"Block Potion"},{"floor":13,"key":"FearPotion"}],"is_trial":false,"path_per_floor":["M","M","M","M","$","R","M","R","T","R","M","M","E","?","R","B"],"character_chosen":"IRONCLAD","items_purchased":["Membership Card","Shrug It Off"],"campfire_rested":1,"item_purchase_floors":[5,5],"current_hp_per_floor":[73,72,71,70,70,70,62,62,62,62,48,46,33,33,56,0],"gold":176,"neow_bonus":"HUNDRED_GOLD","is_prod":false,"is_daily":false,"chose_seed":false,"campfire_upgraded":3,"win_rate":0,"timestamp":1558035534,"path_taken":["M","M","?","?","$","R","M","R","T","R","M","M","E","?","R","BOSS"],"build_version":"2019-05-07","purchased_purges":0,"victory":false,"max_hp_per_floor":[75,75,75,75,75,75,75,75,75,75,77,77,77,77,77,77],"card_choices":[{"not_picked":["Thunderclap","Burning Pact"],"picked":"Combust","floor":1},{"not_picked":["Twin Strike","Havoc"],"picked":"Sword Boomerang","floor":2},{"not_picked":["Cleave","Sword Boomerang"],"picked":"Combust","floor":3},{"not_picked":["Infernal Blade","Clash","Sword Boomerang"],"picked":"SKIP","floor":4},{"not_picked":["Blood for Blood","Sword Boomerang"],"picked":"Pummel","floor":7},{"not_picked":["Anger","Cleave","Perfected Strike"],"picked":"Singing Bowl","floor":11},{"not_picked":["Havoc","Rampage"],"picked":"Metallicize","floor":12},{"not_picked":["Corruption","Bloodletting"],"picked":"Limit Break","floor":13}],"player_experience":2004273,"relics_obtained":[{"floor":9,"key":"Singing Bowl"},{"floor":13,"key":"Torii"}],"event_choices":[{"damage_healed":0,"gold_gain":0,"player_choice":"Upgraded","damage_taken":0,"max_hp_gain":0,"max_hp_loss":0,"event_name":"Upgrade Shrine","floor":14,"gold_loss":0,"cards_upgraded":["Metallicize"]}],"is_beta":true,"boss_relics":[],"items_purged_floors":[],"is_endless":false,"potions_floor_spawned":[3,11,12,13],"killed_by":"Hexaghost","ascension_level":20}