{"gold_per_floor":[114,289,306,323,323,323,340,92,92,67,67,67,67,81,81,155,155,172,190,190],"floor_reached":20,"playtime":787,"items_purged":["Strike_R"],"score":279,"play_id":"608f0c26-3041-4e54-976e-8d1be7bfeaa0","local_time":"20190119204021","is_ascension_mode":true,"campfire_choices":[{"data":"Armaments","floor":6,"key":"SMITH"},{"data":"Magnetism","floor":11,"key":"SMITH"},{"floor":15,"key":"REST"}],"neow_cost":"NONE","seed_source_timestamp":294579235506000,"circlet_count":0,"master_deck":["AscendersBane","Strike_R","Strike_R","Strike_R","Defend_R","Defend_R","Defend_R","Defend_R","Bash","Clash","Clothesline","Thunderclap","Armaments+1","Dropkick","Magnetism+1","Shrug It Off","Seeing Red","Juggernaut","Infernal Blade","Corruption+1"],"relics":["Burning Blood","Bronze Scales","Question Card","Eternal Feather"],"potions_floor_usage":[16,20,20],"damage_taken":[{"damage":4,"enemies":"2 Louse","floor":1,"turns":3},{"damage":5,"enemies":"Jaw Worm","floor":3,"turns":5},{"damage":11,"enemies":"Small Slimes","floor":4,"turns":4},{"damage":7,"enemies":"2 Fungi Beasts","floor":7,"turns":5},{"damage":19,"enemies":"Exordium Wildlife","floor":14,"turns":5},{"damage":28,"enemies":"Hexaghost","floor":16,"turns":10},{"damage":27,"enemies":"Spheric Guardian","floor":18,"turns":5},{"damage":25,"enemies":"3 Byrds","floor":19,"turns":4},{"damage":23,"enemies":"Colosseum Slavers","floor":20,"turns":3}],"seed_played":"9061640985188802281","potions_obtained":[{"floor":7,"key":"Strength Potion"},{"floor":16,"key":"Poison Potion"},{"floor":18,"key":"Weak Potion"}],"is_trial":false,"path_per_floor":["M","?","M","M","?","R","M","$","T","$","R","?","?","M","R","B",null,"M","M","?"],"character_chosen":"IRONCLAD","items_purchased":["Magnetism","Shrug It Off"],"campfire_rested":1,"item_purchase_floors":[8,10],"current_hp_per_floor":[70,70,71,66,59,59,58,58,58,58,58,33,33,20,42,20,61,40,21,0],"gold":190,"neow_bonus":"TRANSFORM_CARD","is_prod":false,"is_daily":false,"chose_seed":false,"campfire_upgraded":2,"win_rate":0,"timestamp":1547948421,"path_taken":["M","?","M","M","?","R","M","$","T","$","R","?","?","?","R","BOSS","M","M","?"],"build_version":"2019-01-17v2","purchased_purges":1,"victory":false,"max_hp_per_floor":[75,75,75,75,75,75,75,75,75,75,75,75,75,75,75,75,75,75,75,75],"card_choices":[{"not_picked":["Sword Boomerang","Blood for Blood"],"picked":"Clothesline","floor":1},{"not_picked":["Warcry","Power Through"],"picked":"Thunderclap","floor":3},{"not_picked":["Iron Wave","Hemokinesis"],"picked":"Armaments","floor":4},{"not_picked":["Corruption","Thunderclap"],"picked":"Dropkick","floor":7},{"not_picked":["Body Slam","Headbutt","Cleave"],"picked":"Seeing Red","floor":14},{"not_picked":["Berserk","Dark Embrace","Feed"],"picked":"Juggernaut","floor":16},{"not_picked":["Headbutt","Pommel Strike","Flex"],"picked":"Infernal Blade","floor":18},{"not_picked":["Wild Strike+1","Clash","Headbutt"],"picked":"Corruption+1","floor":19}],"player_experience":1802216,"relics_obtained":[{"floor":9,"key":"Bronze Scales"}],"event_choices":[{"damage_healed":0,"gold_gain":175,"player_choice":"AGREE","damage_taken":0,"max_hp_gain":0,"max_hp_loss":0,"event_name":"Liars Game","floor":2,"gold_loss":0,"cards_obtained":["Doubt"]},{"cards_removed":["Doubt"],"damage_healed":0,"gold_gain":0,"player_choice":"Card Removal","damage_taken":7,"max_hp_gain":0,"max_hp_loss":0,"event_name":"Golden Wing","floor":5,"gold_loss":0},{"damage_healed":0,"gold_gain":0,"player_choice":"Success","damage_taken":25,"relics_obtained":["Question Card"],"max_hp_gain":0,"max_hp_loss":0,"event_name":"Scrap Ooze","floor":12,"gold_loss":0},{"damage_healed":0,"gold_gain":0,"player_choice":"Leave","damage_taken":0,"max_hp_gain":0,"max_hp_loss":0,"event_name":"FaceTrader","floor":13,"gold_loss":0},{"damage_healed":0,"gold_gain":0,"player_choice":"Fight","damage_taken":0,"max_hp_gain":0,"max_hp_loss":0,"event_name":"Colosseum","floor":20,"gold_loss":0}],"is_beta":false,"boss_relics":[{"not_picked":["Snecko Eye","Runic Pyramid"],"picked":"Eternal Feather"}],"items_purged_floors":[8],"is_endless":false,"potions_floor_spawned":[7,16,18],"killed_by":"Colosseum Slavers","ascension_level":14}