{"gold_per_floor":[111,186,206,219,4,35,50,50,76,76,106,118,130,130,130,202,202,221,238,86,103,103,103,117,146,170,170,70,102,122,122],"floor_reached":31,"playtime":1238,"items_purged":["Strike_G","Decay"],"score":574,"play_id":"b23d4143-6f4c-4877-9509-03ffab7d2434","local_time":"20190517185325","is_ascension_mode":true,"campfire_choices":[{"data":"Noxious Fumes","floor":8,"key":"SMITH"},{"floor":10,"key":"REST"},{"data":"Caltrops","floor":15,"key":"SMITH"},{"floor":23,"key":"REST"}],"neow_cost":"NONE","seed_source_timestamp":2262615969866449,"circlet_count":0,"master_deck":["AscendersBane","Defend_G","Defend_G","Defend_G","Defend_G","Defend_G","Strike_G","Strike_G","Strike_G","Strike_G","Survivor","Neutralize+1","PiercingWail","Flying Knee","Noxious Fumes+1","PiercingWail","Caltrops+1","Bane","Wraith Form v2","Wraith Form v2","PiercingWail","Noxious Fumes","Well Laid Plans","Acrobatics","Well Laid Plans","Leg Sweep"],"relics":["Ring of the Snake","Snake Skull","Blood Vial","PreservedInsect","Bag of Preparation","Sozu","Orichalcum","Boot","Incense Burner"],"potions_floor_usage":[11,11,16,16,25],"damage_taken":[{"damage":0,"enemies":"Jaw Worm","floor":1,"turns":6},{"damage":0,"enemies":"Small Slimes","floor":3,"turns":4},{"damage":2,"enemies":"Cultist","floor":4,"turns":5},{"damage":14,"enemies":"Lagavulin","floor":6,"turns":8},{"damage":19,"enemies":"Large Slime","floor":7,"turns":7},{"damage":9,"enemies":"Gremlin Nob","floor":11,"turns":4},{"damage":1,"enemies":"Blue Slaver","floor":12,"turns":4},{"damage":5,"enemies":"3 Louse","floor":13,"turns":5},{"damage":33,"enemies":"Slime Boss","floor":16,"turns":8},{"damage":34,"enemies":"Chosen","floor":18,"turns":7},{"damage":22,"enemies":"Shell Parasite","floor":19,"turns":7},{"damage":0,"enemies":"Snecko","floor":21,"turns":6},{"damage":16,"enemies":"Chosen and Byrds","floor":24,"turns":6},{"damage":10,"enemies":"Slavers","floor":25,"turns":4},{"damage":11,"enemies":"Book of Stabbing","floor":29,"turns":6},{"damage":0,"enemies":"Snake Plant","floor":30,"turns":5},{"damage":17,"enemies":"Centurion and Healer","floor":31,"turns":4}],"seed_played":"-1991751575625255114","potions_obtained":[{"floor":1,"key":"Regen Potion"},{"floor":3,"key":"Ancient Potion"},{"floor":12,"key":"PowerPotion"},{"floor":14,"key":"Fruit Juice"},{"floor":16,"key":"Explosive Potion"}],"is_trial":false,"path_per_floor":["M","?","M","M","$","E","M","R","T","R","E","M","M","?","R","B",null,"M","M","$","M","?","R","M","E","T","?","$","E","M","M"],"character_chosen":"THE_SILENT","items_purchased":["Snake Skull","PiercingWail","Noxious Fumes"],"campfire_rested":2,"item_purchase_floors":[5,5,20],"current_hp_per_floor":[59,48,48,46,46,32,15,15,15,34,41,42,39,39,39,13,57,25,5,5,7,21,42,28,20,20,20,20,11,13,0],"gold":122,"neow_bonus":"UPGRADE_CARD","is_prod":false,"is_daily":false,"chose_seed":false,"campfire_upgraded":2,"win_rate":0,"timestamp":1558112005,"path_taken":["M","?","M","M","$","E","M","R","T","R","E","M","M","?","R","BOSS","M","M","$","?","?","R","M","E","T","?","?","E","M","M"],"build_version":"2019-05-07","purchased_purges":2,"victory":false,"max_hp_per_floor":[66,66,66,66,66,66,66,66,66,66,66,66,66,66,66,71,71,71,71,71,71,71,71,71,71,71,71,71,71,71,71],"card_choices":[{"not_picked":["Riddle With Holes","Acrobatics"],"picked":"PiercingWail","floor":1},{"not_picked":["Outmaneuver","Expertise"],"picked":"Flying Knee","floor":3},{"not_picked":["Underhanded Strike","Dagger Throw"],"picked":"Noxious Fumes","floor":4},{"not_picked":["Die Die Die","Bullet Time"],"picked":"Caltrops","floor":6},{"not_picked":["Dagger Throw","All Out Attack"],"picked":"Bane","floor":7},{"not_picked":["Deflect","Blade Dance","Glass Knife"],"picked":"SKIP","floor":11},{"not_picked":["Outmaneuver","Sucker Punch","Underhanded Strike"],"picked":"SKIP","floor":12},{"not_picked":["Dagger Spray","Distraction","Wraith Form v2"],"picked":"SKIP","floor":13},{"not_picked":["Dagger Spray","Distraction"],"picked":"Wraith Form v2","floor":13},{"not_picked":["Grand Finale","Unload"],"picked":"Wraith Form v2","floor":16},{"not_picked":["Dagger Spray+1","Blade Dance"],"picked":"PiercingWail","floor":18},{"not_picked":["Underhanded Strike","Masterful Stab","Dagger Throw"],"picked":"SKIP","floor":19},{"not_picked":["Blur","Distraction"],"picked":"Well Laid Plans","floor":21},{"not_picked":["Acrobatics","Reflex","Dagger Throw"],"picked":"SKIP","floor":24},{"not_picked":["Reflex","Dagger Throw"],"picked":"Acrobatics","floor":24},{"not_picked":["Prepared","Poisoned Stab+1"],"picked":"Well Laid Plans","floor":25},{"not_picked":["Deflect","Masterful Stab","Bouncing Flask"],"picked":"SKIP","floor":29},{"not_picked":["Prepared+1","Slice"],"picked":"Leg Sweep","floor":30}],"player_experience":2010838,"relics_obtained":[{"floor":6,"key":"Blood Vial"},{"floor":9,"key":"PreservedInsect"},{"floor":11,"key":"Bag of Preparation"},{"floor":25,"key":"Orichalcum"},{"floor":26,"key":"Boot"},{"floor":29,"key":"Incense Burner"}],"event_choices":[{"damage_healed":0,"gold_gain":75,"player_choice":"Gather Gold","damage_taken":11,"max_hp_gain":0,"max_hp_loss":0,"event_name":"World of Goop","floor":2,"gold_loss":0},{"damage_healed":0,"gold_gain":0,"player_choice":"Got Potions","damage_taken":0,"max_hp_gain":0,"max_hp_loss":0,"event_name":"Lab","floor":14,"gold_loss":0},{"damage_healed":14,"gold_gain":0,"player_choice":"Heal","damage_taken":0,"max_hp_gain":0,"max_hp_loss":0,"event_name":"The Library","floor":22,"gold_loss":0},{"damage_healed":0,"gold_gain":0,"player_choice":"Smashed Altar","damage_taken":0,"max_hp_gain":0,"max_hp_loss":0,"event_name":"Forgotten Altar","floor":27,"gold_loss":0,"cards_obtained":["Decay"]}],"is_beta":true,"boss_relics":[{"not_picked":["Velvet Choker","Ring of the Serpent"],"picked":"Sozu"}],"items_purged_floors":[20,28],"is_endless":false,"potions_floor_spawned":[1,3,12,16,18,19,25,29],"killed_by":"Centurion and Healer","ascension_level":20}