{"path_per_floor":["M","M","M","?","M","E","M","E","T","?","R","M","?","M","R","B",null,"M","M","M","?","M","R","M","R","T","M","R","E","?","?","R"],"character_chosen":"IRONCLAD","items_purchased":[],"gold_per_floor":[119,129,142,142,161,187,206,237,237,312,312,326,326,337,337,436,436,455,470,487,487,498,498,512,512,512,529,529,594,519,469,469],"floor_reached":33,"campfire_rested":5,"playtime":1500,"current_hp_per_floor":[80,64,56,56,48,38,37,33,33,22,46,51,35,44,44,25,66,54,42,18,18,15,39,19,43,43,24,48,33,33,33,57],"items_purged":[],"gold":469,"score":351,"play_id":"daecc2d7-20bc-478f-8897-b190e0daf06c","is_prod":false,"is_daily":false,"is_ascension_mode":true,"campfire_upgraded":1,"path_taken":["M","M","M","?","?","E","M","E","T","?","R","M","?","M","R","BOSS","M","M","M","?","M","R","M","R","T","M","R","E","?","?","R","BOSS"],"build_version":"2018-02-08-PROD1","purchased_purges":0,"victory":false,"master_deck":["Strike_R","Strike_R","Strike_R","Strike_R","Strike_R+1","Defend_R","Defend_R","Defend_R","Defend_R","Bash+1","Pommel Strike+1","Shockwave","Headbutt","Dropkick","Iron Wave+1","Power Through","Heavy Blade","Rampage+1","Shrug It Off","Offering","Burning Pact","Shrug It Off","Headbutt","Shrug It Off","Pommel Strike+1"],"max_hp_per_floor":[80,80,80,80,80,80,80,80,80,80,80,80,80,80,80,80,80,80,80,80,80,80,80,80,80,80,80,80,80,80,80,80],"relics":["Burning Blood","Juzu Bracelet","Frozen Eye","Blue Candle","Cursed Key","Dodecahedron","Torii","Tiny Chest"],"card_choices":[{"not_picked":["Twin Strike","True Grit"],"picked":"Pommel Strike"},{"not_picked":["Clash","Second Wind"],"picked":"Shockwave"},{"not_picked":["Ghostly Armor","Juggernaut"],"picked":"Headbutt"},{"not_picked":["Clash","Intimidate"],"picked":"Dropkick"},{"not_picked":["Limit Break","Dual Wield"],"picked":"Iron Wave"},{"not_picked":["Perfected Strike","Thunderclap"],"picked":"Power Through"},{"not_picked":["Feel No Pain","Armaments"],"picked":"Heavy Blade"},{"not_picked":["Pommel Strike","Sever Soul"],"picked":"Rampage"},{"not_picked":["Wild Strike","Sentinel"],"picked":"Shrug It Off"},{"not_picked":["Dark Embrace","Double Tap"],"picked":"Offering"},{"not_picked":["Anger","True Grit"],"picked":"Burning Pact"},{"not_picked":["Bloodletting","Shockwave"],"picked":"Shrug It Off"},{"not_picked":["Blood for Blood","Perfected Strike"],"picked":"Headbutt"},{"not_picked":["Reckless Charge","Havoc"],"picked":"Shrug It Off"},{"not_picked":["Entrench","Wild Strike"],"picked":"Pommel Strike"}],"player_experience":499539,"potions_floor_usage":[5,14,14,16,16,22,29,29],"damage_taken":[{"damage":4,"enemies":"2 Louse","floor":1,"turns":3},{"damage":22,"enemies":"Blue Slaver","floor":2,"turns":6},{"damage":14,"enemies":"Jaw Worm","floor":3,"turns":3},{"damage":14,"enemies":"Red Slaver","floor":5,"turns":3},{"damage":16,"enemies":"Gremlin Nob","floor":6,"turns":3},{"damage":7,"enemies":"3 Louse","floor":7,"turns":3},{"damage":10,"enemies":"Lagavulin","floor":8,"turns":6},{"damage":1,"enemies":"Exordium Wildlife","floor":12,"turns":4},{"damage":0,"enemies":"Large Slime","floor":14,"turns":2},{"damage":25,"enemies":"The Guardian","floor":16,"turns":7},{"damage":18,"enemies":"2 Thieves","floor":18,"turns":3},{"damage":18,"enemies":"Spheric Guardian","floor":19,"turns":4},{"damage":30,"enemies":"Centurion and Healer","floor":20,"turns":5},{"damage":9,"enemies":"3 Cultists","floor":22,"turns":5},{"damage":26,"enemies":"Snake Plant","floor":24,"turns":4},{"damage":25,"enemies":"Sentry and Sphere","floor":27,"turns":6},{"damage":21,"enemies":"Slavers","floor":29,"turns":6},{"damage":66,"enemies":"Collector","floor":33,"turns":7}],"event_choices":[{"event_name":"Upgrade Shrine","player_choice":"Upgraded","floor":4,"damage_taken":0},{"event_name":"World of Goop","player_choice":"Gather Gold","floor":10,"damage_taken":0},{"event_name":"Shining Light","player_choice":"Entered Light","floor":13,"damage_taken":0},{"event_name":"The Mausoleum","player_choice":"Yes","floor":21,"damage_taken":0},{"event_name":"Beggar","player_choice":"Gave Gold","floor":30,"damage_taken":0},{"event_name":"The Joust","player_choice":"Bet on Murderer","floor":31,"damage_taken":0}],"boss_relics":[{"not_picked":["Calling Bell","Eternal Feather"],"picked":"Cursed Key"}],"potions_floor_spawned":[3,6,8,12,14,18,22,24],"seed_played":"5659257418203154765","killed_by":"Collector","ascension_level":5,"is_trial":false}