{"gold_per_floor":[114,128,128,140,156,189,189,218,218,218,232,232,243,276,288,398,410,432,444,456,468,145,145],"floor_reached":23,"playtime":13162,"items_purged":["Writhe"],"score":230,"play_id":"f441cef8-f3d0-4b00-bc9d-6707829fdced","local_time":"20180902005207","is_ascension_mode":true,"campfire_choices":[{"floor":7,"key":"REST"},{"floor":10,"key":"REST"},{"data":"Sword Boomerang","floor":12,"key":"SMITH"},{"floor":15,"key":"REST"}],"neow_cost":"NONE","seed_source_timestamp":163501744735485,"circlet_count":0,"master_deck":["Strike_R","Strike_R","Strike_R","Strike_R","Strike_R","Defend_R","Defend_R","Defend_R","Defend_R","Bash+1","Flex","Shrug It Off+1","Thunderclap","Sword Boomerang+1","Heavy Blade","Inflame","Offering","Demon Form","Rage+1"],"relics":["Black Blood","Boot","Art of War","Question Card","Matryoshka","MawBank","Charon\u0027s Ashes","Bottled Tornado"],"potions_floor_usage":[5,11,14,23],"damage_taken":[{"damage":8,"enemies":"Jaw Worm","floor":1,"turns":4},{"damage":7,"enemies":"2 Louse","floor":2,"turns":3},{"damage":1,"enemies":"Cultist","floor":4,"turns":4},{"damage":10,"enemies":"Gremlin Gang","floor":5,"turns":4},{"damage":25,"enemies":"Lagavulin","floor":6,"turns":6},{"damage":28,"enemies":"3 Sentries","floor":8,"turns":8},{"damage":9,"enemies":"2 Fungi Beasts","floor":11,"turns":2},{"damage":14,"enemies":"Exordium Thugs","floor":13,"turns":4},{"damage":22,"enemies":"Gremlin Nob","floor":14,"turns":4},{"damage":51,"enemies":"The Guardian","floor":16,"turns":10},{"damage":22,"enemies":"Spheric Guardian","floor":18,"turns":4},{"damage":57,"enemies":"Book of Stabbing","floor":23,"turns":5}],"seed_played":"-4912443308126843681","potions_obtained":[{"floor":4,"key":"SkillPotion"},{"floor":5,"key":"Strength Potion"},{"floor":8,"key":"AttackPotion"},{"floor":14,"key":"Block Potion"}],"is_trial":false,"path_per_floor":["M","M","?","M","M","E","R","E","T","R","M","R","M","E","R","B",null,"M","?","$","?","$"],"character_chosen":"IRONCLAD","items_purchased":["Bottled Tornado"],"campfire_rested":3,"item_purchase_floors":[22],"current_hp_per_floor":[78,77,61,66,62,43,67,45,45,69,66,66,58,42,66,21,80,68,53,53,53,53,0],"gold":145,"neow_bonus":"RANDOM_COMMON_RELIC","is_prod":false,"is_daily":false,"chose_seed":false,"campfire_upgraded":1,"win_rate":0,"timestamp":1535863927,"path_taken":["M","M","?","M","?","E","R","E","T","R","?","R","M","E","R","BOSS","M","?","?","?","?","E"],"build_version":"2018-08-30","purchased_purges":1,"victory":false,"max_hp_per_floor":[80,80,80,80,80,80,80,80,80,80,80,80,80,80,80,80,80,80,85,85,85,85,85],"card_choices":[{"not_picked":["Cleave","Iron Wave"],"picked":"Flex","floor":1},{"not_picked":["Battle Trance","Clothesline"],"picked":"Shrug It Off","floor":2},{"not_picked":["Warcry","Wild Strike"],"picked":"Thunderclap","floor":4},{"not_picked":["Warcry","Shrug It Off"],"picked":"Sword Boomerang","floor":5},{"not_picked":["Battle Trance","Headbutt"],"picked":"Heavy Blade","floor":6},{"not_picked":["True Grit","Iron Wave","Entrench"],"picked":"SKIP","floor":8},{"not_picked":["Shockwave","Corruption","Exhume","Clash"],"picked":"SKIP","floor":11},{"not_picked":["Iron Wave","Sever Soul","Clash"],"picked":"Inflame","floor":13},{"not_picked":["Perfected Strike","Iron Wave","Pommel Strike"],"picked":"Offering","floor":14},{"not_picked":["Bludgeon","Berserk","Exhume"],"picked":"Demon Form","floor":16},{"not_picked":["True Grit","Anger","Heavy Blade"],"picked":"Rage+1","floor":18}],"player_experience":713935,"relics_obtained":[{"floor":6,"key":"Art of War"},{"floor":8,"key":"Question Card"},{"floor":9,"key":"Matryoshka"},{"floor":14,"key":"MawBank"}],"event_choices":[{"event_name":"Shining Light","player_choice":"Entered Light","floor":3,"damage_taken":0},{"event_name":"Forgotten Altar","player_choice":"Shed Blood","floor":19,"damage_taken":0},{"event_name":"The Mausoleum","player_choice":"Yes","floor":21,"damage_taken":0}],"is_beta":false,"boss_relics":[{"not_picked":["Astrolabe","Calling Bell"],"picked":"Black Blood"}],"items_purged_floors":[22],"is_endless":false,"potions_floor_spawned":[4,5,8,14],"killed_by":"Book of Stabbing","ascension_level":2}