{"gold_per_floor":[110,121,139,149,166,166,195,195,195,195,226,243,269,269,269,370,370,389,408,20,20,119,119,134,159,159,159,175,175,189,224,224,320,320,333,346,361,373,373,373,383,397,397,408,428,428,428,1,1,1],"floor_reached":51,"playtime":3627,"items_purged":["Strike_B","Strike_B"],"score":751,"play_id":"ef951962-9958-4fb7-a1fd-f7ef984cb376","local_time":"20190421213949","is_ascension_mode":true,"campfire_choices":[{"data":"Coolheaded","floor":6,"key":"SMITH"},{"data":"Loop","floor":8,"key":"SMITH"},{"data":"Zap","floor":10,"key":"SMITH"},{"floor":15,"key":"REST"},{"data":"Dualcast","floor":23,"key":"SMITH"},{"floor":27,"key":"REST"},{"floor":29,"key":"REST"},{"floor":32,"key":"REST"},{"data":"Buffer","floor":40,"key":"SMITH"},{"data":"Hologram","floor":46,"key":"SMITH"},{"data":"Redo","floor":49,"key":"SMITH"}],"neow_cost":"NONE","seed_source_timestamp":23798276384723,"circlet_count":0,"master_deck":["Strike_B","Strike_B+1","Defend_B","Defend_B","Defend_B","Defend_B","Zap+1","Dualcast+1","Leap","Ball Lightning","Self Repair+1","Coolheaded+1","Loop+1","Hologram+1","Electrodynamics","Sweeping Beam+1","White Noise+1","Streamline+1","Coolheaded+1","Barrage","Redo+1","Buffer+1","Defragment+1","FTL","Glacier","Force Field+1","Madness","Madness"],"relics":["Cracked Core","Bag of Marbles","Darkstone Periapt","Bottled Lightning","Odd Mushroom","Inserter","Incense Burner","Matryoshka","The Courier","Cables","Bird Faced Urn","Coffee Dripper","Molten Egg 2","Prayer Wheel","Strange Spoon","Sundial"],"potions_floor_usage":[12,18,25,25,25,31,33,33,41,50,50],"damage_taken":[{"damage":0,"enemies":"Small Slimes","floor":1,"turns":3},{"damage":2,"enemies":"Jaw Worm","floor":2,"turns":3},{"damage":4,"enemies":"2 Louse","floor":3,"turns":2},{"damage":7,"enemies":"Looter","floor":4,"turns":4},{"damage":12,"enemies":"Exordium Wildlife","floor":5,"turns":4},{"damage":21,"enemies":"3 Sentries","floor":7,"turns":9},{"damage":21,"enemies":"Lagavulin","floor":11,"turns":6},{"damage":4,"enemies":"Lots of Slimes","floor":12,"turns":3},{"damage":18,"enemies":"The Mushroom Lair","floor":13,"turns":4},{"damage":17,"enemies":"The Guardian","floor":16,"turns":10},{"damage":7,"enemies":"Spheric Guardian","floor":18,"turns":5},{"damage":42,"enemies":"2 Thieves","floor":19,"turns":4},{"damage":29,"enemies":"3 Cultists","floor":24,"turns":4},{"damage":8,"enemies":"Gremlin Leader","floor":25,"turns":5},{"damage":21,"enemies":"Shelled Parasite and Fungi","floor":28,"turns":4},{"damage":12,"enemies":"Chosen and Byrds","floor":30,"turns":3},{"damage":37,"enemies":"Book of Stabbing","floor":31,"turns":5},{"damage":41,"enemies":"Collector","floor":33,"turns":9},{"damage":44,"enemies":"3 Darklings","floor":35,"turns":4},{"damage":1,"enemies":"Orb Walker","floor":36,"turns":3},{"damage":18,"enemies":"Sphere and 2 Shapes","floor":37,"turns":5},{"damage":29,"enemies":"3 Darklings","floor":38,"turns":4},{"damage":9,"enemies":"Spire Growth","floor":41,"turns":5},{"damage":0,"enemies":"Sphere and 2 Shapes","floor":42,"turns":3},{"damage":9,"enemies":"4 Shapes","floor":44,"turns":4},{"damage":0,"enemies":"Maw","floor":45,"turns":8},{"damage":22,"enemies":"Time Eater","floor":50,"turns":13}],"seed_played":"-3222155818618762163","potions_obtained":[{"floor":2,"key":"SkillPotion"},{"floor":4,"key":"Fire Potion"},{"floor":7,"key":"Strength Potion"},{"floor":12,"key":"Ancient Potion"},{"floor":16,"key":"SpeedPotion"},{"floor":19,"key":"SpeedPotion"},{"floor":25,"key":"SpeedPotion"},{"floor":28,"key":"Explosive Potion"},{"floor":30,"key":"LiquidBronze"},{"floor":33,"key":"Swift Potion"},{"floor":36,"key":"Poison Potion"},{"floor":37,"key":"Weak Potion"},{"floor":42,"key":"Swift Potion"}],"is_trial":false,"path_per_floor":["M","M","M","M","M","R","E","R","T","R","E","M","?","?","R","B",null,"M","M","$","?","?","R","M","E","T","R","M","R","M","E","R","B",null,"M","M","M","M","?","R","M","M","T","M","M","R","?","$","R","B",null],"character_chosen":"DEFECT","items_purchased":["Incense Burner","Strange Spoon","Sundial"],"campfire_rested":4,"item_purchase_floors":[20,48,48],"current_hp_per_floor":[82,80,76,76,71,71,57,57,57,57,43,46,35,19,43,36,82,82,50,50,50,50,50,31,33,33,57,46,70,58,31,55,32,82,54,55,59,40,40,40,41,57,57,68,82,82,72,72,72,76],"gold":1,"neow_bonus":"TEN_PERCENT_HP_BONUS","is_prod":false,"is_daily":false,"chose_seed":false,"campfire_upgraded":7,"win_rate":0,"timestamp":1555875589,"path_taken":["M","M","M","M","M","R","E","R","T","R","E","M","?","?","R","BOSS","M","M","$","?","?","R","M","E","T","R","M","R","M","E","R","BOSS","M","M","M","M","?","R","?","M","T","M","M","R","?","$","R","BOSS"],"build_version":"2019-04-20","purchased_purges":2,"victory":true,"max_hp_per_floor":[82,82,82,82,82,82,82,82,82,82,82,82,82,82,82,82,82,82,82,82,82,82,82,82,82,82,82,82,82,82,82,82,82,82,82,82,82,82,82,82,82,82,82,82,82,82,82,82,82,82],"card_choices":[{"not_picked":["Coolheaded","Rebound"],"picked":"Leap","floor":1},{"not_picked":["Go for the Eyes","Stack"],"picked":"Ball Lightning","floor":2},{"not_picked":["Steam","Beam Cell"],"picked":"Self Repair","floor":3},{"not_picked":["Storm","Melter","Leap"],"picked":"SKIP","floor":4},{"not_picked":["Turbo","Chaos"],"picked":"Coolheaded","floor":5},{"not_picked":["Beam Cell","Sweeping Beam"],"picked":"Loop","floor":7},{"not_picked":["Core Surge","Coolheaded"],"picked":"Hologram","floor":11},{"not_picked":["Conserve Battery","Fission","Melter"],"picked":"SKIP","floor":12},{"not_picked":["Seek","Meteor Strike"],"picked":"Electrodynamics","floor":16},{"not_picked":["Conserve Battery","White Noise"],"picked":"Sweeping Beam+1","floor":18},{"not_picked":["Reprogram+1","Cold Snap"],"picked":"White Noise+1","floor":19},{"not_picked":["Ball Lightning+1","Hologram"],"picked":"Streamline+1","floor":24},{"not_picked":["Scrape","Static Discharge"],"picked":"Coolheaded+1","floor":25},{"not_picked":["Stack+1","Conserve Battery"],"picked":"Barrage","floor":28},{"not_picked":["Sweeping Beam+1","Electrodynamics"],"picked":"Redo","floor":30},{"not_picked":["Rebound+1","Conserve Battery","Stack"],"picked":"SKIP","floor":31},{"not_picked":["Electrodynamics","Multi-Cast"],"picked":"Buffer","floor":33},{"not_picked":["Stack","Chill+1","Leap"],"picked":"SKIP","floor":35},{"not_picked":["Streamline+1","Compile Driver"],"picked":"Defragment+1","floor":36},{"not_picked":["Barrage+1","Chaos+1","Self Repair"],"picked":"SKIP","floor":37},{"not_picked":["Recycle","Tempest+1","Sweeping Beam+1"],"picked":"SKIP","floor":38},{"not_picked":["Self Repair","Turbo+1"],"picked":"FTL","floor":41},{"not_picked":["Hello World","Beam Cell","Chill"],"picked":"SKIP","floor":42},{"not_picked":["Steam+1","Stack+1"],"picked":"Glacier","floor":44},{"not_picked":["Barrage+1","Cold Snap+1","Leap"],"picked":"SKIP","floor":44},{"not_picked":["Sweeping Beam+1","Coolheaded"],"picked":"Force Field+1","floor":45},{"not_picked":["Barrage+1","Rebound+1","Meteor Strike+1"],"picked":"SKIP","floor":45}],"player_experience":1155784,"relics_obtained":[{"floor":7,"key":"Bag of Marbles"},{"floor":9,"key":"Darkstone Periapt"},{"floor":11,"key":"Bottled Lightning"},{"floor":13,"key":"Odd Mushroom"},{"floor":25,"key":"Matryoshka"},{"floor":26,"key":"The Courier"},{"floor":26,"key":"Cables"},{"floor":31,"key":"Bird Faced Urn"},{"floor":43,"key":"Molten Egg 2"},{"floor":43,"key":"Prayer Wheel"}],"event_choices":[{"damage_healed":0,"gold_gain":0,"player_choice":"Fought Mushrooms","damage_taken":0,"max_hp_gain":0,"max_hp_loss":0,"event_name":"Mushrooms","floor":13,"gold_loss":0},{"damage_healed":0,"gold_gain":0,"player_choice":"Entered Light","damage_taken":16,"max_hp_gain":0,"max_hp_loss":0,"event_name":"Shining Light","floor":14,"gold_loss":0,"cards_upgraded":["Self Repair","Strike_B"]},{"damage_healed":0,"gold_gain":0,"player_choice":"Ignored","damage_taken":0,"max_hp_gain":0,"max_hp_loss":0,"event_name":"Vampires","floor":21,"gold_loss":0},{"damage_healed":0,"gold_gain":99,"player_choice":"Stole From Cult","damage_taken":0,"max_hp_gain":0,"max_hp_loss":0,"event_name":"Nest","floor":22,"gold_loss":0},{"damage_healed":0,"gold_gain":0,"player_choice":"Bought 0 Potions","damage_taken":0,"max_hp_gain":0,"max_hp_loss":0,"event_name":"The Woman in Blue","floor":39,"gold_loss":0},{"damage_healed":0,"gold_gain":0,"player_choice":"Embrace Madness","damage_taken":10,"max_hp_gain":0,"max_hp_loss":0,"event_name":"Winding Halls","floor":47,"gold_loss":0,"cards_obtained":["Madness","Madness"]}],"is_beta":true,"boss_relics":[{"not_picked":["Calling Bell","Tiny House"],"picked":"Inserter"},{"not_picked":["Nuclear Battery","Runic Pyramid"],"picked":"Coffee Dripper"}],"items_purged_floors":[20,48],"is_endless":false,"potions_floor_spawned":[2,4,7,12,16,19,25,28,30,33,36,37,42,44],"ascension_level":3}