{"gold_per_floor":[17,17,33,47,59,86,86,51,75,146,162,162,177,31,31,107,107,124,399,418,418],"floor_reached":21,"playtime":3020,"items_purged":[],"score":317,"play_id":"6c8d0bfd-9732-4e1b-90a8-6f8385b22ef8","local_time":"20190427170541","is_ascension_mode":true,"campfire_choices":[{"floor":7,"key":"REST"},{"data":"Dualcast","floor":12,"key":"SMITH"},{"data":"Zap","floor":15,"key":"SMITH"}],"neow_cost":"NO_GOLD","seed_source_timestamp":408373985417200,"circlet_count":0,"master_deck":["AscendersBane","Strike_B","Strike_B","Strike_B","Strike_B","Defend_B","Defend_B","Defend_B","Defend_B+1","Zap+1","Dualcast+1","Doom and Gloom+1","Undo","Cold Snap","Redo+1","FTL","FTL","Coolheaded","Electrodynamics","Creative AI","Steam","Regret","Conserve Battery"],"relics":["Cracked Core","War Paint","Regal Pillow","White Beast Statue"],"potions_floor_usage":[21],"damage_taken":[{"damage":7,"enemies":"2 Louse","floor":1,"turns":3},{"damage":1,"enemies":"Cultist","floor":3,"turns":3},{"damage":0,"enemies":"Small Slimes","floor":4,"turns":2},{"damage":13,"enemies":"Blue Slaver","floor":5,"turns":3},{"damage":36,"enemies":"3 Sentries","floor":6,"turns":8},{"damage":11,"enemies":"Red Slaver","floor":11,"turns":3},{"damage":9,"enemies":"Exordium Wildlife","floor":13,"turns":3},{"damage":32,"enemies":"Hexaghost","floor":16,"turns":10},{"damage":16,"enemies":"Shell Parasite","floor":18,"turns":4},{"damage":41,"enemies":"2 Thieves","floor":20,"turns":4},{"damage":20,"enemies":"Centurion and Healer","floor":21,"turns":4}],"seed_played":"4032584357204767607","potions_obtained":[{"floor":4,"key":"LiquidBronze"},{"floor":6,"key":"SneckoOil"},{"floor":18,"key":"Swift Potion"}],"is_trial":false,"path_per_floor":["M","?","M","M","M","E","R","?","T","T","M","R","M","$","R","B",null,"M","?","M","M"],"character_chosen":"DEFECT","items_purchased":["Electrodynamics"],"campfire_rested":1,"item_purchase_floors":[14],"current_hp_per_floor":[71,71,70,70,57,21,46,67,67,67,56,56,47,47,47,15,68,52,52,11,0],"gold":418,"neow_bonus":"TWENTY_PERCENT_HP_BONUS","is_prod":false,"is_daily":false,"chose_seed":false,"campfire_upgraded":2,"win_rate":0,"timestamp":1556399141,"path_taken":["M","?","M","?","?","E","R","?","T","?","M","R","M","$","R","BOSS","M","?","M","?"],"build_version":"2019-01-23","purchased_purges":0,"victory":false,"max_hp_per_floor":[85,85,85,85,85,85,85,85,85,85,85,85,85,85,85,85,85,85,85,85,85],"card_choices":[{"not_picked":["Streamline","Stack"],"picked":"Doom and Gloom","floor":1},{"not_picked":["Force Field","Coolheaded"],"picked":"Undo","floor":3},{"not_picked":["Go for the Eyes","All For One"],"picked":"Cold Snap","floor":4},{"not_picked":["Rebound","Streamline"],"picked":"Redo","floor":5},{"not_picked":["Hello World","Steam"],"picked":"FTL","floor":6},{"not_picked":["Leap","Hologram"],"picked":"FTL","floor":11},{"not_picked":["Cold Snap","Skim"],"picked":"Coolheaded","floor":13},{"not_picked":["Reboot","Meteor Strike"],"picked":"Creative AI","floor":16},{"not_picked":["Turbo","Ball Lightning"],"picked":"Steam","floor":18},{"not_picked":["Undo","Streamline"],"picked":"Conserve Battery","floor":20}],"player_experience":2850180,"relics_obtained":[{"floor":6,"key":"War Paint"},{"floor":9,"key":"Regal Pillow"}],"event_choices":[{"damage_healed":0,"gold_gain":0,"player_choice":"Upgraded","damage_taken":0,"max_hp_gain":0,"max_hp_loss":0,"event_name":"Upgrade Shrine","floor":2,"gold_loss":0,"cards_upgraded":["Doom and Gloom"]},{"damage_healed":21,"gold_gain":0,"player_choice":"Healed","damage_taken":0,"max_hp_gain":0,"max_hp_loss":0,"event_name":"The Cleric","floor":8,"gold_loss":35},{"damage_healed":0,"gold_gain":275,"player_choice":"Desecrate","damage_taken":0,"max_hp_gain":0,"max_hp_loss":0,"event_name":"Golden Shrine","floor":19,"gold_loss":0,"cards_obtained":["Regret"]}],"is_beta":false,"boss_relics":[{"not_picked":["Empty Cage","Orrery"],"picked":"White Beast Statue"}],"items_purged_floors":[],"is_endless":false,"potions_floor_spawned":[4,6,18,20],"killed_by":"Centurion and Healer","ascension_level":15}