{"gold_per_floor":[116,116,137,137,137,178,194,194,194,208,28,42,55,130,130,223,223,239,255,128,53,53,53,53,53,53,53,77,100,100,100,100,100],"floor_reached":33,"playtime":1217,"items_purged":[],"score":530,"play_id":"7e479830-2066-469a-950f-52bd2e5a6c04","local_time":"20190510124221","is_ascension_mode":true,"campfire_choices":[{"data":"Coolheaded","floor":8,"key":"SMITH"},{"floor":15,"key":"REST"},{"data":"Conserve Battery","floor":23,"key":"SMITH"},{"data":"Biased Cognition","floor":25,"key":"SMITH"},{"data":"Self Repair","floor":27,"key":"SMITH"},{"data":"Sunder","floor":30,"key":"SMITH"},{"data":"Stack","floor":32,"key":"SMITH"}],"neow_cost":"NONE","seed_source_timestamp":1635573122817915,"circlet_count":0,"master_deck":["AscendersBane","Zap","Dualcast","Stack+1","Coolheaded+1","Ball Lightning","Gash","Sunder","Self Repair+1","Ball Lightning","Conserve Battery+1","Compile Driver","Coolheaded","All For One","BootSequence","Aggregate","Biased Cognition+1","Compile Driver","Genetic Algorithm","Sunder+1","Leap+1","Gash","Chill","Glacier","Ball Lightning","Gash"],"relics":["Cracked Core","NeowsBlessing","Golden Idol","Torii","Dead Branch","Pandora\u0027s Box","Mercury Hourglass"],"potions_floor_usage":[13,16,22,33],"damage_taken":[{"damage":0,"enemies":"Cultist","floor":1,"turns":1},{"damage":0,"enemies":"Jaw Worm","floor":3,"turns":1},{"damage":0,"enemies":"3 Sentries","floor":6,"turns":2},{"damage":10,"enemies":"Small Slimes","floor":7,"turns":2},{"damage":3,"enemies":"Blue Slaver","floor":10,"turns":4},{"damage":0,"enemies":"Gremlin Gang","floor":12,"turns":4},{"damage":0,"enemies":"2 Fungi Beasts","floor":13,"turns":2},{"damage":30,"enemies":"The Guardian","floor":16,"turns":16},{"damage":12,"enemies":"3 Byrds","floor":18,"turns":4},{"damage":8,"enemies":"Spheric Guardian","floor":19,"turns":3},{"damage":11,"enemies":"Centurion and Healer","floor":22,"turns":7},{"damage":18,"enemies":"Snake Plant","floor":28,"turns":5},{"damage":7,"enemies":"Sentry and Sphere","floor":29,"turns":4},{"damage":40,"enemies":"Collector","floor":33,"turns":7}],"seed_played":"-7518625050886710597","potions_obtained":[{"floor":7,"key":"Poison Potion"},{"floor":13,"key":"Weak Potion"},{"floor":16,"key":"Dexterity Potion"},{"floor":19,"key":"SmokeBomb"},{"floor":28,"key":"SteroidPotion"}],"is_trial":false,"path_per_floor":["M","?","M","?","?","E","M","R","T","M","$","M","M","?","R","B",null,"M","M","$","?","M","R","$","R","T","R","M","M","R","?","R","B"],"character_chosen":"DEFECT","items_purchased":["Self Repair","Ball Lightning","Conserve Battery","Chill","Glacier"],"campfire_rested":1,"item_purchase_floors":[11,11,11,20,20],"current_hp_per_floor":[64,40,40,45,38,38,28,28,28,25,25,32,32,21,43,20,62,57,49,49,49,45,45,45,45,45,45,37,30,30,30,30,0],"gold":100,"neow_bonus":"THREE_ENEMY_KILL","is_prod":false,"is_daily":false,"chose_seed":false,"campfire_upgraded":6,"win_rate":0,"timestamp":1557484941,"path_taken":["M","?","M","?","?","E","M","R","T","M","?","M","?","?","R","BOSS","M","M","$","?","M","R","$","R","T","R","M","M","R","?","R","BOSS"],"build_version":"2019-05-07","purchased_purges":0,"victory":false,"max_hp_per_floor":[71,71,71,76,76,76,76,76,76,76,76,76,76,76,76,76,76,76,76,76,76,76,76,76,76,76,76,76,76,76,76,76,76],"card_choices":[{"not_picked":["Go for the Eyes","Redo"],"picked":"Stack","floor":1},{"not_picked":["Rebound","Gash"],"picked":"Coolheaded","floor":3},{"not_picked":["Streamline","Undo"],"picked":"Ball Lightning","floor":6},{"not_picked":["Go for the Eyes","Static Discharge"],"picked":"Gash","floor":7},{"not_picked":["Hello World","Redo"],"picked":"Sunder","floor":10},{"not_picked":["Turbo","Streamline"],"picked":"Compile Driver","floor":12},{"not_picked":["Melter","Darkness"],"picked":"Coolheaded","floor":13},{"not_picked":["Biased Cognition","Amplify"],"picked":"All For One","floor":16},{"not_picked":["Compile Driver","Tempest"],"picked":"Leap+1","floor":18},{"not_picked":["Leap","Hello World"],"picked":"Gash","floor":19},{"not_picked":["Leap","Force Field"],"picked":"Ball Lightning","floor":28},{"not_picked":["Streamline","Beam Cell"],"picked":"Gash","floor":29}],"player_experience":1696723,"relics_obtained":[{"floor":6,"key":"Torii"},{"floor":9,"key":"Dead Branch"},{"floor":26,"key":"Mercury Hourglass"}],"event_choices":[{"damage_healed":0,"gold_gain":0,"player_choice":"Take Damage","damage_taken":24,"relics_obtained":["Golden Idol"],"max_hp_gain":0,"max_hp_loss":0,"event_name":"Golden Idol","floor":2,"gold_loss":0},{"damage_healed":0,"gold_gain":0,"player_choice":"Donut","damage_taken":0,"max_hp_gain":5,"max_hp_loss":0,"event_name":"Big Fish","floor":4,"gold_loss":0},{"cards_removed":["Strike_B"],"damage_healed":0,"gold_gain":0,"player_choice":"Card Removal","damage_taken":7,"max_hp_gain":0,"max_hp_loss":0,"event_name":"Golden Wing","floor":5,"gold_loss":0},{"damage_healed":0,"gold_gain":75,"player_choice":"Gather Gold","damage_taken":11,"max_hp_gain":0,"max_hp_loss":0,"event_name":"World of Goop","floor":14,"gold_loss":0},{"cards_removed":["Rainbow"],"damage_healed":0,"gold_gain":0,"player_choice":"Gave Gold","damage_taken":0,"max_hp_gain":0,"max_hp_loss":0,"event_name":"Beggar","floor":21,"gold_loss":75},{"damage_healed":0,"gold_gain":0,"player_choice":"Simplicity","damage_taken":0,"max_hp_gain":0,"max_hp_loss":0,"event_name":"Back to Basics","floor":31,"gold_loss":0,"cards_upgraded":[]}],"is_beta":true,"boss_relics":[{"not_picked":["Snecko Eye","Black Star"],"picked":"Pandora\u0027s Box"}],"items_purged_floors":[],"is_endless":false,"potions_floor_spawned":[7,13,16,19,28],"killed_by":"Collector","ascension_level":19}