{"gold_per_floor":[110,110,110,123,135,148,159,159,205,280,300,317,317,317,317,317],"floor_reached":16,"playtime":687,"items_purged":[],"score":146,"play_id":"b1474427-a1ec-4f70-9e18-8deb8046fd71","local_time":"20190115215336","is_ascension_mode":true,"campfire_choices":[{"data":"Shockwave","floor":8,"key":"SMITH"},{"data":"Rampage","floor":13,"key":"SMITH"},{"data":"Pommel Strike","floor":15,"key":"SMITH"}],"neow_cost":"NONE","seed_source_timestamp":1379540072855700,"circlet_count":0,"master_deck":["AscendersBane","Strike_R","Strike_R","Strike_R","Strike_R","Defend_R","Defend_R","Defend_R","Defend_R","Bash","Pummel","Shockwave+1","Dropkick","Rampage+1","Pommel Strike+1"],"relics":["Burning Blood","Meat on the Bone","Orichalcum"],"potions_floor_usage":[16,16],"damage_taken":[{"damage":9,"enemies":"2 Louse","floor":1,"turns":3},{"damage":13,"enemies":"Small Slimes","floor":4,"turns":5},{"damage":1,"enemies":"Cultist","floor":5,"turns":3},{"damage":11,"enemies":"Blue Slaver","floor":6,"turns":4},{"damage":10,"enemies":"Red Slaver","floor":7,"turns":5},{"damage":14,"enemies":"Looter","floor":11,"turns":4},{"damage":11,"enemies":"Gremlin Gang","floor":12,"turns":6},{"damage":58,"enemies":"Slime Boss","floor":16,"turns":9}],"seed_played":"6692169574109040369","potions_obtained":[{"floor":5,"key":"SteroidPotion"},{"floor":7,"key":"Ancient Potion"}],"is_trial":false,"path_per_floor":["M","?","?","M","M","M","M","R","T","?","M","M","R","?","R","B"],"character_chosen":"IRONCLAD","items_purchased":[],"campfire_rested":0,"item_purchase_floors":[],"current_hp_per_floor":[77,52,52,57,62,57,53,53,53,45,49,56,56,56,56,0],"gold":317,"neow_bonus":"TEN_PERCENT_HP_BONUS","is_prod":false,"is_daily":false,"chose_seed":false,"campfire_upgraded":3,"win_rate":0,"timestamp":1547607216,"path_taken":["M","?","?","M","M","?","M","R","T","?","?","M","R","?","R","BOSS"],"build_version":"2019-01-10","purchased_purges":0,"victory":false,"max_hp_per_floor":[88,88,88,88,88,88,88,88,88,88,88,88,88,88,88,88],"card_choices":[{"not_picked":["Heavy Blade","Headbutt"],"picked":"Pummel","floor":1},{"not_picked":["True Grit","Sword Boomerang","Havoc"],"picked":"SKIP","floor":4},{"not_picked":["Power Through","True Grit"],"picked":"Shockwave","floor":5},{"not_picked":["Headbutt","Twin Strike","Thunderclap"],"picked":"SKIP","floor":6},{"not_picked":["Sentinel","True Grit"],"picked":"Dropkick","floor":7},{"not_picked":["Flex","Limit Break"],"picked":"Rampage","floor":11},{"not_picked":["Bloodletting","Twin Strike"],"picked":"Pommel Strike","floor":12}],"player_experience":1764415,"relics_obtained":[{"floor":9,"key":"Orichalcum"}],"event_choices":[{"damage_healed":0,"gold_gain":0,"player_choice":"Success","damage_taken":25,"relics_obtained":["Meat on the Bone"],"max_hp_gain":0,"max_hp_loss":0,"event_name":"Scrap Ooze","floor":2,"gold_loss":0},{"cards_removed":["Strike_R"],"damage_healed":0,"gold_gain":0,"player_choice":"Purged","damage_taken":0,"max_hp_gain":0,"max_hp_loss":0,"event_name":"Purifier","floor":3,"gold_loss":0},{"damage_healed":0,"gold_gain":75,"player_choice":"Touch","damage_taken":8,"max_hp_gain":0,"max_hp_loss":0,"event_name":"FaceTrader","floor":10,"gold_loss":0},{"damage_healed":0,"gold_gain":0,"player_choice":"Bought 0 Potions","damage_taken":0,"max_hp_gain":0,"max_hp_loss":0,"event_name":"The Woman in Blue","floor":14,"gold_loss":0}],"is_beta":false,"boss_relics":[],"items_purged_floors":[],"is_endless":false,"potions_floor_spawned":[5,7],"killed_by":"Slime Boss","ascension_level":11}