{"gold_per_floor":[117,137,62,82,97,126,142,142,188,201,217,217,117,117,117,220,220,230,215,231,29,29],"floor_reached":22,"playtime":1355,"items_purged":["Strike_B","Defend_B"],"score":228,"play_id":"449aa016-4f6b-4216-9797-e970acebd7ea","local_time":"20180915152813","is_ascension_mode":true,"campfire_choices":[{"floor":8,"key":"REST"},{"data":"Echo Form","floor":12,"key":"SMITH"},{"floor":15,"key":"REST"}],"neow_cost":"NONE","seed_source_timestamp":86756182079357,"circlet_count":0,"master_deck":["Strike_B+1","Strike_B+1","Defend_B","Defend_B","Defend_B","Zap+1","Dualcast","Reinforced Body","Sweeping Beam","Conserve Battery","Echo Form+1","Genetic Algorithm","Amplify","Tempest+1","FTL","Sunder","Creative AI","Loop+1","FTL"],"relics":["Cracked Core","Whetstone","Orichalcum","PrismaticShard"],"potions_floor_usage":[7,16,16,18,20],"damage_taken":[{"damage":0,"enemies":"Jaw Worm","floor":1,"turns":4},{"damage":1,"enemies":"Cultist","floor":2,"turns":3},{"damage":0,"enemies":"2 Louse","floor":4,"turns":2},{"damage":5,"enemies":"Looter","floor":5,"turns":3},{"damage":28,"enemies":"3 Sentries","floor":6,"turns":8},{"damage":17,"enemies":"Exordium Wildlife","floor":7,"turns":5},{"damage":6,"enemies":"Large Slime","floor":10,"turns":7},{"damage":0,"enemies":"Exordium Thugs","floor":11,"turns":4},{"damage":12,"enemies":"The Guardian","floor":16,"turns":9},{"damage":46,"enemies":"Shell Parasite","floor":18,"turns":10},{"damage":17,"enemies":"2 Thieves","floor":19,"turns":4},{"damage":8,"enemies":"Snecko","floor":20,"turns":5},{"damage":11,"enemies":"Centurion and Healer","floor":22,"turns":2}],"seed_played":"-3996903612079134311","potions_obtained":[{"floor":5,"key":"Swift Potion"},{"floor":7,"key":"SpeedPotion"},{"floor":10,"key":"LiquidBronze"},{"floor":11,"key":"AttackPotion"},{"floor":19,"key":"FocusPotion"}],"is_trial":false,"path_per_floor":["M","M","$","M","M","E","M","R","T","M","M","R","$","?","R","B",null,"M","M","M","$"],"character_chosen":"DEFECT","items_purchased":["PrismaticShard"],"campfire_rested":2,"item_purchase_floors":[21],"current_hp_per_floor":[75,74,74,74,69,41,24,46,46,40,40,40,40,25,47,35,75,29,12,4,4,0],"gold":29,"neow_bonus":"TRANSFORM_CARD","is_prod":false,"is_daily":false,"chose_seed":false,"campfire_upgraded":1,"win_rate":0,"timestamp":1537039693,"path_taken":["M","M","$","M","M","E","M","R","T","M","M","R","$","?","R","BOSS","M","?","?","$","M"],"build_version":"2018-09-06","purchased_purges":2,"victory":false,"max_hp_per_floor":[75,75,75,75,75,75,75,75,75,75,75,75,75,75,75,75,75,75,75,75,75,75],"card_choices":[{"not_picked":["Compile Driver","Leap"],"picked":"Sweeping Beam","floor":1},{"not_picked":["Streamline","Rebound"],"picked":"Conserve Battery","floor":2},{"not_picked":["Capacitor","BootSequence"],"picked":"Echo Form","floor":4},{"not_picked":["Sweeping Beam","Stack"],"picked":"Genetic Algorithm","floor":5},{"not_picked":["Coolheaded","Heatsinks"],"picked":"Amplify","floor":6},{"not_picked":["Genetic Algorithm","Go for the Eyes"],"picked":"Tempest","floor":7},{"not_picked":["Gash","Sweeping Beam"],"picked":"FTL","floor":10},{"not_picked":["Turbo","Auto Shields"],"picked":"Sunder","floor":11},{"not_picked":["Meteor Strike","Electrodynamics"],"picked":"Creative AI","floor":16},{"not_picked":["Compile Driver+1","Genetic Algorithm"],"picked":"Loop+1","floor":18},{"not_picked":["Leap","Compile Driver"],"picked":"FTL","floor":19},{"not_picked":["Redo","Lockon","Compile Driver+1"],"picked":"SKIP","floor":20}],"player_experience":812869,"relics_obtained":[{"floor":6,"key":"Whetstone"},{"floor":9,"key":"Orichalcum"}],"event_choices":[{"event_name":"Shining Light","player_choice":"Entered Light","floor":14,"damage_taken":0}],"is_beta":false,"boss_relics":[{"not_picked":["Philosopher\u0027s Stone","Orrery","Coffee Dripper"]}],"items_purged_floors":[3,13],"is_endless":false,"potions_floor_spawned":[5,7,10,11,19],"killed_by":"Centurion and Healer","ascension_level":4}