{"gold_per_floor":[110,185,28,28,28,61,61,86,163,181,201,217,217,257,257,257],"floor_reached":16,"playtime":510,"items_purged":[],"score":250,"play_id":"83693cd5-0552-48f4-a156-1116665365d9","local_time":"20190503182437","is_ascension_mode":true,"campfire_choices":[{"data":"Spot Weakness","floor":7,"key":"SMITH"},{"data":"Whirlwind","floor":13,"key":"SMITH"},{"data":"Pommel Strike","floor":15,"key":"SMITH"}],"neow_cost":"NONE","seed_source_timestamp":1052017186093581,"circlet_count":0,"master_deck":["AscendersBane","Strike_R","Strike_R","Strike_R","Strike_R","Strike_R","Defend_R","Defend_R","Defend_R","Defend_R","Bash","Spot Weakness+1","Intimidate","Shrug It Off","Battle Trance","Whirlwind+1","Ghostly Armor","Pommel Strike+1"],"relics":["Burning Blood","NeowsBlessing","Anchor","Golden Idol","Blood Vial","Question Card","Toxic Egg 2"],"potions_floor_usage":[16],"damage_taken":[{"damage":0,"enemies":"Cultist","floor":1,"turns":1},{"damage":0,"enemies":"Gremlin Nob","floor":6,"turns":1},{"damage":0,"enemies":"Small Slimes","floor":8,"turns":1},{"damage":3,"enemies":"2 Louse","floor":10,"turns":3},{"damage":3,"enemies":"Blue Slaver","floor":11,"turns":6},{"damage":0,"enemies":"Exordium Thugs","floor":12,"turns":4},{"damage":5,"enemies":"3 Sentries","floor":14,"turns":5},{"damage":66,"enemies":"Slime Boss","floor":16,"turns":10}],"seed_played":"6258213905568048425","potions_obtained":[{"floor":10,"key":"Weak Potion"},{"floor":14,"key":"SkillPotion"}],"is_trial":false,"path_per_floor":["M","?","$","?","?","E","R","M","T","M","M","M","R","E","R","B"],"character_chosen":"IRONCLAD","items_purchased":["Anchor"],"campfire_rested":0,"item_purchase_floors":[3],"current_hp_per_floor":[74,63,63,37,26,32,32,40,40,45,50,58,58,61,61,0],"gold":257,"neow_bonus":"THREE_ENEMY_KILL","is_prod":false,"is_daily":false,"chose_seed":false,"campfire_upgraded":3,"win_rate":0,"timestamp":1556900677,"path_taken":["M","?","$","?","?","E","R","?","T","M","M","M","R","E","R","BOSS"],"build_version":"2019-04-23","purchased_purges":0,"victory":false,"max_hp_per_floor":[75,75,75,75,75,75,75,75,75,75,75,75,75,75,75,75],"card_choices":[{"not_picked":["Havoc","Pommel Strike"],"picked":"Spot Weakness","floor":1},{"not_picked":["Twin Strike","Power Through"],"picked":"Intimidate","floor":6},{"not_picked":["Metallicize","Havoc"],"picked":"Shrug It Off","floor":8},{"not_picked":["Twin Strike","Ghostly Armor","Anger"],"picked":"Battle Trance","floor":10},{"not_picked":["Impervious","Iron Wave","Heavy Blade"],"picked":"Whirlwind","floor":11},{"not_picked":["Twin Strike","Corruption","Intimidate"],"picked":"Ghostly Armor","floor":12},{"not_picked":["Battle Trance","Body Slam","Juggernaut"],"picked":"Pommel Strike","floor":14}],"player_experience":1468130,"relics_obtained":[{"floor":6,"key":"Blood Vial"},{"floor":9,"key":"Question Card"},{"floor":14,"key":"Toxic Egg 2"}],"event_choices":[{"damage_healed":0,"gold_gain":75,"player_choice":"Gather Gold","damage_taken":11,"max_hp_gain":0,"max_hp_loss":0,"event_name":"World of Goop","floor":2,"gold_loss":0},{"damage_healed":0,"gold_gain":0,"player_choice":"Take Damage","damage_taken":26,"relics_obtained":["Golden Idol"],"max_hp_gain":0,"max_hp_loss":0,"event_name":"Golden Idol","floor":4,"gold_loss":0},{"damage_healed":0,"gold_gain":0,"player_choice":"Damaged","damage_taken":11,"max_hp_gain":0,"max_hp_loss":0,"event_name":"Wheel of Change","floor":5,"gold_loss":0}],"is_beta":true,"boss_relics":[],"items_purged_floors":[],"is_endless":false,"potions_floor_spawned":[10,14],"killed_by":"Slime Boss","ascension_level":17}