{"gold_per_floor":[364,376,123,142,162,162,162,162,162,190,190,190,218,235,235,310,310,323,238,4,54,74,74,102,102,102,117,147,163,163,176,176,253,253,264,84,101,119,139,139],"floor_reached":40,"playtime":2124,"items_purged":["Injury","Pain","Strike_B"],"score":879,"play_id":"5599bb78-876c-465a-8332-61b15ceaa094","local_time":"20190511195704","is_ascension_mode":true,"campfire_choices":[{"data":"Stack","floor":6,"key":"SMITH"},{"floor":8,"key":"REST"},{"floor":15,"key":"REST"},{"floor":23,"key":"REST"},{"floor":25,"key":"REST"},{"floor":30,"key":"REST"},{"floor":32,"key":"REST"}],"neow_cost":"CURSE","seed_source_timestamp":1747148733404948,"circlet_count":0,"master_deck":["AscendersBane","Strike_B+1","Strike_B","Strike_B","Defend_B","Defend_B","Defend_B","Defend_B","Zap","Dualcast","Defragment","Compile Driver","Electrodynamics","Compile Driver+1","Compile Driver","Stack+1","Auto Shields","Undo","Sweeping Beam","Seek","Conserve Battery","Defragment","Coolheaded+1","Reinforced Body+1","Redo+1","Cold Snap+1","Coolheaded+1","Fusion+1","FTL","Meteor Strike","Hologram+1","Go for the Eyes","Recycle+1","Aggregate+1","Glacier+1"],"relics":["Cracked Core","Shuriken","Bottled Flame","WarpedTongs","Pantograph","Fusion Hammer","Toxic Egg 2","Bag of Preparation","Bottled Tornado","Cables","Inserter"],"potions_floor_usage":[10,22,28,31,33,40],"damage_taken":[{"damage":0,"enemies":"Cultist","floor":1,"turns":3},{"damage":0,"enemies":"Small Slimes","floor":2,"turns":3},{"damage":4,"enemies":"2 Louse","floor":4,"turns":2},{"damage":24,"enemies":"Red Slaver","floor":5,"turns":4},{"damage":21,"enemies":"Lagavulin","floor":10,"turns":5},{"damage":21,"enemies":"3 Sentries","floor":13,"turns":4},{"damage":10,"enemies":"3 Louse","floor":14,"turns":4},{"damage":26,"enemies":"Slime Boss","floor":16,"turns":7},{"damage":10,"enemies":"Spheric Guardian","floor":18,"turns":4},{"damage":12,"enemies":"Chosen","floor":22,"turns":6},{"damage":32,"enemies":"Slavers","floor":24,"turns":4},{"damage":14,"enemies":"Snecko","floor":27,"turns":6},{"damage":26,"enemies":"Gremlin Leader","floor":28,"turns":5},{"damage":0,"enemies":"3 Cultists","floor":29,"turns":2},{"damage":17,"enemies":"Chosen and Byrds","floor":31,"turns":4},{"damage":10,"enemies":"Automaton","floor":33,"turns":10},{"damage":9,"enemies":"3 Shapes","floor":35,"turns":3},{"damage":21,"enemies":"3 Darklings","floor":37,"turns":3},{"damage":2,"enemies":"Sphere and 2 Shapes","floor":38,"turns":5},{"damage":7,"enemies":"Maw","floor":39,"turns":8},{"damage":31,"enemies":"Nemesis","floor":40,"turns":14}],"seed_played":"-7167378083385512525","potions_obtained":[{"floor":2,"key":"Swift Potion"},{"floor":5,"key":"FearPotion"},{"floor":14,"key":"EssenceOfSteel"},{"floor":27,"key":"Poison Potion"},{"floor":31,"key":"PowerPotion"},{"floor":33,"key":"Poison Potion"},{"floor":35,"key":"Fire Potion"},{"floor":37,"key":"AttackPotion"}],"is_trial":false,"path_per_floor":["M","M","$","M","M","R","?","R","T","E","?","?","E","M","R","B",null,"M","?","$","?","M","R","E","R","T","M","E","M","R","M","R","B",null,"M","$","M","M","M","E"],"character_chosen":"DEFECT","items_purchased":["Electrodynamics","Compile Driver","Defragment","Coolheaded+1","Go for the Eyes"],"campfire_rested":6,"item_purchase_floors":[3,3,20,20,36],"current_hp_per_floor":[64,64,64,60,36,36,15,36,36,15,38,38,17,7,28,27,60,50,50,50,50,38,59,27,48,48,34,8,8,29,12,33,48,65,56,56,35,33,26,0],"gold":139,"neow_bonus":"TWO_FIFTY_GOLD","is_prod":false,"is_daily":false,"chose_seed":false,"campfire_upgraded":1,"win_rate":0,"timestamp":1557597424,"path_taken":["M","?","$","M","M","R","?","R","T","E","?","?","E","?","R","BOSS","M","?","$","?","?","R","E","R","T","M","E","M","R","M","R","BOSS","M","$","M","M","M","E"],"build_version":"2019-05-07","purchased_purges":3,"victory":false,"max_hp_per_floor":[71,71,71,71,71,71,71,71,71,71,71,71,71,71,71,71,71,71,71,71,71,71,71,71,71,71,71,71,71,71,71,71,71,71,71,71,71,71,71,71],"card_choices":[{"not_picked":["Chill","Turbo"],"picked":"Defragment","floor":1},{"not_picked":["Redo","Sunder"],"picked":"Compile Driver","floor":2},{"not_picked":["Redo","Blizzard"],"picked":"Compile Driver","floor":4},{"not_picked":["Recycle","Cold Snap"],"picked":"Stack","floor":5},{"not_picked":["Steam","Streamline"],"picked":"Auto Shields","floor":10},{"not_picked":["Redo","Rebound"],"picked":"Undo","floor":13},{"not_picked":["Chaos","Sunder"],"picked":"Sweeping Beam","floor":14},{"not_picked":["Thunder Strike","Multi-Cast"],"picked":"Seek","floor":16},{"not_picked":["Gash","Doom and Gloom"],"picked":"Conserve Battery","floor":18},{"not_picked":["Compile Driver","Rebound"],"picked":"Reinforced Body+1","floor":22},{"not_picked":["Blizzard","Hologram+1"],"picked":"Redo+1","floor":24},{"not_picked":["Loop","Steam+1"],"picked":"Cold Snap+1","floor":27},{"not_picked":["Chaos+1","Beam Cell"],"picked":"Coolheaded+1","floor":28},{"not_picked":["Hello World","Redo+1"],"picked":"Fusion+1","floor":29},{"not_picked":["Beam Cell","Steam Power+1"],"picked":"FTL","floor":31},{"not_picked":["Electrodynamics","Reboot+1"],"picked":"Meteor Strike","floor":33},{"not_picked":["FTL","Blizzard"],"picked":"Hologram+1","floor":35},{"not_picked":["Tempest+1","Cold Snap"],"picked":"Recycle+1","floor":37},{"not_picked":["Gash+1","Coolheaded+1"],"picked":"Aggregate+1","floor":38},{"not_picked":["Go for the Eyes","Steam+1"],"picked":"Glacier+1","floor":39}],"player_experience":1782390,"relics_obtained":[{"floor":9,"key":"Shuriken"},{"floor":10,"key":"Bottled Flame"},{"floor":13,"key":"Pantograph"},{"floor":24,"key":"Bag of Preparation"},{"floor":26,"key":"Bottled Tornado"},{"floor":28,"key":"Cables"}],"event_choices":[{"damage_healed":0,"gold_gain":0,"player_choice":"Entered Light","damage_taken":21,"max_hp_gain":0,"max_hp_loss":0,"event_name":"Shining Light","floor":7,"gold_loss":0,"cards_upgraded":["Strike_B","Compile Driver"]},{"damage_healed":23,"gold_gain":0,"player_choice":"Banana","damage_taken":0,"max_hp_gain":0,"max_hp_loss":0,"event_name":"Big Fish","floor":11,"gold_loss":0},{"damage_healed":0,"gold_gain":0,"player_choice":"Rummage","damage_taken":0,"relics_obtained":["WarpedTongs"],"max_hp_gain":0,"max_hp_loss":0,"event_name":"Accursed Blacksmith","floor":12,"gold_loss":0,"cards_obtained":["Pain"]},{"damage_healed":0,"gold_gain":0,"player_choice":"Obtained Relic","damage_taken":0,"relics_obtained":["Toxic Egg 2"],"max_hp_gain":0,"max_hp_loss":0,"event_name":"Addict","floor":19,"gold_loss":85},{"damage_healed":0,"gold_gain":50,"player_choice":"Pray","damage_taken":0,"max_hp_gain":0,"max_hp_loss":0,"event_name":"Golden Shrine","floor":21,"gold_loss":0}],"is_beta":true,"boss_relics":[{"not_picked":["Calling Bell","Velvet Choker"],"picked":"Fusion Hammer"},{"not_picked":["Nuclear Battery","FrozenCore"],"picked":"Inserter"}],"items_purged_floors":[3,20,36],"is_endless":false,"potions_floor_spawned":[2,5,14,27,31,33,35,37],"killed_by":"Nemesis","ascension_level":19}