{"gold_per_floor":[113,124,143,218,229,229,241,241,241,241,259,277,277,277],"floor_reached":14,"playtime":617,"items_purged":[],"score":109,"play_id":"c2ec75f4-fbe5-446d-96a8-b25094ed2945","local_time":"20181029152558","is_ascension_mode":true,"campfire_choices":[{"data":"Loop","floor":6,"key":"SMITH"},{"data":"Defragment","floor":8,"key":"SMITH"},{"data":"Zap","floor":10,"key":"SMITH"}],"neow_cost":"NONE","seed_source_timestamp":601221579999600,"circlet_count":0,"master_deck":["Strike_B","Strike_B","Strike_B","Strike_B","Defend_B","Defend_B","Defend_B","Defend_B","Zap+1","Dualcast","Reinforced Body","Auto Shields","Defragment+1","Loop+1","Sweeping Beam","Capacitor","Barrage"],"relics":["Cracked Core","Blood Vial","The Courier"],"potions_floor_usage":[14,14,14,14,14,14],"damage_taken":[{"damage":1,"enemies":"Cultist","floor":1,"turns":3},{"damage":5,"enemies":"2 Louse","floor":2,"turns":2},{"damage":0,"enemies":"Jaw Worm","floor":3,"turns":4},{"damage":17,"enemies":"Exordium Thugs","floor":5,"turns":6},{"damage":8,"enemies":"Blue Slaver","floor":7,"turns":3},{"damage":2,"enemies":"Large Slime","floor":11,"turns":5},{"damage":23,"enemies":"Lots of Slimes","floor":12,"turns":4},{"damage":27,"enemies":"Exordium Wildlife","floor":14,"turns":3}],"seed_played":"2205071526501896997","potions_obtained":[{"floor":1,"key":"FearPotion"},{"floor":3,"key":"EssenceOfSteel"},{"floor":7,"key":"Strength Potion"},{"floor":12,"key":"Block Potion"},{"floor":13,"key":"Regen Potion"},{"floor":13,"key":"EntropicBrew"}],"is_trial":false,"path_per_floor":["M","M","M","?","M","R","M","R","T","R","M","M","?"],"character_chosen":"DEFECT","items_purchased":[],"campfire_rested":0,"item_purchase_floors":[],"current_hp_per_floor":[69,66,68,61,46,46,40,40,40,40,40,19,19,0],"gold":277,"neow_bonus":"RANDOM_COMMON_RELIC","is_prod":false,"is_daily":false,"chose_seed":false,"campfire_upgraded":3,"win_rate":0,"timestamp":1540841158,"path_taken":["M","M","M","?","?","R","M","R","T","R","M","M","?","M"],"build_version":"2018-10-25v2","purchased_purges":0,"victory":false,"max_hp_per_floor":[75,75,75,75,75,75,75,75,75,75,75,75,75,75],"card_choices":[{"not_picked":["Streamline","Darkness"],"picked":"Reinforced Body","floor":1},{"not_picked":["Scrape","Double Energy"],"picked":"Auto Shields","floor":2},{"not_picked":["White Noise","Sunder"],"picked":"Defragment","floor":3},{"not_picked":["Fusion","Hologram"],"picked":"Loop","floor":5},{"not_picked":["Rebound","All For One"],"picked":"Sweeping Beam","floor":7},{"not_picked":["Go for the Eyes","Redo"],"picked":"Capacitor","floor":11},{"not_picked":["Turbo","Gash"],"picked":"Barrage","floor":12}],"player_experience":1498193,"relics_obtained":[{"floor":9,"key":"The Courier"}],"event_choices":[{"damage_healed":0,"gold_gain":75,"player_choice":"Touch","damage_taken":7,"max_hp_gain":0,"max_hp_loss":0,"event_name":"FaceTrader","floor":4,"gold_loss":0},{"damage_healed":0,"gold_gain":0,"player_choice":"Got Potions","damage_taken":0,"max_hp_gain":0,"max_hp_loss":0,"event_name":"The Lab","floor":13,"gold_loss":0}],"is_beta":false,"boss_relics":[],"items_purged_floors":[],"is_endless":false,"potions_floor_spawned":[1,3,7,12],"killed_by":"Exordium Wildlife","ascension_level":6}