{"gold_per_floor":[110,110,125,50,125,159,173,206,231,262,278,302,302,323,323,323],"floor_reached":16,"playtime":513,"items_purged":["Strike_R"],"score":294,"play_id":"0c211868-3d66-4d02-bafb-2a5b8ffac7bc","local_time":"20190518102022","is_ascension_mode":true,"campfire_choices":[{"data":"Disarm","floor":15,"key":"SMITH"}],"neow_cost":"NONE","seed_source_timestamp":2318957953401451,"circlet_count":0,"master_deck":["AscendersBane","Strike_R","Strike_R","Strike_R","Strike_R","Defend_R","Defend_R","Defend_R","Defend_R","Bash","Disarm+1","Iron Wave","Shockwave","Barricade","Thunderclap","Intimidate","Combust"],"relics":["Burning Blood","NeowsBlessing","Golden Idol","Pen Nib","Orichalcum","PreservedInsect","Omamori"],"potions_floor_usage":[8,8,10,16],"damage_taken":[{"damage":0,"enemies":"2 Louse","floor":1,"turns":1},{"damage":0,"enemies":"Small Slimes","floor":3,"turns":1},{"damage":0,"enemies":"Gremlin Nob","floor":6,"turns":1},{"damage":2,"enemies":"Cultist","floor":7,"turns":4},{"damage":22,"enemies":"Lagavulin","floor":8,"turns":11},{"damage":36,"enemies":"Gremlin Nob","floor":10,"turns":5},{"damage":6,"enemies":"3 Louse","floor":11,"turns":3},{"damage":3,"enemies":"Looter","floor":12,"turns":3},{"damage":7,"enemies":"Blue Slaver","floor":14,"turns":5},{"damage":16,"enemies":"Hexaghost","floor":16,"turns":11}],"seed_played":"-2090236705378725075","potions_obtained":[{"floor":1,"key":"AttackPotion"},{"floor":6,"key":"SkillPotion"},{"floor":8,"key":"Fruit Juice"},{"floor":12,"key":"SpeedPotion"}],"is_trial":false,"path_per_floor":["M","?","M","$","?","E","M","E","T","E","M","M","?","M","R","B"],"character_chosen":"IRONCLAD","items_purchased":[],"campfire_rested":0,"item_purchase_floors":[],"current_hp_per_floor":[74,48,54,54,43,49,53,37,37,12,12,15,15,14,14,0],"gold":323,"neow_bonus":"THREE_ENEMY_KILL","is_prod":false,"is_daily":false,"chose_seed":false,"campfire_upgraded":1,"win_rate":0,"timestamp":1558167622,"path_taken":["M","?","M","$","?","E","M","E","T","E","M","M","?","M","R","BOSS"],"build_version":"2019-05-07","purchased_purges":1,"victory":false,"max_hp_per_floor":[75,75,75,75,75,75,75,75,75,80,80,80,80,80,80,80],"card_choices":[{"not_picked":["Heavy Blade","Clothesline"],"picked":"Disarm","floor":1},{"not_picked":["Thunderclap","Reckless Charge"],"picked":"Iron Wave","floor":3},{"not_picked":["Body Slam","Perfected Strike"],"picked":"Shockwave","floor":6},{"not_picked":["Entrench","Rampage"],"picked":"Barricade","floor":7},{"not_picked":["Sever Soul","Second Wind"],"picked":"Thunderclap","floor":8},{"not_picked":["Cleave","Dual Wield"],"picked":"Intimidate","floor":10},{"not_picked":["Pommel Strike","Burning Pact","Twin Strike"],"picked":"SKIP","floor":11},{"not_picked":["Heavy Blade","Sword Boomerang"],"picked":"Combust","floor":12},{"not_picked":["Body Slam","Twin Strike","Havoc"],"picked":"SKIP","floor":14}],"player_experience":2025111,"relics_obtained":[{"floor":6,"key":"Pen Nib"},{"floor":8,"key":"Orichalcum"},{"floor":9,"key":"PreservedInsect"},{"floor":10,"key":"Omamori"}],"event_choices":[{"damage_healed":0,"gold_gain":0,"player_choice":"Take Damage","damage_taken":26,"relics_obtained":["Golden Idol"],"max_hp_gain":0,"max_hp_loss":0,"event_name":"Golden Idol","floor":2,"gold_loss":0},{"damage_healed":0,"gold_gain":75,"player_choice":"Gather Gold","damage_taken":11,"max_hp_gain":0,"max_hp_loss":0,"event_name":"World of Goop","floor":5,"gold_loss":0},{"damage_healed":0,"gold_gain":0,"player_choice":"Searched \u00270\u0027 times","damage_taken":0,"max_hp_gain":0,"max_hp_loss":0,"event_name":"Dead Adventurer","floor":13,"gold_loss":0}],"is_beta":true,"boss_relics":[],"items_purged_floors":[4],"is_endless":false,"potions_floor_spawned":[1,6,8,12],"killed_by":"Hexaghost","ascension_level":20}