{"gold_per_floor":[361,536,552,564,268,303,303,327,327,337,337,63,91,55,55,151,151,171,183,9,27,27,27,38,38,38,38,51,51,68,28,28,129,129,144,144,154,154,254,254,268,295,377,377,387,402,420,420,420,420],"floor_reached":50,"playtime":20790,"items_purged":["Doubt"],"score":760,"play_id":"1c15a677-179f-43a2-ac2a-21c8a3d25fd3","local_time":"20190314231707","is_ascension_mode":true,"campfire_choices":[{"floor":7.0,"key":"REST"},{"data":"Darkness","floor":11.0,"key":"SMITH"},{"floor":15.0,"key":"REST"},{"floor":23.0,"key":"REST"},{"data":"Darkness","floor":25.0,"key":"SMITH"},{"data":"Doom and Gloom","floor":27.0,"key":"SMITH"},{"floor":32.0,"key":"REST"},{"floor":40.0,"key":"REST"},{"floor":44,"key":"REST"},{"floor":49,"key":"REST"}],"neow_cost":"CURSE","seed_source_timestamp":0,"circlet_count":0,"master_deck":["Strike_B","Strike_B","Strike_B","Strike_B","Defend_B","Defend_B","Defend_B","Defend_B","Zap","Dualcast","Parasite","Darkness+1","BootSequence","Darkness+1","Doom and Gloom+1","Leap","Loop","Loop+1","Coolheaded","Seek","Echo Form+1","FTL+1","Glacier","Glacier","Conserve Battery","Self Repair+1","Decay","Defragment+1","Biased Cognition+1","Steam+1","Buffer+1","Cold Snap+1","Chaos","Redo+1"],"special_seed":0,"relics":["Cracked Core","PreservedInsect","Dodecahedron","Odd Mushroom","Frozen Egg 2","Membership Card","Mercury Hourglass","Lizard Tail","Emotion Chip","Bottled Flame","White Beast Statue","Pen Nib","Incense Burner","Omamori","Letter Opener"],"potions_floor_usage":[42,50,50,50],"damage_taken":[{"damage":1.0,"enemies":"Cultist","floor":1.0,"turns":3.0},{"damage":18.0,"enemies":"Jaw Worm","floor":3.0,"turns":4.0},{"damage":3.0,"enemies":"Small Slimes","floor":4.0,"turns":4.0},{"damage":20.0,"enemies":"Gremlin Nob","floor":6.0,"turns":3.0},{"damage":0.0,"enemies":"The Mushroom Lair","floor":8.0,"turns":2.0},{"damage":6.0,"enemies":"Looter","floor":10.0,"turns":3.0},{"damage":31.0,"enemies":"3 Sentries","floor":13.0,"turns":6.0},{"damage":7.0,"enemies":"Hexaghost","floor":16.0,"turns":7.0},{"damage":20.0,"enemies":"2 Thieves","floor":18.0,"turns":4.0},{"damage":0.0,"enemies":"Chosen","floor":19.0,"turns":4.0},{"damage":15.0,"enemies":"Centurion and Healer","floor":21.0,"turns":8.0},{"damage":0.0,"enemies":"Snake Plant","floor":24.0,"turns":3.0},{"damage":25.0,"enemies":"Sentry and Sphere","floor":28.0,"turns":4.0},{"damage":20.0,"enemies":"3 Cultists","floor":30.0,"turns":6.0},{"damage":24.0,"enemies":"Champ","floor":33.0,"turns":8.0},{"damage":12.0,"enemies":"Orb Walker","floor":35.0,"turns":5.0},{"damage":52.0,"enemies":"3 Darklings","floor":37.0,"turns":5.0},{"damage":0.0,"enemies":"Mind Bloom Boss Battle","floor":39.0,"turns":7.0},{"damage":25.0,"enemies":"4 Shapes","floor":41.0,"turns":3.0},{"damage":25,"enemies":"Nemesis","floor":42,"turns":7},{"damage":12,"enemies":"Spire Growth","floor":45,"turns":9},{"damage":14,"enemies":"3 Darklings","floor":46,"turns":11},{"damage":23,"enemies":"Sphere and 2 Shapes","floor":47,"turns":10},{"damage":63,"enemies":"Awakened One","floor":50,"turns":11}],"seed_played":"2688300150415959163","potions_obtained":[{"floor":4.0,"key":"Fire Potion"},{"floor":10.0,"key":"Ancient Potion"},{"floor":13.0,"key":"Strength Potion"},{"floor":16.0,"key":"Poison Potion"},{"floor":18.0,"key":"Swift Potion"},{"floor":33.0,"key":"Dexterity Potion"},{"floor":37.0,"key":"Dexterity Potion"},{"floor":39.0,"key":"Dexterity Potion"},{"floor":41.0,"key":"Energy Potion"},{"floor":42,"key":"Poison Potion"},{"floor":45,"key":"EssenceOfSteel"},{"floor":46,"key":"Regen Potion"}],"is_trial":false,"path_per_floor":["M","?","M","M","$","E","R","?","T","M","R","$","E","?","R","B",null,"M","M","$","M","?","R","M","R","T","R","M","?","M","$","R","B",null,"M","?","M","?","?","R","M","E","T","R","M","M","M","?","R","B"],"character_chosen":"DEFECT","items_purchased":["PreservedInsect","Doom and Gloom","Membership Card","Loop+1","Coolheaded","Emotion Chip","Glacier","Defragment+1"],"campfire_rested":7,"item_purchase_floors":[5,5,12,12,12,20,20,31],"current_hp_per_floor":[67,67,49,46,46,26,48,48,48,42,42,42,11,11,33,26,63,43,43,43,28,28,50,50,50,50,50,25,25,15,15,37,13,60,48,48,37,37,47,69,44,19,19,41,39,35,22,22,44,0],"gold":420,"neow_bonus":"TWO_FIFTY_GOLD","is_prod":false,"is_daily":false,"chose_seed":false,"campfire_upgraded":3,"win_rate":0,"timestamp":1552619827,"path_taken":["M","?","M","M","$","E","R","?","T","M","R","$","E","?","R","BOSS","M","M","$","M","?","R","M","R","T","R","M","?","M","?","R","BOSS","M","?","?","?","?","R","M","E","T","R","M","M","M","?","R","BOSS"],"build_version":"2019-01-23","purchased_purges":1,"victory":false,"max_hp_per_floor":[75,75,75,75,75,75,75,75,75,75,75,75,75,75,75,75,75,75,75,75,75,75,75,75,75,75,75,75,75,75,75,75,75,75,75,75,75,75,75,75,75,75,75,75,75,75,75,75,75,75],"card_choices":[{"not_picked":["Beam Cell","Barrage"],"picked":"Darkness","floor":1.0},{"not_picked":["Ball Lightning","Streamline"],"picked":"BootSequence","floor":3.0},{"not_picked":["Coolheaded","Beam Cell"],"picked":"Darkness","floor":4.0},{"not_picked":["Rip and Tear","Hologram"],"picked":"Leap","floor":6.0},{"not_picked":["Redo","Conserve Battery"],"picked":"Loop","floor":8.0},{"not_picked":["Sweeping Beam","Ball Lightning","Stack"],"picked":"SKIP","floor":10.0},{"not_picked":["Hologram","Aggregate"],"picked":"Seek","floor":13.0},{"not_picked":["Thunder Strike","Electrodynamics+1"],"picked":"Echo Form+1","floor":16.0},{"not_picked":["Go for the Eyes","Beam Cell","Scrape"],"picked":"SKIP","floor":18.0},{"not_picked":["Steam Power","Rebound"],"picked":"FTL+1","floor":19.0},{"not_picked":["Go for the Eyes+1","All For One"],"picked":"Glacier","floor":21.0},{"not_picked":["Sweeping Beam+1","Barrage"],"picked":"Conserve Battery","floor":24.0},{"not_picked":["Undo","Coolheaded+1"],"picked":"Self Repair+1","floor":28.0},{"not_picked":["Consume","Heatsinks+1","Steam Power"],"picked":"SKIP","floor":30.0},{"not_picked":["Seek","Electrodynamics+1"],"picked":"Biased Cognition+1","floor":33.0},{"not_picked":["Stack+1","Compile Driver+1"],"picked":"Steam+1","floor":35.0},{"not_picked":["Compile Driver+1","Gash","Streamline"],"picked":"SKIP","floor":37.0},{"not_picked":["Rip and Tear+1","Go for the Eyes"],"picked":"Buffer+1","floor":39.0},{"not_picked":["Gash+1","Static Discharge+1","Conserve Battery"],"picked":"SKIP","floor":41.0},{"not_picked":["Storm+1","Fission","Core Surge"],"picked":"SKIP","floor":42},{"not_picked":["Streamline","Barrage"],"picked":"Cold Snap+1","floor":45},{"not_picked":["Streamline","Turbo"],"picked":"Chaos","floor":46},{"not_picked":["Streamline","Turbo+1"],"picked":"Redo+1","floor":47}],"player_experience":2422183,"relics_obtained":[{"floor":6.0,"key":"Dodecahedron"},{"floor":8.0,"key":"Odd Mushroom"},{"floor":9.0,"key":"Frozen Egg 2"},{"floor":13.0,"key":"Mercury Hourglass"},{"floor":26.0,"key":"Bottled Flame"},{"floor":39.0,"key":"Incense Burner"},{"floor":42,"key":"Omamori"},{"floor":43,"key":"Letter Opener"}],"event_choices":[{"damage_healed":0.0,"max_hp_gain":0.0,"max_hp_loss":0.0,"gold_gain":175.0,"event_name":"Liars Game","player_choice":"AGREE","floor":2.0,"gold_loss":0.0,"damage_taken":0.0,"cards_obtained":["Doubt"]},{"damage_healed":0.0,"max_hp_gain":0.0,"max_hp_loss":0.0,"gold_gain":0.0,"event_name":"Mushrooms","player_choice":"Fought Mushrooms","floor":8.0,"gold_loss":0.0,"damage_taken":0.0},{"damage_healed":0.0,"max_hp_gain":0.0,"max_hp_loss":0.0,"gold_gain":0.0,"event_name":"World of Goop","player_choice":"Left Gold","floor":14.0,"gold_loss":36.0,"damage_taken":0.0},{"damage_healed":0.0,"max_hp_gain":0.0,"max_hp_loss":0.0,"gold_gain":0.0,"event_name":"Beggar","player_choice":"Ignored","floor":22.0,"gold_loss":0.0,"damage_taken":0.0},{"damage_healed":0.0,"max_hp_gain":0.0,"max_hp_loss":0.0,"gold_gain":0.0,"event_name":"Forgotten Altar","player_choice":"Smashed Altar","floor":29.0,"gold_loss":0.0,"damage_taken":0.0,"cards_obtained":["Decay"]},{"damage_healed":0.0,"max_hp_gain":0.0,"max_hp_loss":0.0,"gold_gain":0.0,"event_name":"WeMeetAgain","player_choice":"Gave Potion","floor":36.0,"gold_loss":0.0,"damage_taken":0.0,"relics_obtained":["Pen Nib"]},{"damage_healed":0.0,"max_hp_gain":0.0,"max_hp_loss":0.0,"gold_gain":0.0,"event_name":"Mysterious Sphere","player_choice":"Ignored","floor":38.0,"gold_loss":0.0,"damage_taken":0.0},{"damage_healed":0.0,"max_hp_gain":0.0,"max_hp_loss":0.0,"gold_gain":0.0,"event_name":"MindBloom","player_choice":"Fight","floor":39.0,"gold_loss":0.0,"damage_taken":0.0},{"damage_healed":0,"gold_gain":0,"player_choice":"Ignored","damage_taken":0,"max_hp_gain":0,"max_hp_loss":0,"event_name":"SecretPortal","floor":48,"gold_loss":0}],"is_beta":false,"boss_relics":[{"not_picked":["Empty Cage","Ectoplasm"],"picked":"Lizard Tail"},{"not_picked":["Cursed Key","Coffee Dripper"],"picked":"White Beast Statue"}],"items_purged_floors":[5],"is_endless":false,"potions_floor_spawned":[4,10,13,16,18,24,28,33,35,37,39,41,42,45,46,47],"killed_by":"Awakened One","ascension_level":9}