{"gold_per_floor":[115,115,140,140,47,47,90,90,169,169,183,183,196,221,221,311,311,326,326,32,46,96,96,96],"floor_reached":24,"playtime":3446,"items_purged":[],"score":416,"play_id":"0f9599aa-4357-4b8d-91a6-ec1148c5ff01","local_time":"20190507152203","is_ascension_mode":true,"campfire_choices":[{"data":"Caltrops","floor":6,"key":"SMITH"},{"data":"Well Laid Plans","floor":8,"key":"SMITH"},{"data":"Sucker Punch","floor":10,"key":"SMITH"},{"data":"Dodge and Roll","floor":15,"key":"SMITH"},{"floor":23,"key":"REST"}],"neow_cost":"NONE","seed_source_timestamp":1383725201299922,"circlet_count":0,"master_deck":["AscendersBane","Defend_G","Defend_G","Defend_G","Defend_G","Defend_G","Strike_G","Strike_G","Strike_G","Strike_G","Survivor","Neutralize","Caltrops+1","Backstab","Well Laid Plans+1","Sucker Punch+1","PiercingWail","PiercingWail","Caltrops+1","Dodge and Roll+1","Adrenaline","Flying Knee","Writhe","Noxious Fumes+1","Leg Sweep","Escape Plan"],"relics":["Ring of the Snake","NeowsBlessing","Golden Idol","Letter Opener","Incense Burner","Frozen Egg 2","Black Star","Calipers","Snake Skull"],"potions_floor_usage":[18,24],"damage_taken":[{"damage":0,"enemies":"2 Louse","floor":1,"turns":1},{"damage":0,"enemies":"Jaw Worm","floor":3,"turns":1},{"damage":0,"enemies":"3 Sentries","floor":7,"turns":1},{"damage":1,"enemies":"Small Slimes","floor":11,"turns":4},{"damage":0,"enemies":"2 Fungi Beasts","floor":13,"turns":4},{"damage":11,"enemies":"3 Louse","floor":14,"turns":5},{"damage":32,"enemies":"Slime Boss","floor":16,"turns":15},{"damage":8,"enemies":"Spheric Guardian","floor":18,"turns":5},{"damage":19,"enemies":"2 Thieves","floor":21,"turns":3},{"damage":37,"enemies":"Gremlin Leader","floor":24,"turns":5}],"seed_played":"-3397644250946920546","potions_obtained":[{"floor":3,"key":"Swift Potion"},{"floor":7,"key":"Block Potion"},{"floor":18,"key":"Energy Potion"}],"is_trial":false,"path_per_floor":["M","?","M","?","$","R","E","R","T","R","M","?","M","M","R","B",null,"M","?","$","M","?","R","E"],"character_chosen":"THE_SILENT","items_purchased":["Well Laid Plans","Sucker Punch","Noxious Fumes+1","Leg Sweep","Snake Skull"],"campfire_rested":1,"item_purchase_floors":[5,5,20,20,20],"current_hp_per_floor":[59,59,59,54,54,54,54,54,54,54,53,46,46,35,35,3,46,38,38,38,19,19,37,0],"gold":96,"neow_bonus":"THREE_ENEMY_KILL","is_prod":false,"is_daily":false,"chose_seed":false,"campfire_upgraded":4,"win_rate":0,"timestamp":1557235323,"path_taken":["M","?","M","?","$","R","E","R","T","R","M","?","M","M","R","BOSS","M","?","$","M","?","R","E"],"build_version":"2019-04-23","purchased_purges":0,"victory":false,"max_hp_per_floor":[66,60,60,60,60,60,60,60,60,60,60,60,60,60,60,60,60,60,60,60,60,60,60,60],"card_choices":[{"not_picked":["Deadly Poison","Acrobatics"],"picked":"Caltrops","floor":1},{"not_picked":["Blade Dance","Terror"],"picked":"Backstab","floor":3},{"not_picked":["Poisoned Stab","Corpse Explosion"],"picked":"PiercingWail","floor":7},{"not_picked":["Expertise","Outmaneuver"],"picked":"PiercingWail","floor":11},{"not_picked":["Blade Dance","Masterful Stab"],"picked":"Caltrops+1","floor":13},{"not_picked":["Deflect","Cloak And Dagger"],"picked":"Dodge and Roll","floor":14},{"not_picked":["Die Die Die","Envenom+1"],"picked":"Adrenaline","floor":16},{"not_picked":["Dagger Throw","Catalyst"],"picked":"Flying Knee","floor":18},{"not_picked":["Dagger Spray","Finisher"],"picked":"Escape Plan","floor":21}],"player_experience":1560673,"relics_obtained":[{"floor":7,"key":"Incense Burner"},{"floor":9,"key":"Frozen Egg 2"}],"event_choices":[{"damage_healed":0,"gold_gain":0,"player_choice":"Lose Max HP","damage_taken":0,"relics_obtained":["Golden Idol"],"max_hp_gain":0,"max_hp_loss":6,"event_name":"Golden Idol","floor":2,"gold_loss":0},{"damage_healed":0,"gold_gain":0,"player_choice":"Success","damage_taken":5,"relics_obtained":["Letter Opener"],"max_hp_gain":0,"max_hp_loss":0,"event_name":"Scrap Ooze","floor":4,"gold_loss":0},{"cards_removed":["Strike_G"],"damage_healed":0,"gold_gain":0,"player_choice":"Card Removal","damage_taken":7,"max_hp_gain":0,"max_hp_loss":0,"event_name":"Golden Wing","floor":12,"gold_loss":0},{"damage_healed":0,"gold_gain":0,"player_choice":"Opened","damage_taken":0,"relics_obtained":["Calipers"],"max_hp_gain":0,"max_hp_loss":0,"event_name":"The Mausoleum","floor":19,"gold_loss":0,"cards_obtained":["Writhe"]},{"damage_healed":0,"gold_gain":50,"player_choice":"Stole From Cult","damage_taken":0,"max_hp_gain":0,"max_hp_loss":0,"event_name":"Nest","floor":22,"gold_loss":0}],"is_beta":true,"boss_relics":[{"not_picked":["Lizard Tail","Empty Cage"],"picked":"Black Star"}],"items_purged_floors":[],"is_endless":false,"potions_floor_spawned":[3,7,14,16,18],"killed_by":"Gremlin Leader","ascension_level":18}