{"gold_per_floor":[112,262,275,292,292,292,302,302,326,339,339,35,46,46,46,46],"floor_reached":16,"playtime":1222,"items_purged":[],"score":161,"play_id":"d468dc76-09d3-46d4-945d-1532b6399683","local_time":"20190121113422","is_ascension_mode":true,"campfire_choices":[{"data":"Feed","floor":6,"key":"SMITH"},{"data":"Bandage Up","floor":11,"key":"SMITH"},{"data":"Bash","floor":15,"key":"SMITH"}],"neow_cost":"PERCENT_DAMAGE","seed_source_timestamp":21634459559800,"circlet_count":0,"master_deck":["AscendersBane","Strike_R+1","Strike_R+1","Strike_R","Strike_R","Strike_R","Defend_R","Defend_R","Defend_R","Defend_R","Bash","Bandage Up+1","Impatience","Shrug It Off","Doubt","Shrug It Off","Feed+1","Cleave","Bash+1","Feel No Pain"],"relics":["Burning Blood","Whetstone","Thread and Needle"],"potions_floor_usage":[7,16,16],"damage_taken":[{"damage":10,"enemies":"2 Louse","floor":1,"turns":3},{"damage":7,"enemies":"Small Slimes","floor":3,"turns":5},{"damage":11,"enemies":"Cultist","floor":4,"turns":5},{"damage":20,"enemies":"Lots of Slimes","floor":7,"turns":4},{"damage":6,"enemies":"Looter","floor":10,"turns":3},{"damage":10,"enemies":"Exordium Thugs","floor":13,"turns":8},{"damage":77,"enemies":"Slime Boss","floor":16,"turns":10}],"seed_played":"-263432367983874377","potions_obtained":[{"floor":3,"key":"PowerPotion"},{"floor":4,"key":"SpeedPotion"},{"floor":7,"key":"Fire Potion"}],"is_trial":false,"path_per_floor":["M","?","M","M","?","R","M","?","T","M","R","$","M","$","R","B"],"character_chosen":"IRONCLAD","items_purchased":["Thread and Needle"],"campfire_rested":0,"item_purchase_floors":[12],"current_hp_per_floor":[50,50,53,52,52,52,46,46,46,50,50,50,56,56,56,0],"gold":46,"neow_bonus":"RANDOM_COLORLESS_2","is_prod":false,"is_daily":false,"chose_seed":false,"campfire_upgraded":3,"win_rate":0,"timestamp":1548088462,"path_taken":["M","?","M","M","?","R","M","?","T","?","R","?","M","$","R","BOSS"],"build_version":"2019-01-17v2","purchased_purges":0,"victory":false,"max_hp_per_floor":[75,75,75,75,75,75,79,79,79,79,79,79,83,83,83,83],"card_choices":[{"not_picked":["Combust","Burning Pact"],"picked":"Shrug It Off","floor":1},{"not_picked":["Heavy Blade","Sword Boomerang"],"picked":"Shrug It Off","floor":3},{"not_picked":["Uppercut","Clash"],"picked":"Feed","floor":4},{"not_picked":["Flex","Thunderclap"],"picked":"Cleave","floor":7},{"not_picked":["Twin Strike","Power Through","Disarm"],"picked":"SKIP","floor":10},{"not_picked":["Wild Strike","Shrug It Off"],"picked":"Feel No Pain","floor":13}],"player_experience":1817976,"relics_obtained":[{"floor":9,"key":"Whetstone"}],"event_choices":[{"damage_healed":0,"gold_gain":150,"player_choice":"AGREE","damage_taken":0,"max_hp_gain":0,"max_hp_loss":0,"event_name":"Liars Game","floor":2,"gold_loss":0,"cards_obtained":["Doubt"]},{"damage_healed":0,"gold_gain":0,"player_choice":"Ignored","damage_taken":0,"max_hp_gain":0,"max_hp_loss":0,"event_name":"Shining Light","floor":5,"gold_loss":0},{"damage_healed":0,"gold_gain":0,"player_choice":"1 cards matched","damage_taken":0,"max_hp_gain":0,"max_hp_loss":0,"event_name":"Match and Keep!","floor":8,"gold_loss":0,"cards_obtained":["Bash"]}],"is_beta":false,"boss_relics":[],"items_purged_floors":[],"is_endless":false,"potions_floor_spawned":[3,4,7],"killed_by":"Slime Boss","ascension_level":15}