{"gold_per_floor":[111,34,50,67,77,109,122,141,165,182,182,195,229,229,229,324,324,344,357,98,98,108,108,29,29,29,41,56,56,91,56,56,154,154,172,188,109,127,127],"floor_reached":39,"playtime":1556,"items_purged":["Defend_B"],"score":459,"play_id":"3ed90405-a216-4685-ba81-959363a18176","local_time":"20180822021819","is_ascension_mode":true,"campfire_choices":[{"floor":11,"key":"REST"},{"floor":15,"key":"REST"},{"floor":23,"key":"REST"},{"floor":29,"key":"REST"},{"floor":32,"key":"REST"}],"neow_cost":"NONE","seed_source_timestamp":5254482979769,"circlet_count":0,"master_deck":["Strike_B","Defend_B+1","Defend_B","Defend_B+1","Zap","Dualcast","Auto Shields+1","Electrodynamics+1","Lockon+1","Static Discharge","Defragment+1","Melter","Consume","Ball Lightning","White Noise","Conserve Battery","Steam","Thunder Strike","Storm+1","Apotheosis","Writhe","Stack+1","Meteor Strike","Self Repair","Redo+1","Glacier","Machine Learning","Leap+1","Capacitor","Reinforced Body"],"relics":["Astrolabe","DataDisk","War Paint","Boot","Nuclear Battery","Bag of Marbles","Omamori","Ornamental Fan","Strawberry","Sozu"],"potions_floor_usage":[16,33,33],"damage_taken":[{"damage":12,"enemies":"Small Slimes","floor":1,"turns":3},{"damage":0,"enemies":"Jaw Worm","floor":3,"turns":3},{"damage":0,"enemies":"2 Louse","floor":4,"turns":3},{"damage":0,"enemies":"Large Slime","floor":5,"turns":4},{"damage":21,"enemies":"Gremlin Nob","floor":6,"turns":4},{"damage":0,"enemies":"3 Louse","floor":7,"turns":1},{"damage":5,"enemies":"Gremlin Gang","floor":8,"turns":2},{"damage":0,"enemies":"Exordium Wildlife","floor":10,"turns":2},{"damage":11,"enemies":"Looter","floor":12,"turns":2},{"damage":13,"enemies":"3 Sentries","floor":13,"turns":2},{"damage":15,"enemies":"Hexaghost","floor":16,"turns":8},{"damage":0,"enemies":"Spheric Guardian","floor":18,"turns":1},{"damage":12,"enemies":"Shell Parasite","floor":19,"turns":4},{"damage":25,"enemies":"Shelled Parasite and Fungi","floor":22,"turns":4},{"damage":20,"enemies":"Snake Plant","floor":27,"turns":4},{"damage":16,"enemies":"Centurion and Healer","floor":28,"turns":4},{"damage":26,"enemies":"Book of Stabbing","floor":30,"turns":4},{"damage":48,"enemies":"Champ","floor":33,"turns":11},{"damage":24,"enemies":"Orb Walker","floor":35,"turns":4},{"damage":23,"enemies":"3 Darklings","floor":36,"turns":3},{"damage":31,"enemies":"4 Shapes","floor":38,"turns":2},{"damage":32,"enemies":"Spire Growth","floor":39,"turns":3}],"seed_played":"-7157635253435407966","potions_obtained":[{"floor":4,"key":"SpeedPotion"},{"floor":5,"key":"FairyPotion"},{"floor":6,"key":"Strength Potion"},{"floor":8,"key":"PowerPotion"},{"floor":16,"key":"Ancient Potion"},{"floor":33,"key":"LiquidBronze"}],"is_trial":false,"path_per_floor":["M","$","M","M","M","E","M","M","T","M","R","M","E","?","R","B",null,"M","M","$","?","M","R","?","?","T","M","M","R","E","$","R","B",null,"M","M","$","M"],"character_chosen":"DEFECT","items_purchased":["Static Discharge","Apotheosis","Glacier","Reinforced Body"],"campfire_rested":5,"item_purchase_floors":[2,20,31,37],"current_hp_per_floor":[63,63,63,63,63,42,42,37,37,37,59,48,35,35,57,42,75,75,63,63,63,38,60,60,60,60,40,24,46,34,34,58,10,82,65,42,42,11,0],"gold":127,"neow_bonus":"BOSS_RELIC","is_prod":false,"is_daily":false,"chose_seed":false,"campfire_upgraded":0,"win_rate":0,"timestamp":1534918699,"path_taken":["M","$","M","M","M","E","M","M","T","M","R","M","E","?","R","BOSS","M","M","$","?","M","R","?","?","T","M","M","R","E","?","R","BOSS","M","M","$","M","M"],"build_version":"2018-08-16","purchased_purges":1,"victory":false,"max_hp_per_floor":[75,75,75,75,75,75,75,75,75,75,75,75,75,75,75,75,75,75,75,75,75,75,75,75,75,75,75,75,75,82,82,82,82,82,82,82,82,82,82],"card_choices":[{"not_picked":["Gash","Compile Driver","Rip and Tear"],"picked":"SKIP","floor":1},{"not_picked":["Compile Driver","Cold Snap"],"picked":"Defragment","floor":3},{"not_picked":["Coolheaded","Ball Lightning"],"picked":"Melter","floor":4},{"not_picked":["Coolheaded","Sweeping Beam"],"picked":"Consume","floor":5},{"not_picked":["Stack","Core Surge","Barrage"],"picked":"SKIP","floor":6},{"not_picked":["Cold Snap","Hologram","Sunder"],"picked":"SKIP","floor":7},{"not_picked":["Double Energy","Turbo"],"picked":"Ball Lightning","floor":8},{"not_picked":["Streamline","Recycle"],"picked":"White Noise","floor":10},{"not_picked":["Beam Cell","Leap"],"picked":"Conserve Battery","floor":12},{"not_picked":["Leap","Sweeping Beam"],"picked":"Steam","floor":13},{"not_picked":["Meteor Strike","Seek"],"picked":"Thunder Strike","floor":16},{"not_picked":["Compile Driver","Sunder"],"picked":"Storm+1","floor":18},{"not_picked":["Steam Power","Genetic Algorithm","Streamline"],"picked":"SKIP","floor":19},{"not_picked":["White Noise","Gash+1"],"picked":"Stack+1","floor":22},{"not_picked":["Rip and Tear","Heatsinks","Beam Cell"],"picked":"SKIP","floor":27},{"not_picked":["Leap","Sunder"],"picked":"Self Repair","floor":28},{"not_picked":["Sunder+1","Reprogram"],"picked":"Redo+1","floor":30},{"not_picked":["Multi-Cast","Core Surge"],"picked":"Machine Learning","floor":33},{"not_picked":["Melter+1","Blizzard+1"],"picked":"Leap+1","floor":35},{"not_picked":["Undo+1","Double Energy"],"picked":"Capacitor","floor":36},{"not_picked":["Hologram+1","Coolheaded+1","Redo"],"picked":"SKIP","floor":38}],"player_experience":661101,"relics_obtained":[{"floor":6,"key":"DataDisk"},{"floor":9,"key":"War Paint"},{"floor":13,"key":"Boot"},{"floor":26,"key":"Ornamental Fan"},{"floor":30,"key":"Strawberry"}],"event_choices":[{"event_name":"Living Wall","player_choice":"Grow","floor":14,"damage_taken":0},{"event_name":"The Mausoleum","player_choice":"Yes","floor":21,"damage_taken":0},{"event_name":"WeMeetAgain","player_choice":"Gold","floor":24,"damage_taken":0},{"event_name":"The Library","player_choice":"Read","floor":25,"damage_taken":0}],"is_beta":false,"boss_relics":[{"not_picked":["Eternal Feather","Lizard Tail"],"picked":"Nuclear Battery"},{"not_picked":["Fusion Hammer","Velvet Choker"],"picked":"Sozu"}],"items_purged_floors":[20],"is_endless":false,"potions_floor_spawned":[4,5,6,8,16,18,22,33],"killed_by":"Spire Growth","ascension_level":2}