{"gold_per_floor":[118,118,171,191,211,241,241,271,295,326,48,48,13,37,37,132,132,146,165,165,183,200,200,228,228,228,239,239,251,261,261,261,366,366,376,376],"floor_reached":36,"playtime":1800,"items_purged":[],"score":623,"play_id":"ec278e85-4613-453e-bbd1-fc8240b28093","local_time":"20190428211823","is_ascension_mode":true,"campfire_choices":[{"floor":7,"key":"REST"},{"floor":12,"key":"REST"},{"data":"Reinforced Body","floor":15,"key":"SMITH"},{"floor":23,"key":"REST"},{"data":"Fission","floor":25,"key":"SMITH"},{"floor":32,"key":"REST"}],"neow_cost":"NONE","seed_source_timestamp":629151858789231,"circlet_count":0,"master_deck":["AscendersBane","Strike_B","Strike_B+1","Strike_B","Strike_B","Defend_B","Defend_B","Defend_B","Defend_B","Zap","Dualcast","Meteor Strike","Sweeping Beam","Reinforced Body+1","Coolheaded","White Noise","Ball Lightning+1","Hologram","Fission+1","Darkness","Undo","Glacier+1","Double Energy","FTL+1","Capacitor","Barrage+1","BootSequence+1"],"relics":["Cracked Core","Ancient Tea Set","Regal Pillow","Ice Cream","Strawberry","Mercury Hourglass","Chemical X","PreservedInsect","Sozu","Whetstone","Question Card","Fusion Hammer"],"potions_floor_usage":[10,22],"damage_taken":[{"damage":1,"enemies":"Small Slimes","floor":1,"turns":3},{"damage":3,"enemies":"2 Louse","floor":4,"turns":2},{"damage":6,"enemies":"Cultist","floor":5,"turns":4},{"damage":32,"enemies":"3 Sentries","floor":6,"turns":9},{"damage":18,"enemies":"Lagavulin","floor":8,"turns":6},{"damage":33,"enemies":"3 Sentries","floor":10,"turns":6},{"damage":65,"enemies":"Hexaghost","floor":16,"turns":10},{"damage":0,"enemies":"Chosen","floor":18,"turns":6},{"damage":6,"enemies":"3 Byrds","floor":19,"turns":4},{"damage":15,"enemies":"Snecko","floor":21,"turns":4},{"damage":0,"enemies":"Snake Plant","floor":22,"turns":4},{"damage":4,"enemies":"Gremlin Leader","floor":24,"turns":8},{"damage":9,"enemies":"Cultist and Chosen","floor":27,"turns":6},{"damage":10,"enemies":"Shelled Parasite and Fungi","floor":29,"turns":5},{"damage":0,"enemies":"3 Cultists","floor":30,"turns":4},{"damage":31,"enemies":"Automaton","floor":33,"turns":10},{"damage":22,"enemies":"Orb Walker","floor":35,"turns":4},{"damage":70,"enemies":"2 Orb Walkers","floor":36,"turns":5}],"seed_played":"-7952274239898028693","potions_obtained":[{"floor":6,"key":"Energy Potion"},{"floor":8,"key":"SkillPotion"}],"is_trial":false,"path_per_floor":["M","?","?","M","M","E","R","E","T","E","$","R","?","T","R","B",null,"M","M","?","M","M","R","E","R","T","M","?","M","M","?","R","B",null,"M","?"],"character_chosen":"DEFECT","items_purchased":["Chemical X","Ball Lightning","Hologram"],"campfire_rested":4,"item_purchase_floors":[11,11,11],"current_hp_per_floor":[67,55,55,52,46,14,51,33,40,7,7,46,66,66,66,1,62,62,56,40,25,25,66,62,62,62,53,53,43,43,43,84,53,79,57,0],"gold":376,"neow_bonus":"ONE_RANDOM_RARE_CARD","is_prod":false,"is_daily":false,"chose_seed":false,"campfire_upgraded":2,"win_rate":0,"timestamp":1556479103,"path_taken":["M","?","?","M","M","E","R","E","T","E","$","R","?","?","R","BOSS","M","M","?","M","M","R","E","R","T","M","?","M","M","?","R","BOSS","M","?"],"build_version":"2019-04-23","purchased_purges":0,"victory":false,"max_hp_per_floor":[75,75,75,75,75,75,75,75,82,82,82,82,82,82,82,82,82,82,82,87,87,87,87,87,87,87,87,87,87,87,87,87,87,87,87,87],"card_choices":[{"not_picked":["Hologram","Steam"],"picked":"Sweeping Beam","floor":1},{"not_picked":["Blizzard","Barrage"],"picked":"Reinforced Body","floor":4},{"not_picked":["Beam Cell","BootSequence"],"picked":"Coolheaded","floor":5},{"not_picked":["Steam Power","Turbo","Hello World"],"picked":"SKIP","floor":6},{"not_picked":["Skim","Fission"],"picked":"White Noise","floor":8},{"not_picked":["Double Energy","Hello World","Turbo"],"picked":"SKIP","floor":10},{"not_picked":["Meteor Strike","Amplify"],"picked":"Fission","floor":16},{"not_picked":["Lockon","Darkness","Fusion+1"],"picked":"SKIP","floor":18},{"not_picked":["Lockon","Fusion+1"],"picked":"Darkness","floor":18},{"not_picked":["Beam Cell","Auto Shields"],"picked":"Undo","floor":19},{"not_picked":["Ball Lightning","Sweeping Beam","Stack"],"picked":"SKIP","floor":21},{"not_picked":["Rebound","Leap"],"picked":"Glacier+1","floor":22},{"not_picked":["Beam Cell","Streamline"],"picked":"Double Energy","floor":24},{"not_picked":["Fission","Steam","Scrape"],"picked":"FTL+1","floor":27},{"not_picked":["Sweeping Beam","Melter","Glacier+1"],"picked":"Barrage+1","floor":29},{"not_picked":["Sweeping Beam+1","Leap","Hello World+1","Cold Snap"],"picked":"SKIP","floor":30},{"not_picked":["Barrage+1","Blizzard","Beam Cell"],"picked":"BootSequence+1","floor":35}],"player_experience":1299774,"relics_obtained":[{"floor":6,"key":"Regal Pillow"},{"floor":8,"key":"Ice Cream"},{"floor":9,"key":"Strawberry"},{"floor":10,"key":"Mercury Hourglass"},{"floor":14,"key":"PreservedInsect"},{"floor":24,"key":"Whetstone"},{"floor":26,"key":"Question Card"}],"event_choices":[{"damage_healed":0,"gold_gain":0,"player_choice":"Success","damage_taken":12,"relics_obtained":["Ancient Tea Set"],"max_hp_gain":0,"max_hp_loss":0,"event_name":"Scrap Ooze","floor":2,"gold_loss":0},{"damage_healed":0,"gold_gain":53,"player_choice":"Gained Gold","damage_taken":0,"max_hp_gain":0,"max_hp_loss":0,"event_name":"Golden Wing","floor":3,"gold_loss":0},{"damage_healed":20,"gold_gain":0,"player_choice":"Healed","damage_taken":0,"max_hp_gain":0,"max_hp_loss":0,"event_name":"The Cleric","floor":13,"gold_loss":35},{"damage_healed":0,"gold_gain":0,"player_choice":"Shed Blood","damage_taken":21,"max_hp_gain":5,"max_hp_loss":0,"event_name":"Forgotten Altar","floor":20,"gold_loss":0},{"damage_healed":0,"gold_gain":0,"player_choice":"Read","damage_taken":0,"max_hp_gain":0,"max_hp_loss":0,"event_name":"The Library","floor":28,"gold_loss":0,"cards_obtained":["Capacitor"]},{"damage_healed":0,"gold_gain":0,"player_choice":"Ignored","damage_taken":0,"max_hp_gain":0,"max_hp_loss":0,"event_name":"Ghosts","floor":31,"gold_loss":0},{"damage_healed":0,"gold_gain":0,"player_choice":"Fight","damage_taken":0,"max_hp_gain":0,"max_hp_loss":0,"event_name":"Mysterious Sphere","floor":36,"gold_loss":0}],"is_beta":true,"boss_relics":[{"not_picked":["Coffee Dripper","Lizard Tail"],"picked":"Sozu"},{"not_picked":["Astrolabe","Cursed Key"],"picked":"Fusion Hammer"}],"items_purged_floors":[],"is_endless":false,"potions_floor_spawned":[6,8,18,22,29,30,33],"killed_by":"2 Orb Walkers","ascension_level":11}