{"gold_per_floor":[118,118,131,146,296,296,329,349,349,349,362,387,387,405,405,479,479,490,490,525,108,123,152,152,178,204,204,119,139,156,156,156,156],"floor_reached":33,"playtime":1595,"items_purged":["Doubt"],"score":516,"play_id":"d2f0fc4b-1058-49b2-9135-1a2216af8307","local_time":"20190501114842","is_ascension_mode":true,"campfire_choices":[{"data":"Bash","floor":6,"key":"SMITH"},{"data":"Shockwave","floor":10,"key":"SMITH"},{"data":"Pommel Strike","floor":15,"key":"SMITH"},{"data":"Flame Barrier","floor":24,"key":"SMITH"},{"data":"1","floor":27,"key":"LIFT"},{"data":"2","floor":32,"key":"LIFT"}],"neow_cost":"NONE","seed_source_timestamp":854376786026383,"circlet_count":0,"master_deck":["AscendersBane","Strike_R","Strike_R","Strike_R","Strike_R","Strike_R+1","Defend_R","Defend_R","Defend_R","Defend_R+1","Bash+1","Spot Weakness","Cleave","Pommel Strike+1","Shockwave+1","Anger","Demon Form","Pummel","Immolate","Headbutt","RitualDagger","Bloodletting","Sword Boomerang","Clothesline+1","Flame Barrier+1","Iron Wave","Battle Trance"],"relics":["Black Blood","Anchor","Thread and Needle","Gremlin Horn","Darkstone Periapt","Red Mask","Bag of Preparation","Regal Pillow","Ginger","Girya","Pen Nib","Bag of Marbles","Gambling Chip"],"potions_floor_usage":[7,7,20,20,23,25,33],"damage_taken":[{"damage":2,"enemies":"Small Slimes","floor":1,"turns":4},{"damage":1,"enemies":"Cultist","floor":3,"turns":4},{"damage":8,"enemies":"Jaw Worm","floor":4,"turns":4},{"damage":28,"enemies":"Gremlin Nob","floor":7,"turns":4},{"damage":0,"enemies":"2 Fungi Beasts","floor":8,"turns":3},{"damage":0,"enemies":"Large Slime","floor":11,"turns":6},{"damage":8,"enemies":"Lagavulin","floor":12,"turns":7},{"damage":0,"enemies":"Looter","floor":14,"turns":2},{"damage":23,"enemies":"Slime Boss","floor":16,"turns":11},{"damage":18,"enemies":"Spheric Guardian","floor":18,"turns":4},{"damage":8,"enemies":"Masked Bandits","floor":20,"turns":3},{"damage":5,"enemies":"2 Thieves","floor":22,"turns":3},{"damage":17,"enemies":"Book of Stabbing","floor":23,"turns":3},{"damage":9,"enemies":"Gremlin Leader","floor":25,"turns":5},{"damage":8,"enemies":"Centurion and Healer","floor":29,"turns":4},{"damage":0,"enemies":"Snecko","floor":30,"turns":2},{"damage":65,"enemies":"Collector","floor":33,"turns":7}],"seed_played":"9068777521689128469","potions_obtained":[{"floor":1,"key":"Ancient Potion"},{"floor":2,"key":"Swift Potion"},{"floor":7,"key":"Strength Potion"},{"floor":16,"key":"Explosive Potion"},{"floor":22,"key":"Energy Potion"},{"floor":23,"key":"Block Potion"},{"floor":25,"key":"Swift Potion"}],"is_trial":false,"path_per_floor":["M","?","M","M","?","R","E","M","T","R","M","E","?","M","R","B",null,"M","?","?","$","M","E","R","E","T","R","?","M","M","T","R","B"],"character_chosen":"IRONCLAD","items_purchased":["Bag of Preparation","Regal Pillow","Sword Boomerang"],"campfire_rested":0,"item_purchase_floors":[21,21,21],"current_hp_per_floor":[72,72,75,73,73,73,51,57,57,57,63,61,38,44,44,27,63,55,49,51,51,56,49,49,50,50,50,50,52,62,62,62,0],"gold":156,"neow_bonus":"RANDOM_COMMON_RELIC","is_prod":false,"is_daily":false,"chose_seed":false,"campfire_upgraded":4,"win_rate":0,"timestamp":1556704122,"path_taken":["M","?","?","M","?","R","E","M","T","R","M","E","?","M","R","BOSS","M","?","?","$","M","E","R","E","T","R","?","M","M","?","R","BOSS"],"build_version":"2019-04-23","purchased_purges":1,"victory":false,"max_hp_per_floor":[75,75,75,75,75,75,75,75,75,75,75,75,75,75,75,75,75,75,75,75,75,75,75,75,75,75,75,75,75,75,75,75,75],"card_choices":[{"not_picked":["Burning Pact","Sword Boomerang"],"picked":"Spot Weakness","floor":1},{"not_picked":["Burning Pact","Headbutt"],"picked":"Cleave","floor":3},{"not_picked":["Cleave","Bloodletting"],"picked":"Pommel Strike","floor":4},{"not_picked":["Cleave","Perfected Strike"],"picked":"Shockwave","floor":7},{"not_picked":["Sword Boomerang","Headbutt"],"picked":"Anger","floor":8},{"not_picked":["Thunderclap","Pommel Strike"],"picked":"Demon Form","floor":11},{"not_picked":["Wild Strike","Inflame","Intimidate"],"picked":"SKIP","floor":12},{"not_picked":["Clothesline","Clash"],"picked":"Pummel","floor":14},{"not_picked":["Demon Form","Bludgeon"],"picked":"Immolate","floor":16},{"not_picked":["Sword Boomerang","Feel No Pain+1"],"picked":"Headbutt","floor":18},{"not_picked":["Inflame","Dropkick+1"],"picked":"Bloodletting","floor":20},{"not_picked":["Body Slam","Rupture"],"picked":"Clothesline+1","floor":22},{"not_picked":["Reckless Charge","Fire Breathing"],"picked":"Flame Barrier","floor":23},{"not_picked":["True Grit","Armaments"],"picked":"Iron Wave","floor":25},{"not_picked":["Burning Pact","Rupture"],"picked":"Battle Trance","floor":29},{"not_picked":["Heavy Blade","Burning Pact","Combust"],"picked":"SKIP","floor":30}],"player_experience":1383841,"relics_obtained":[{"floor":7,"key":"Thread and Needle"},{"floor":9,"key":"Gremlin Horn"},{"floor":12,"key":"Darkstone Periapt"},{"floor":20,"key":"Red Mask"},{"floor":23,"key":"Ginger"},{"floor":25,"key":"Girya"},{"floor":26,"key":"Pen Nib"},{"floor":31,"key":"Gambling Chip"}],"event_choices":[{"damage_healed":0,"gold_gain":0,"player_choice":"Got Potions","damage_taken":0,"max_hp_gain":0,"max_hp_loss":0,"event_name":"Lab","floor":2,"gold_loss":0},{"damage_healed":0,"gold_gain":150,"player_choice":"AGREE","damage_taken":0,"max_hp_gain":0,"max_hp_loss":0,"event_name":"Liars Game","floor":5,"gold_loss":0,"cards_obtained":["Doubt"]},{"damage_healed":0,"gold_gain":0,"player_choice":"Entered Light","damage_taken":23,"max_hp_gain":0,"max_hp_loss":0,"event_name":"Shining Light","floor":13,"gold_loss":0,"cards_upgraded":["Strike_R","Defend_R"]},{"damage_healed":0,"gold_gain":0,"player_choice":"Joined the Cult","damage_taken":6,"max_hp_gain":0,"max_hp_loss":0,"event_name":"Nest","floor":19,"gold_loss":0,"cards_obtained":["RitualDagger"]},{"damage_healed":0,"gold_gain":0,"player_choice":"Fought Bandits","damage_taken":0,"max_hp_gain":0,"max_hp_loss":0,"event_name":"Masked Bandits","floor":20,"gold_loss":0},{"damage_healed":0,"gold_gain":0,"player_choice":"Obtained Relic","damage_taken":0,"relics_obtained":["Bag of Marbles"],"max_hp_gain":0,"max_hp_loss":0,"event_name":"Addict","floor":28,"gold_loss":85}],"is_beta":true,"boss_relics":[{"not_picked":["Sozu","Lizard Tail"],"picked":"Black Blood"}],"items_purged_floors":[21],"is_endless":false,"potions_floor_spawned":[1,7,16,22,23,25],"killed_by":"Collector","ascension_level":15}