{"gold_per_floor":[118,118,133,208,22,52,64,81,153,179,198,198,212,242,242,339,339,354,354,279,86,96,96,122,197,197,197,213,39,58,84,84,84],"floor_reached":33,"playtime":2368,"items_purged":["Strike_B"],"score":380,"play_id":"63f2e10e-2eb4-4d3f-b0a4-7ed0f7cf3c0b","local_time":"20190401165718","is_ascension_mode":false,"campfire_choices":[{"floor":12,"key":"REST"},{"floor":15,"key":"REST"},{"data":"Zap","floor":23,"key":"SMITH"},{"floor":27,"key":"REST"},{"data":"Capacitor","floor":32,"key":"SMITH"}],"neow_cost":"NONE","seed_source_timestamp":706257661544989,"circlet_count":0,"master_deck":["Strike_B","Defend_B","Defend_B","Defend_B","Defend_B","Zap+1","Dualcast","Genetic Algorithm","Static Discharge","Capacitor+1","Streamline","Hologram","Sweeping Beam+1","Barrage+1","Cold Snap+1","Multi-Cast+1","Consume+1","Steam+1","Chill","Cold Snap+1","Beam Cell+1"],"relics":["Cracked Core","Happy Flower","FossilizedHelix","Molten Egg 2","Art of War","Dead Branch","Sozu","MutagenicStrength","Blood Vial","The Courier","Meat on the Bone","Bag of Preparation","War Paint","Strawberry"],"potions_floor_usage":[11,14,16],"damage_taken":[{"damage":6,"enemies":"2 Louse","floor":1,"turns":2},{"damage":0,"enemies":"Small Slimes","floor":3,"turns":3},{"damage":31,"enemies":"3 Sentries","floor":6,"turns":7},{"damage":0,"enemies":"Jaw Worm","floor":7,"turns":4},{"damage":5,"enemies":"Large Slime","floor":8,"turns":6},{"damage":15,"enemies":"Gremlin Nob","floor":10,"turns":4},{"damage":0,"enemies":"Blue Slaver","floor":11,"turns":4},{"damage":5,"enemies":"Gremlin Gang","floor":13,"turns":4},{"damage":13,"enemies":"Lagavulin","floor":14,"turns":5},{"damage":0,"enemies":"Slime Boss","floor":16,"turns":6},{"damage":10,"enemies":"2 Thieves","floor":18,"turns":4},{"damage":8,"enemies":"3 Byrds","floor":22,"turns":4},{"damage":36,"enemies":"Slavers","floor":24,"turns":5},{"damage":0,"enemies":"3 Cultists","floor":28,"turns":5},{"damage":13,"enemies":"Snake Plant","floor":30,"turns":4},{"damage":0,"enemies":"Gremlin Leader","floor":31,"turns":8},{"damage":69,"enemies":"Champ","floor":33,"turns":14}],"seed_played":"1273469855319593466","potions_obtained":[{"floor":1,"key":"FearPotion"},{"floor":6,"key":"FearPotion"},{"floor":7,"key":"Strength Potion"},{"floor":10,"key":"Block Potion"},{"floor":11,"key":"Energy Potion"}],"is_trial":false,"path_per_floor":["M","?","M","?","$","E","M","M","T","E","M","R","M","E","R","B",null,"M","?","?","$","M","R","E","T","T","R","M","$","M","E","R","B"],"character_chosen":"DEFECT","items_purchased":["Capacitor","Happy Flower","Steam","Blood Vial","War Paint"],"campfire_rested":3,"item_purchase_floors":[5,5,21,21,29],"current_hp_per_floor":[76,76,76,65,65,34,34,29,29,14,14,38,33,20,44,44,82,72,72,72,72,66,66,32,32,32,56,58,58,47,56,56,0],"gold":84,"neow_bonus":"TEN_PERCENT_HP_BONUS","is_prod":false,"is_daily":false,"chose_seed":false,"campfire_upgraded":2,"win_rate":0.0,"timestamp":1554130638,"path_taken":["M","?","M","?","$","E","M","M","T","E","M","R","M","E","R","BOSS","M","?","?","$","M","R","E","?","T","R","M","?","?","E","R","BOSS"],"build_version":"2019-03-15","purchased_purges":1,"victory":false,"max_hp_per_floor":[82,82,82,82,82,82,82,82,82,82,82,82,82,82,82,82,82,82,82,82,82,82,82,82,82,82,82,82,82,82,89,89,89],"card_choices":[{"not_picked":["Heatsinks","Compile Driver","Stack"],"picked":"SKIP","floor":1},{"not_picked":["Heatsinks","Genetic Algorithm"],"picked":"Static Discharge","floor":3},{"not_picked":["Rainbow","Skim"],"picked":"Streamline","floor":6},{"not_picked":["Gash","Compile Driver"],"picked":"Hologram","floor":7},{"not_picked":["Compile Driver","Leap","Gash"],"picked":"SKIP","floor":8},{"not_picked":["Genetic Algorithm","Conserve Battery"],"picked":"Sweeping Beam+1","floor":10},{"not_picked":["Hologram","Aggregate"],"picked":"Barrage+1","floor":11},{"not_picked":["Gash+1","Aggregate","Leap"],"picked":"SKIP","floor":13},{"not_picked":["Thunder Strike+1","Capacitor"],"picked":"Cold Snap+1","floor":14},{"not_picked":["Creative AI","Rainbow"],"picked":"Multi-Cast","floor":16},{"not_picked":["Barrage+1","Hologram+1"],"picked":"Consume+1","floor":18},{"not_picked":["Conserve Battery","Compile Driver+1","Stack"],"picked":"SKIP","floor":22},{"not_picked":["Streamline+1","Steam Power"],"picked":"Chill","floor":24},{"not_picked":["Barrage+1","Steam"],"picked":"Cold Snap+1","floor":28},{"not_picked":["Glacier","Tempest"],"picked":"Beam Cell+1","floor":30},{"not_picked":["Chill","Consume","Beam Cell+1"],"picked":"SKIP","floor":31}],"player_experience":1107644,"relics_obtained":[{"floor":6,"key":"FossilizedHelix"},{"floor":9,"key":"Molten Egg 2"},{"floor":10,"key":"Art of War"},{"floor":14,"key":"Dead Branch"},{"floor":24,"key":"The Courier"},{"floor":25,"key":"Meat on the Bone"},{"floor":26,"key":"Bag of Preparation"},{"floor":31,"key":"Strawberry"}],"event_choices":[{"damage_healed":0,"gold_gain":0,"cards_transformed":["Strike_B"],"player_choice":"Change","damage_taken":0,"max_hp_gain":0,"max_hp_loss":0,"event_name":"Living Wall","floor":2,"gold_loss":0,"cards_obtained":["Genetic Algorithm"]},{"damage_healed":0,"gold_gain":75,"player_choice":"Gather Gold","damage_taken":11,"max_hp_gain":0,"max_hp_loss":0,"event_name":"World of Goop","floor":4,"gold_loss":0},{"damage_healed":0,"gold_gain":0,"player_choice":"Inject Mutagens","damage_taken":0,"relics_obtained":["MutagenicStrength"],"max_hp_gain":0,"max_hp_loss":0,"event_name":"Drug Dealer","floor":19,"gold_loss":0},{"cards_removed":["Strike_B"],"damage_healed":0,"gold_gain":0,"player_choice":"Gave Gold","damage_taken":0,"max_hp_gain":0,"max_hp_loss":0,"event_name":"Beggar","floor":20,"gold_loss":75}],"is_beta":true,"boss_relics":[{"not_picked":["Coffee Dripper","Orrery"],"picked":"Sozu"}],"items_purged_floors":[29],"is_endless":false,"potions_floor_spawned":[1,6,7,10,11,13,28,30,31],"killed_by":"Champ","ascension_level":0}