{"gold_per_floor":[115,40,58,133,147,147,158,184,184,184,184,184,47,66,66,163,163,177,102,121,131,6,6,0,0,0,0,18,34,34,46,46,148,148,163,179,196,196],"floor_reached":38,"playtime":1991,"items_purged":["Strike_R","Strike_R","Bash"],"score":416,"play_id":"f218f66c-e2a9-4de9-ac52-c97ff258c33b","local_time":"20180903121321","is_ascension_mode":true,"campfire_choices":[{"floor":6,"key":"REST"},{"floor":10,"key":"REST"},{"data":"Shrug It Off","floor":12,"key":"SMITH"},{"data":"Metallicize","floor":15,"key":"SMITH"},{"floor":23,"key":"REST"},{"floor":25,"key":"REST"},{"data":"Armaments","floor":30,"key":"SMITH"},{"data":"Juggernaut","floor":32,"key":"SMITH"}],"neow_cost":"PERCENT_DAMAGE","seed_source_timestamp":301961004956077,"circlet_count":0,"master_deck":["Strike_R","Defend_R","Defend_R","Defend_R","Defend_R","Cleave+1","Body Slam+1","Flex","Shrug It Off+1","Intimidate","Metallicize+1","Juggernaut+1","Armaments+1","Pommel Strike+1","Impervious","Shrug It Off"],"relics":["Burning Blood","Turnip","Whetstone","Ancient Tea Set","Mark of Pain","Ice Cream","Eternal Feather"],"potions_floor_usage":[16,16,29,33,38],"damage_taken":[{"damage":13,"enemies":"Jaw Worm","floor":1,"turns":4},{"damage":5,"enemies":"Small Slimes","floor":3,"turns":3},{"damage":3,"enemies":"2 Louse","floor":5,"turns":2},{"damage":12,"enemies":"Looter","floor":7,"turns":3},{"damage":32,"enemies":"Lagavulin","floor":8,"turns":9},{"damage":0,"enemies":"Exordium Thugs","floor":14,"turns":4},{"damage":13,"enemies":"Slime Boss","floor":16,"turns":12},{"damage":34,"enemies":"3 Byrds","floor":18,"turns":6},{"damage":28,"enemies":"2 Thieves","floor":20,"turns":4},{"damage":22,"enemies":"Shelled Parasite and Fungi","floor":21,"turns":7},{"damage":5,"enemies":"Sentry and Sphere","floor":28,"turns":4},{"damage":1,"enemies":"3 Cultists","floor":29,"turns":5},{"damage":2,"enemies":"Centurion and Healer","floor":31,"turns":7},{"damage":39,"enemies":"Automaton","floor":33,"turns":10},{"damage":1,"enemies":"Orb Walker","floor":35,"turns":3},{"damage":7,"enemies":"3 Shapes","floor":36,"turns":6},{"damage":35,"enemies":"Spire Growth","floor":37,"turns":6},{"damage":59,"enemies":"Mysterious Sphere","floor":38,"turns":6}],"seed_played":"198536473520171434","potions_obtained":[{"floor":8,"key":"SkillPotion"},{"floor":14,"key":"AttackPotion"},{"floor":28,"key":"Poison Potion"},{"floor":29,"key":"SkillPotion"},{"floor":31,"key":"SpeedPotion"},{"floor":36,"key":"EssenceOfSteel"}],"is_trial":false,"path_per_floor":["M","$","M","?","M","R","M","E","T","R","?","R","$","M","R","B",null,"M","?","M","M","$","R","?","R","T","?","M","M","R","M","R","B",null,"M","M","M"],"character_chosen":"IRONCLAD","items_purchased":["Metallicize"],"campfire_rested":4,"item_purchase_floors":[13],"current_hp_per_floor":[49,49,50,39,42,66,60,34,34,58,58,58,58,64,64,57,80,52,52,30,14,14,38,38,62,62,47,48,53,53,57,57,24,85,85,84,55,0],"gold":196,"neow_bonus":"ONE_RARE_RELIC","is_prod":false,"is_daily":false,"chose_seed":false,"campfire_upgraded":4,"win_rate":0,"timestamp":1535991201,"path_taken":["M","$","M","?","M","R","M","E","T","R","?","R","?","M","R","BOSS","M","?","?","M","$","R","?","R","T","?","?","M","R","M","R","BOSS","M","M","M","?"],"build_version":"2018-08-30","purchased_purges":3,"victory":false,"max_hp_per_floor":[80,80,80,80,80,80,80,80,80,80,80,80,80,80,80,80,80,80,80,80,80,80,80,80,80,80,85,85,85,85,85,85,85,85,85,85,85,85],"card_choices":[{"not_picked":["Warcry","True Grit"],"picked":"Cleave","floor":1},{"not_picked":["Sword Boomerang","Seeing Red"],"picked":"Body Slam","floor":3},{"not_picked":["Heavy Blade","Wild Strike"],"picked":"Flex","floor":5},{"not_picked":["Spot Weakness","Disarm"],"picked":"Shrug It Off","floor":7},{"not_picked":["True Grit","Combust"],"picked":"Intimidate","floor":8},{"not_picked":["Burning Pact","Whirlwind","Rage"],"picked":"SKIP","floor":14},{"not_picked":["Reaper","Offering"],"picked":"Juggernaut","floor":16},{"not_picked":["Pommel Strike","Cleave","Uppercut"],"picked":"SKIP","floor":18},{"not_picked":["Heavy Blade+1","Second Wind","Carnage"],"picked":"SKIP","floor":20},{"not_picked":["Sever Soul+1","Bloodletting"],"picked":"Armaments","floor":21},{"not_picked":["Iron Wave","Wild Strike","Sentinel"],"picked":"SKIP","floor":28},{"not_picked":["Flex","Cleave"],"picked":"Pommel Strike+1","floor":29},{"not_picked":["Feed","Perfected Strike","Fire Breathing+1"],"picked":"SKIP","floor":31},{"not_picked":["Bludgeon","Immolate"],"picked":"Impervious","floor":33},{"not_picked":["Thunderclap+1","Rampage+1","Ghostly Armor"],"picked":"SKIP","floor":35},{"not_picked":["Warcry","Havoc+1"],"picked":"Shrug It Off","floor":36},{"not_picked":["Rupture+1","Fire Breathing+1","Headbutt+1"],"picked":"SKIP","floor":37}],"player_experience":736107,"relics_obtained":[{"floor":8,"key":"Whetstone"},{"floor":9,"key":"Ancient Tea Set"},{"floor":26,"key":"Ice Cream"}],"event_choices":[{"event_name":"World of Goop","player_choice":"Gather Gold","floor":4,"damage_taken":0},{"event_name":"Living Wall","player_choice":"Forget","floor":11,"damage_taken":0},{"event_name":"Beggar","player_choice":"Gave Gold","floor":19,"damage_taken":0},{"event_name":"Masked Bandits","player_choice":"Paid Fearfully","floor":24,"damage_taken":0},{"event_name":"Forgotten Altar","player_choice":"Shed Blood","floor":27,"damage_taken":0},{"event_name":"Mysterious Sphere","player_choice":"Fight","floor":38,"damage_taken":0}],"is_beta":false,"boss_relics":[{"not_picked":["Runic Dome","White Beast Statue"],"picked":"Mark of Pain"},{"not_picked":["Velvet Choker","Empty Cage"],"picked":"Eternal Feather"}],"items_purged_floors":[2,13,22],"is_endless":false,"potions_floor_spawned":[8,14,28,29,31,36],"killed_by":"Mysterious Sphere","ascension_level":2}