{"gold_per_floor":[16,16,16,16,16,41,41,41,41,68,98,114,189,201,201,296,296,308,5,5,0,0,0,35,35,110,123,143,143,159,171,171,171],"floor_reached":33,"playtime":2555,"items_purged":[],"score":273,"play_id":"131bff95-6fb4-4f2f-aed3-1532ae1a7a26","local_time":"20180724231413","is_ascension_mode":false,"campfire_choices":[{"floor":7,"key":"REST"},{"floor":15,"key":"REST"},{"data":"Capacitor","floor":23,"key":"SMITH"},{"floor":25,"key":"REST"},{"floor":29,"key":"REST"},{"floor":32,"key":"REST"}],"neow_cost":"NO_GOLD","seed_source_timestamp":167900946324019,"circlet_count":0,"master_deck":["Strike_B","Strike_B","Strike_B","Defend_B","Defend_B","Defend_B","Defend_B","Zap","Dualcast","Electrodynamics","Ball Lightning","Leap","Lockon","Capacitor+1","Leap","Multi-Cast","Capacitor","Biased Cognition","Conserve Battery+1","Capacitor+1","Buffer"],"relics":["Cracked Core","Pantograph","Juzu Bracelet","Busted Crown","Prayer Wheel","Nloth\u0027s Gift","Art of War","Toxic Egg 2"],"potions_floor_usage":[16,18,24,30,33],"damage_taken":[{"damage":2,"enemies":"2 Louse","floor":1,"turns":2},{"damage":35,"enemies":"Gremlin Nob","floor":6,"turns":4},{"damage":0,"enemies":"Cultist","floor":8,"turns":3},{"damage":12,"enemies":"Lagavulin","floor":10,"turns":5},{"damage":1,"enemies":"Small Slimes","floor":12,"turns":2},{"damage":9,"enemies":"Blue Slaver","floor":14,"turns":4},{"damage":40,"enemies":"Hexaghost","floor":16,"turns":12},{"damage":15,"enemies":"Spheric Guardian","floor":18,"turns":4},{"damage":60,"enemies":"Gremlin Leader","floor":24,"turns":8},{"damage":20,"enemies":"2 Thieves","floor":27,"turns":3},{"damage":13,"enemies":"3 Cultists","floor":28,"turns":3},{"damage":1,"enemies":"Chosen and Byrds","floor":30,"turns":4},{"damage":8,"enemies":"Centurion and Healer","floor":31,"turns":3},{"damage":84,"enemies":"Champ","floor":33,"turns":17}],"seed_played":"-8112193866210313869","potions_obtained":[{"floor":6,"key":"GamblersBrew"},{"floor":12,"key":"Weak Potion"},{"floor":18,"key":"Regen Potion"},{"floor":27,"key":"SkillPotion"},{"floor":30,"key":"SteroidPotion"}],"is_trial":false,"path_per_floor":["M","$","?","?","?","E","R","M","T","E","?","M","?","M","R","B",null,"M","$","?","?","?","R","E","R","T","M","M","R","M","M","R"],"character_chosen":"DEFECT","items_purchased":["Prayer Wheel"],"campfire_rested":5,"item_purchase_floors":[19],"current_hp_per_floor":[73,73,73,73,66,31,53,53,53,41,41,40,33,24,46,31,75,60,60,60,60,60,60,15,37,37,17,4,26,25,17,39,0],"gold":171,"neow_bonus":"THREE_RARE_CARDS","is_prod":false,"is_daily":false,"chose_seed":false,"campfire_upgraded":1,"win_rate":0,"timestamp":1532488453,"path_taken":["M","$","?","?","?","E","R","M","T","E","?","M","?","M","R","BOSS","M","$","?","?","?","R","E","R","T","M","M","R","M","M","R","BOSS"],"build_version":"2018-07-19v2","purchased_purges":0,"victory":false,"max_hp_per_floor":[75,75,75,75,75,75,75,75,75,75,75,75,75,75,75,75,75,75,75,75,75,75,75,75,75,75,75,75,75,75,75,75,75],"card_choices":[{"not_picked":["Thunder Strike","Rainbow"],"picked":"Electrodynamics","floor":0},{"not_picked":["Compile Driver","Rip and Tear"],"picked":"Ball Lightning","floor":1},{"not_picked":["Hologram","Redo"],"picked":"Leap","floor":6},{"not_picked":["Chaos","Coolheaded","Auto Shields"],"picked":"SKIP","floor":8},{"not_picked":["Barrage","Auto Shields"],"picked":"Lockon","floor":10},{"not_picked":["Auto Shields","Rip and Tear"],"picked":"Capacitor","floor":12},{"not_picked":["Hello World","Auto Shields"],"picked":"Leap","floor":14},{"not_picked":["All For One","Electrodynamics"],"picked":"Multi-Cast","floor":16},{"not_picked":["Auto Shields"],"picked":"SKIP","floor":18},{"not_picked":[],"picked":"Biased Cognition","floor":24},{"not_picked":[],"picked":"Conserve Battery+1","floor":27},{"not_picked":[],"picked":"Capacitor+1","floor":27},{"not_picked":["Streamline+1"],"picked":"SKIP","floor":28},{"not_picked":["Fusion+1"],"picked":"SKIP","floor":28},{"not_picked":[],"picked":"Buffer","floor":30},{"not_picked":["Sweeping Beam"],"picked":"SKIP","floor":30},{"not_picked":["Stack+1"],"picked":"SKIP","floor":31},{"not_picked":["Ball Lightning"],"picked":"SKIP","floor":31}],"player_experience":505057,"relics_obtained":[{"floor":6,"key":"Letter Opener"},{"floor":9,"key":"Pantograph"},{"floor":10,"key":"Juzu Bracelet"},{"floor":24,"key":"Art of War"},{"floor":26,"key":"Toxic Egg 2"}],"event_choices":[{"event_name":"Wheel of Change","player_choice":"Curse","floor":3,"damage_taken":0},{"event_name":"The Cleric","player_choice":"Leave","floor":4,"damage_taken":0},{"event_name":"Golden Wing","player_choice":"Card Removal","floor":5,"damage_taken":0},{"event_name":"Dead Adventurer","player_choice":"Searched \u00272\u0027 times","floor":11,"damage_taken":0},{"event_name":"FaceTrader","player_choice":"Touch","floor":13,"damage_taken":0},{"event_name":"Transmorgrifier","player_choice":"Transform","floor":20,"damage_taken":0},{"event_name":"Masked Bandits","player_choice":"Paid Bandits 5 gold","floor":21,"damage_taken":0},{"event_name":"N\u0027loth","player_choice":"Traded a Letter Opener","floor":22,"damage_taken":0}],"is_beta":false,"boss_relics":[{"not_picked":["Pandora\u0027s Box","FrozenCore"],"picked":"Busted Crown"}],"items_purged_floors":[],"is_endless":false,"potions_floor_spawned":[6,12,18,27,30],"killed_by":"Champ","ascension_level":0}