{"gold_per_floor":[115,131,131,150,150,150,183,183],"floor_reached":8,"playtime":274,"items_purged":[],"score":104,"play_id":"4040cb39-bf3b-43cc-8230-b3abbdb27ad2","local_time":"20190502213946","is_ascension_mode":true,"campfire_choices":[{"data":"Conserve Battery","floor":6,"key":"SMITH"}],"neow_cost":"NONE","seed_source_timestamp":977561671462872,"circlet_count":0,"master_deck":["AscendersBane","Strike_B","Strike_B","Strike_B","Strike_B","Defend_B","Defend_B","Defend_B","Defend_B","Zap","Dualcast","Sunder","Gash","Conserve Battery+1","Leap","Compile Driver"],"relics":["Cracked Core","SsserpentHead","Letter Opener"],"potions_floor_usage":[],"damage_taken":[{"damage":2,"enemies":"2 Louse","floor":1,"turns":2},{"damage":7,"enemies":"Small Slimes","floor":2,"turns":4},{"damage":0,"enemies":"Cultist","floor":4,"turns":3},{"damage":51,"enemies":"3 Sentries","floor":7,"turns":12},{"damage":7,"enemies":"Exordium Wildlife","floor":8,"turns":1}],"seed_played":"-5390757165338215582","potions_obtained":[{"floor":4,"key":"LiquidBronze"},{"floor":7,"key":"Ancient Potion"}],"is_trial":false,"path_per_floor":["M","M","?","M","?","R","E","M"],"character_chosen":"DEFECT","items_purchased":[],"campfire_rested":0,"item_purchase_floors":[],"current_hp_per_floor":[62,55,55,55,55,55,4,0],"gold":183,"neow_bonus":"THREE_CARDS","is_prod":false,"is_daily":false,"chose_seed":false,"campfire_upgraded":1,"win_rate":0,"timestamp":1556825986,"path_taken":["M","M","?","M","?","R","E","M"],"build_version":"2019-04-23","purchased_purges":0,"victory":false,"max_hp_per_floor":[71,71,71,71,71,71,71,71],"card_choices":[{"not_picked":["Beam Cell","Force Field"],"picked":"Sunder","floor":0},{"not_picked":["Stack","Static Discharge"],"picked":"Gash","floor":1},{"not_picked":["Streamline","Ball Lightning"],"picked":"Conserve Battery","floor":2},{"not_picked":["Beam Cell","Heatsinks"],"picked":"Leap","floor":4},{"not_picked":["Multi-Cast","Barrage"],"picked":"Compile Driver","floor":7}],"player_experience":1444899,"relics_obtained":[{"floor":7,"key":"Letter Opener"}],"event_choices":[{"damage_healed":0,"gold_gain":0,"player_choice":"Ignored","damage_taken":0,"max_hp_gain":0,"max_hp_loss":0,"event_name":"Liars Game","floor":3,"gold_loss":0},{"damage_healed":0,"gold_gain":0,"player_choice":"Trade","damage_taken":0,"relics_obtained":["SsserpentHead"],"max_hp_gain":0,"max_hp_loss":0,"event_name":"FaceTrader","floor":5,"gold_loss":0}],"is_beta":true,"boss_relics":[],"items_purged_floors":[],"is_endless":false,"potions_floor_spawned":[4,7],"killed_by":"Exordium Wildlife","ascension_level":17}