{"gold_per_floor":[213,229,246,194,194,229,229,229,256,276,309,326,326,251,251,251],"floor_reached":16,"playtime":568,"items_purged":["Strike_R"],"score":193,"play_id":"01f8ade0-9a28-4471-a12d-10c5f9e07305","local_time":"20190501175600","is_ascension_mode":true,"campfire_choices":[{"data":"Whirlwind","floor":8,"key":"SMITH"},{"data":"Infernal Blade","floor":13,"key":"SMITH"},{"floor":15,"key":"REST"}],"neow_cost":"NONE","seed_source_timestamp":877441970447637,"circlet_count":0,"master_deck":["AscendersBane","Strike_R","Strike_R","Strike_R+1","Strike_R","Defend_R","Defend_R+1","Defend_R","Defend_R","Bash","Sword Boomerang","Whirlwind+1","Thunderclap","Clothesline","Seeing Red","Battle Trance","Seeing Red","Infernal Blade+1"],"relics":["Burning Blood","Juzu Bracelet","FaceOfCleric","Blood Vial","Darkstone Periapt"],"potions_floor_usage":[6,11,16],"damage_taken":[{"damage":10,"enemies":"Small Slimes","floor":1,"turns":6},{"damage":1,"enemies":"Cultist","floor":2,"turns":4},{"damage":1,"enemies":"2 Louse","floor":3,"turns":3},{"damage":22,"enemies":"3 Sentries","floor":6,"turns":4},{"damage":10,"enemies":"Red Slaver","floor":10,"turns":4},{"damage":13,"enemies":"Gremlin Nob","floor":11,"turns":3},{"damage":4,"enemies":"Large Slime","floor":12,"turns":6},{"damage":64,"enemies":"The Guardian","floor":16,"turns":11}],"seed_played":"9058747083514576113","potions_obtained":[{"floor":2,"key":"Explosive Potion"},{"floor":3,"key":"Dexterity Potion"},{"floor":10,"key":"AttackPotion"},{"floor":11,"key":"Weak Potion"}],"is_trial":false,"path_per_floor":["M","M","M","$","?","E","?","R","T","M","E","M","R","$","R","B"],"character_chosen":"IRONCLAD","items_purchased":["Clothesline"],"campfire_rested":1,"item_purchase_floors":[4],"current_hp_per_floor":[64,69,74,74,51,35,35,35,35,34,30,35,35,35,58,0],"gold":251,"neow_bonus":"HUNDRED_GOLD","is_prod":false,"is_daily":false,"chose_seed":false,"campfire_upgraded":2,"win_rate":0,"timestamp":1556726160,"path_taken":["M","M","M","$","?","E","?","R","T","M","E","M","R","$","R","BOSS"],"build_version":"2019-04-23","purchased_purges":1,"victory":false,"max_hp_per_floor":[75,75,75,75,75,75,75,75,75,76,77,78,78,78,78,78],"card_choices":[{"not_picked":["Fire Breathing","Dual Wield"],"picked":"Sword Boomerang","floor":1},{"not_picked":["Dropkick","Body Slam"],"picked":"Whirlwind","floor":2},{"not_picked":["Clothesline","Feel No Pain"],"picked":"Thunderclap","floor":3},{"not_picked":["Havoc","True Grit"],"picked":"Seeing Red","floor":6},{"not_picked":["Thunderclap","Searing Blow"],"picked":"Battle Trance","floor":10},{"not_picked":["Sword Boomerang","Rampage"],"picked":"Seeing Red","floor":11},{"not_picked":["Flex","Exhume"],"picked":"Infernal Blade","floor":12}],"player_experience":1401657,"relics_obtained":[{"floor":6,"key":"Juzu Bracelet"},{"floor":9,"key":"Blood Vial"},{"floor":11,"key":"Darkstone Periapt"}],"event_choices":[{"damage_healed":0,"gold_gain":0,"player_choice":"Entered Light","damage_taken":23,"max_hp_gain":0,"max_hp_loss":0,"event_name":"Shining Light","floor":5,"gold_loss":0,"cards_upgraded":["Defend_R","Strike_R"]},{"damage_healed":0,"gold_gain":0,"player_choice":"Trade","damage_taken":0,"relics_obtained":["FaceOfCleric"],"max_hp_gain":0,"max_hp_loss":0,"event_name":"FaceTrader","floor":7,"gold_loss":0}],"is_beta":true,"boss_relics":[],"items_purged_floors":[14],"is_endless":false,"potions_floor_spawned":[2,3,10,11],"killed_by":"The Guardian","ascension_level":15}