{"gold_per_floor":[110,110,122,122,138,138,164,164,164,196,196,215,244,262,262,336,336,353,364,375,2,2],"floor_reached":22,"playtime":3983,"items_purged":["Strike_R"],"score":386,"play_id":"2be497ef-2c08-46d5-9deb-c717ef472da1","local_time":"20190430161431","is_ascension_mode":true,"campfire_choices":[{"data":"Uppercut","floor":6,"key":"SMITH"},{"floor":8,"key":"REST"},{"data":"Perfected Strike","floor":11,"key":"SMITH"},{"floor":15,"key":"REST"}],"neow_cost":"NONE","seed_source_timestamp":781534568011724,"circlet_count":0,"master_deck":["AscendersBane","Strike_R","Strike_R+1","Strike_R","Strike_R+1","Defend_R","Defend_R","Defend_R","Defend_R","Bash+1","Pommel Strike","Uppercut+1","Perfected Strike+1","Iron Wave","Shrug It Off","Cleave","Demon Form","Sword Boomerang","Perfected Strike","Offering","Perfected Strike","Entrench+1","Dropkick","Perfected Strike","Pommel Strike"],"relics":["Burning Blood","Prayer Wheel","Unceasing Top","Happy Flower","Pear","White Beast Statue","Membership Card","Gremlin Horn"],"potions_floor_usage":[10,13,16,19,20,22,22],"damage_taken":[{"damage":0,"enemies":"2 Louse","floor":1,"turns":4},{"damage":1,"enemies":"Cultist","floor":3,"turns":3},{"damage":11,"enemies":"Jaw Worm","floor":5,"turns":4},{"damage":37,"enemies":"3 Sentries","floor":7,"turns":11},{"damage":34,"enemies":"Gremlin Nob","floor":10,"turns":5},{"damage":6,"enemies":"Looter","floor":12,"turns":2},{"damage":14,"enemies":"3 Sentries","floor":13,"turns":4},{"damage":18,"enemies":"Red Slaver","floor":14,"turns":3},{"damage":15,"enemies":"Slime Boss","floor":16,"turns":8},{"damage":28,"enemies":"3 Byrds","floor":18,"turns":5},{"damage":0,"enemies":"Chosen","floor":19,"turns":4},{"damage":30,"enemies":"Shelled Parasite and Fungi","floor":20,"turns":3},{"damage":32,"enemies":"Cultist and Chosen","floor":22,"turns":4}],"seed_played":"2111889268003836981","potions_obtained":[{"floor":2,"key":"EntropicBrew"},{"floor":2,"key":"Swift Potion"},{"floor":5,"key":"Regen Potion"},{"floor":12,"key":"Energy Potion"},{"floor":13,"key":"Explosive Potion"},{"floor":16,"key":"Energy Potion"},{"floor":19,"key":"Swift Potion"},{"floor":20,"key":"Weak Potion"}],"is_trial":false,"path_per_floor":["M","?","M","?","M","R","E","R","T","E","R","M","E","M","R","B",null,"M","M","M","$","M"],"character_chosen":"IRONCLAD","items_purchased":["Membership Card","Gremlin Horn"],"campfire_rested":2,"item_purchase_floors":[21,21],"current_hp_per_floor":[74,74,75,52,47,47,16,38,38,24,24,24,26,14,39,30,71,49,55,31,31,0],"gold":2,"neow_bonus":"UPGRADE_CARD","is_prod":false,"is_daily":false,"chose_seed":false,"campfire_upgraded":2,"win_rate":0,"timestamp":1556633671,"path_taken":["M","?","?","?","M","R","E","R","T","E","R","M","E","M","R","BOSS","M","M","M","$","M"],"build_version":"2019-04-23","purchased_purges":1,"victory":false,"max_hp_per_floor":[75,75,75,75,75,75,75,75,75,75,75,75,85,85,85,85,85,85,85,85,85,85],"card_choices":[{"not_picked":["Twin Strike","Armaments"],"picked":"Pommel Strike","floor":1},{"not_picked":["Sword Boomerang","Sever Soul","Clash"],"picked":"SKIP","floor":3},{"not_picked":["Sword Boomerang","Shrug It Off"],"picked":"Uppercut","floor":5},{"not_picked":["Wild Strike","Pommel Strike"],"picked":"Perfected Strike","floor":7},{"not_picked":["Thunderclap","Shockwave"],"picked":"Iron Wave","floor":10},{"not_picked":["Heavy Blade","Warcry"],"picked":"Shrug It Off","floor":12},{"not_picked":["Clash","Reckless Charge"],"picked":"Cleave","floor":12},{"not_picked":["Flex","Wild Strike"],"picked":"Demon Form","floor":13},{"not_picked":["Pummel","Dual Wield"],"picked":"Sword Boomerang","floor":14},{"not_picked":["Bloodletting","Iron Wave"],"picked":"Perfected Strike","floor":14},{"not_picked":["Berserk","Limit Break"],"picked":"Offering","floor":16},{"not_picked":["Sword Boomerang","Headbutt"],"picked":"Perfected Strike","floor":18},{"not_picked":["Thunderclap","Inflame"],"picked":"Entrench+1","floor":18},{"not_picked":["Cleave","Uppercut+1"],"picked":"Dropkick","floor":19},{"not_picked":["Limit Break","Flex"],"picked":"Perfected Strike","floor":19},{"not_picked":["Wild Strike","Combust"],"picked":"Pommel Strike","floor":20},{"not_picked":["Flex","Power Through","Clothesline"],"picked":"SKIP","floor":20}],"player_experience":1355424,"relics_obtained":[{"floor":7,"key":"Prayer Wheel"},{"floor":9,"key":"Unceasing Top"},{"floor":10,"key":"Happy Flower"},{"floor":13,"key":"Pear"}],"event_choices":[{"damage_healed":0,"gold_gain":0,"player_choice":"Got Potions","damage_taken":0,"max_hp_gain":0,"max_hp_loss":0,"event_name":"Lab","floor":2,"gold_loss":0},{"damage_healed":0,"gold_gain":0,"player_choice":"Entered Light","damage_taken":23,"max_hp_gain":0,"max_hp_loss":0,"event_name":"Shining Light","floor":4,"gold_loss":0,"cards_upgraded":["Strike_R","Strike_R"]}],"is_beta":true,"boss_relics":[{"not_picked":["Pandora\u0027s Box","Runic Dome"],"picked":"White Beast Statue"}],"items_purged_floors":[21],"is_endless":false,"potions_floor_spawned":[5,12,13,16,18,19,20],"killed_by":"Cultist and Chosen","ascension_level":15}