{"gold_per_floor":[367,380,380,31,43,43,62,89,162,162,173,173,135,155,155,155],"floor_reached":16,"playtime":2288,"items_purged":[],"score":148,"play_id":"7592689c-dcb5-457b-847a-0c416928a56d","local_time":"20190314170142","is_ascension_mode":true,"campfire_choices":[{"data":"Dualcast","floor":6,"key":"SMITH"},{"floor":10,"key":"REST"},{"floor":15,"key":"REST"}],"neow_cost":"TEN_PERCENT_HP_LOSS","seed_source_timestamp":77883388968600,"circlet_count":0,"master_deck":["Strike_B","Strike_B","Strike_B","Strike_B","Defend_B","Defend_B+1","Defend_B","Defend_B","Zap","Dualcast+1","Reinforced Body","Double Energy+1","Steam","Coolheaded","Fusion","Ball Lightning","Defragment","Capacitor","Conserve Battery"],"relics":["Cracked Core","PreservedInsect","Medical Kit","Prayer Wheel","Blue Candle"],"potions_floor_usage":[7,16],"damage_taken":[{"damage":3,"enemies":"2 Louse","floor":1,"turns":2},{"damage":0,"enemies":"Small Slimes","floor":2,"turns":3},{"damage":9,"enemies":"Jaw Worm","floor":5,"turns":4},{"damage":11,"enemies":"Exordium Wildlife","floor":7,"turns":3},{"damage":30,"enemies":"Lagavulin","floor":8,"turns":14},{"damage":5,"enemies":"Blue Slaver","floor":11,"turns":4},{"damage":15,"enemies":"Exordium Thugs","floor":14,"turns":7},{"damage":22,"enemies":"Slime Boss","floor":16,"turns":11}],"seed_played":"32110345208788715","potions_obtained":[{"floor":1,"key":"FocusPotion"},{"floor":8,"key":"LiquidBronze"}],"is_trial":false,"path_per_floor":["M","M","?","$","M","R","M","E","T","R","M","?","$","M","R","B"],"character_chosen":"DEFECT","items_purchased":["PreservedInsect","Medical Kit","Defragment"],"campfire_rested":2,"item_purchase_floors":[4,4,13],"current_hp_per_floor":[65,65,51,51,42,42,31,1,1,21,16,16,16,1,21,0],"gold":155,"neow_bonus":"TWO_FIFTY_GOLD","is_prod":false,"is_daily":false,"chose_seed":false,"campfire_upgraded":1,"win_rate":0,"timestamp":1552597302,"path_taken":["M","M","?","$","M","R","M","E","T","R","M","?","$","M","R","BOSS"],"build_version":"2019-01-23","purchased_purges":0,"victory":false,"max_hp_per_floor":[68,68,68,68,68,68,68,68,68,68,68,68,68,68,68,68],"card_choices":[{"not_picked":["Compile Driver","Leap"],"picked":"Reinforced Body","floor":1},{"not_picked":["Recycle","Leap"],"picked":"Double Energy","floor":2},{"not_picked":["Compile Driver","Barrage"],"picked":"Steam","floor":5},{"not_picked":["Fusion","Loop"],"picked":"Coolheaded","floor":7},{"not_picked":["Reinforced Body","Go for the Eyes"],"picked":"Fusion","floor":8},{"not_picked":["Fusion","Leap"],"picked":"Ball Lightning","floor":11},{"not_picked":["Go for the Eyes","Aggregate","Stack"],"picked":"SKIP","floor":11},{"not_picked":["Undo","Cold Snap"],"picked":"Capacitor","floor":14},{"not_picked":["Beam Cell","Skim"],"picked":"Conserve Battery","floor":14}],"player_experience":2419895,"relics_obtained":[{"floor":8,"key":"Prayer Wheel"},{"floor":9,"key":"Blue Candle"}],"event_choices":[{"damage_healed":0,"gold_gain":0,"player_choice":"Entered Light","damage_taken":14,"max_hp_gain":0,"max_hp_loss":0,"event_name":"Shining Light","floor":3,"gold_loss":0,"cards_upgraded":["Double Energy","Defend_B"]},{"damage_healed":0,"gold_gain":0,"player_choice":"Ignored","damage_taken":0,"max_hp_gain":0,"max_hp_loss":0,"event_name":"Golden Wing","floor":12,"gold_loss":0}],"is_beta":false,"boss_relics":[],"items_purged_floors":[],"is_endless":false,"potions_floor_spawned":[1,8],"killed_by":"Slime Boss","ascension_level":9}