{"gold_per_floor":[116,191,191,63,76,109,109,8,8,8,24,43,59,90,90,188,218,242,263,263,28,3,3,19,19,19,19,19,2,16,54,54,145,145,161,181,195,259,280,280,613,561,561,581,597,314,314,327,327,327],"floor_reached":51,"playtime":4438,"items_purged":["Writhe","Normality"],"score":1341,"play_id":"7df5b3f5-ddea-4437-bdf0-301a59b8f9d1","local_time":"20190501215648","is_ascension_mode":true,"campfire_choices":[{"data":"Bash","floor":7,"key":"SMITH"},{"data":"Armaments","floor":10,"key":"SMITH"},{"data":"Disarm","floor":15,"key":"SMITH"},{"data":"Pommel Strike","floor":23,"key":"SMITH"},{"floor":25,"key":"REST"},{"data":"Offering","floor":27,"key":"SMITH"},{"floor":32,"key":"REST"},{"floor":40,"key":"REST"},{"floor":47,"key":"REST"},{"floor":49,"key":"REST"}],"neow_cost":"NONE","seed_source_timestamp":888001726801227,"circlet_count":0,"master_deck":["AscendersBane","Strike_R+1","Strike_R","Strike_R+1","Strike_R","Strike_R","Defend_R","Defend_R","Defend_R+1","Defend_R+1","Bash+1","Armaments+1","Combust","Pommel Strike+1","Dropkick","Disarm+1","Anger","True Grit","Immolate","Shrug It Off","Thunderclap","Reaper","Regret","Clumsy","Headbutt","Shrug It Off","Offering+1","Spot Weakness","Iron Wave","Metallicize+1","Offering","Rupture+1","Dropkick","Clumsy","Flame Barrier","Burning Pact","Parasite","Intimidate+1"],"relics":["Burning Blood","NeowsBlessing","Mercury Hourglass","Darkstone Periapt","Orichalcum","Calling Bell","Tiny Chest","Blue Candle","Champion Belt","War Paint","Membership Card","Kunai","Pen Nib","Cursed Key","Ginger","Bird Faced Urn","Strange Spoon","Whetstone"],"potions_floor_usage":[14,16,31,33,39,45,50,50],"damage_taken":[{"damage":0,"enemies":"Small Slimes","floor":1,"turns":1},{"damage":0,"enemies":"Jaw Worm","floor":5,"turns":1},{"damage":0,"enemies":"Lagavulin","floor":6,"turns":1},{"damage":0,"enemies":"2 Louse","floor":11,"turns":3},{"damage":0,"enemies":"Looter","floor":12,"turns":4},{"damage":0,"enemies":"Large Slime","floor":13,"turns":5},{"damage":14,"enemies":"Gremlin Nob","floor":14,"turns":4},{"damage":29,"enemies":"Slime Boss","floor":16,"turns":8},{"damage":24,"enemies":"3 Byrds","floor":18,"turns":3},{"damage":30,"enemies":"2 Thieves","floor":19,"turns":5},{"damage":29,"enemies":"Centurion and Healer","floor":24,"turns":9},{"damage":10,"enemies":"Snake Plant","floor":30,"turns":4},{"damage":30,"enemies":"Book of Stabbing","floor":31,"turns":6},{"damage":92,"enemies":"Collector","floor":33,"turns":15},{"damage":14,"enemies":"3 Shapes","floor":35,"turns":4},{"damage":15,"enemies":"3 Darklings","floor":36,"turns":3},{"damage":20,"enemies":"4 Shapes","floor":37,"turns":8},{"damage":40,"enemies":"2 Orb Walkers","floor":38,"turns":5},{"damage":14,"enemies":"Transient","floor":39,"turns":5},{"damage":35,"enemies":"Jaw Worm Horde","floor":44,"turns":3},{"damage":29,"enemies":"Spire Growth","floor":45,"turns":4},{"damage":22,"enemies":"Writhing Mass","floor":48,"turns":4},{"damage":86,"enemies":"Awakened One","floor":50,"turns":13}],"seed_played":"7881440589654600066","potions_obtained":[{"floor":12,"key":"Weak Potion"},{"floor":13,"key":"Weak Potion"},{"floor":16,"key":"LiquidBronze"},{"floor":18,"key":"Swift Potion"},{"floor":35,"key":"Fire Potion"},{"floor":37,"key":"Swift Potion"},{"floor":44,"key":"GamblersBrew"},{"floor":45,"key":"Explosive Potion"}],"is_trial":false,"path_per_floor":["M","?","?","$","M","E","R","$","T","R","M","M","M","E","R","B",null,"M","M","?","$","$","R","M","R","T","R","?","$","M","E","R","B",null,"M","M","M","?","M","R","?","?","T","M","M","$","R","M","R","B",null],"character_chosen":"IRONCLAD","items_purchased":["Combust","Pommel Strike","Anger","True Grit","Membership Card","Shrug It Off","Spot Weakness","Strange Spoon","Whetstone","Block Potion","Burning Pact"],"campfire_rested":5,"item_purchase_floors":[4,4,8,8,21,22,29,46,46,46,46],"current_hp_per_floor":[74,63,37,37,43,49,49,49,49,49,55,61,67,59,59,36,83,71,51,57,57,57,57,42,71,71,71,71,71,67,50,79,8,76,79,91,77,45,37,66,66,66,72,47,26,26,57,49,82,16],"gold":327,"neow_bonus":"THREE_ENEMY_KILL","is_prod":false,"is_daily":false,"chose_seed":false,"campfire_upgraded":5,"win_rate":0,"timestamp":1556740608,"path_taken":["M","?","?","?","M","E","R","?","T","R","M","M","M","E","R","BOSS","M","M","?","?","$","R","M","R","T","R","?","$","M","E","R","BOSS","M","M","M","?","M","R","?","?","T","?","M","$","R","M","R","BOSS"],"build_version":"2019-04-23","purchased_purges":2,"victory":true,"max_hp_per_floor":[75,75,75,75,75,75,75,75,75,75,75,75,75,75,75,75,93,93,93,99,99,99,99,99,99,99,99,99,99,99,99,99,99,99,99,99,99,99,99,99,99,99,105,105,105,105,105,111,111,111],"card_choices":[{"not_picked":["Perfected Strike","Warcry"],"picked":"Armaments","floor":1},{"not_picked":["Twin Strike","Havoc"],"picked":"Dropkick","floor":5},{"not_picked":["Twin Strike","Cleave"],"picked":"Disarm","floor":6},{"not_picked":["True Grit","Shrug It Off"],"picked":"Immolate","floor":11},{"not_picked":["Havoc","Thunderclap","Infernal Blade"],"picked":"SKIP","floor":12},{"not_picked":["Headbutt","Perfected Strike"],"picked":"Shrug It Off","floor":13},{"not_picked":["Shrug It Off","Corruption"],"picked":"Thunderclap","floor":14},{"not_picked":["Dark Embrace","Brutality"],"picked":"Reaper","floor":16},{"not_picked":["Pommel Strike","Anger","Evolve"],"picked":"SKIP","floor":18},{"not_picked":["Dual Wield","Intimidate"],"picked":"Headbutt","floor":19},{"not_picked":["Clash","Sword Boomerang"],"picked":"Offering","floor":24},{"not_picked":["Flex","Twin Strike+1"],"picked":"Iron Wave","floor":30},{"not_picked":["Spot Weakness+1","Iron Wave"],"picked":"Metallicize+1","floor":31},{"not_picked":["Immolate","Bludgeon"],"picked":"Offering","floor":33},{"not_picked":["Clothesline+1","Blood for Blood"],"picked":"Rupture+1","floor":35},{"not_picked":["Clash+1","Flex+1","Dual Wield"],"picked":"SKIP","floor":36},{"not_picked":["Sever Soul","Headbutt","Corruption+1"],"picked":"SKIP","floor":37},{"not_picked":["Infernal Blade+1","Sword Boomerang+1"],"picked":"Dropkick","floor":39},{"not_picked":["Pommel Strike","Heavy Blade","Feel No Pain"],"picked":"SKIP","floor":44},{"not_picked":["Havoc","Headbutt"],"picked":"Flame Barrier","floor":45},{"not_picked":["Headbutt+1","Twin Strike"],"picked":"Intimidate+1","floor":48}],"player_experience":1411880,"relics_obtained":[{"floor":6,"key":"Mercury Hourglass"},{"floor":9,"key":"Darkstone Periapt"},{"floor":14,"key":"Orichalcum"},{"floor":17,"key":"Tiny Chest"},{"floor":17,"key":"Blue Candle"},{"floor":17,"key":"Champion Belt"},{"floor":26,"key":"Kunai"},{"floor":31,"key":"Pen Nib"},{"floor":38,"key":"Ginger"}],"event_choices":[{"damage_healed":0,"gold_gain":75,"player_choice":"Gather Gold","damage_taken":11,"max_hp_gain":0,"max_hp_loss":0,"event_name":"World of Goop","floor":2,"gold_loss":0},{"damage_healed":0,"gold_gain":0,"player_choice":"Take Damage","damage_taken":26,"relics_obtained":["Golden Idol"],"max_hp_gain":0,"max_hp_loss":0,"event_name":"Golden Idol","floor":3,"gold_loss":0},{"damage_healed":0,"gold_gain":0,"player_choice":"Opened","damage_taken":0,"relics_obtained":["War Paint"],"max_hp_gain":0,"max_hp_loss":0,"event_name":"The Mausoleum","floor":20,"gold_loss":0,"cards_obtained":["Writhe"]},{"damage_healed":0,"gold_gain":0,"player_choice":"Ignored","damage_taken":0,"max_hp_gain":0,"max_hp_loss":0,"event_name":"Ghosts","floor":28,"gold_loss":0},{"damage_healed":0,"gold_gain":0,"player_choice":"Fight","damage_taken":0,"max_hp_gain":0,"max_hp_loss":0,"event_name":"Mysterious Sphere","floor":38,"gold_loss":0},{"damage_healed":0,"gold_gain":333,"player_choice":"Gave Idol","damage_taken":0,"max_hp_gain":0,"max_hp_loss":0,"event_name":"The Moai Head","floor":41,"relics_lost":["Golden Idol"],"gold_loss":0},{"damage_healed":0,"gold_gain":0,"player_choice":"Paid Gold","damage_taken":0,"relics_obtained":["Bird Faced Urn"],"max_hp_gain":0,"max_hp_loss":0,"event_name":"WeMeetAgain","floor":42,"gold_loss":52}],"is_beta":true,"boss_relics":[{"not_picked":["Philosopher\u0027s Stone","Runic Dome"],"picked":"Calling Bell"},{"not_picked":["Velvet Choker","Eternal Feather"],"picked":"Cursed Key"}],"items_purged_floors":[21,46],"is_endless":false,"potions_floor_spawned":[12,13,16,18,19,24,35,37,44,45],"ascension_level":15}