{"gold_per_floor":[109,109,34,51,69,69,83,83,83,83,93,93,93,104,104,200,200,217,232,249,299,309,35,35,9,36,36,36,36,36,9,9,9],"floor_reached":33,"playtime":1595,"items_purged":["Strike_B"],"score":306,"play_id":"80459a89-633e-4e73-b267-81d6ae879349","local_time":"20181029193902","is_ascension_mode":true,"campfire_choices":[{"data":"Zap","floor":6,"key":"SMITH"},{"floor":13,"key":"REST"},{"data":"Dualcast","floor":15,"key":"SMITH"},{"floor":24,"key":"REST"},{"floor":28,"key":"REST"},{"floor":30,"key":"REST"},{"data":"Hologram","floor":32,"key":"SMITH"}],"neow_cost":"PERCENT_DAMAGE","seed_source_timestamp":615427295022200,"circlet_count":0,"master_deck":["Strike_B","Strike_B","Defend_B","Defend_B","Defend_B","Zap+1","Dualcast+1","Core Surge","Rebound","Rip and Tear","Blizzard","Hologram+1","Melter","Coolheaded","Conserve Battery","Thunder Strike","Leap","Blizzard","Coolheaded","Storm","Self Repair","Steam","Cold Snap"],"relics":["FrozenCore","Blue Candle","Letter Opener","Gremlin Horn","Bronze Scales"],"potions_floor_usage":[22,33,33,33],"damage_taken":[{"damage":2,"enemies":"Jaw Worm","floor":1,"turns":3},{"damage":0,"enemies":"Small Slimes","floor":4,"turns":3},{"damage":0,"enemies":"Cultist","floor":5,"turns":2},{"damage":1,"enemies":"2 Fungi Beasts","floor":7,"turns":2},{"damage":17,"enemies":"3 Louse","floor":11,"turns":2},{"damage":6,"enemies":"Looter","floor":14,"turns":3},{"damage":6,"enemies":"Slime Boss","floor":16,"turns":7},{"damage":0,"enemies":"Spheric Guardian","floor":18,"turns":2},{"damage":7,"enemies":"Shell Parasite","floor":19,"turns":6},{"damage":28,"enemies":"Snake Plant","floor":20,"turns":6},{"damage":29,"enemies":"3 Cultists","floor":22,"turns":5},{"damage":74,"enemies":"Collector","floor":33,"turns":8}],"seed_played":"-3638041660270407953","potions_obtained":[{"floor":4,"key":"Swift Potion"},{"floor":7,"key":"Ancient Potion"},{"floor":11,"key":"Dexterity Potion"},{"floor":22,"key":"Weak Potion"}],"is_trial":false,"path_per_floor":["M","?","$","M","M","R","M","?","T","?","M","$","R","M","R","B",null,"M","M","M","?","M","$","R","$","T","?","R","$","R","$","R"],"character_chosen":"DEFECT","items_purchased":["Gremlin Horn","Self Repair","Steam","Cold Snap"],"campfire_rested":4,"item_purchase_floors":[23,23,25,31],"current_hp_per_floor":[48,48,48,48,48,48,47,47,47,40,23,23,45,39,39,33,65,65,58,30,30,1,1,23,23,23,23,45,45,67,67,67,0],"gold":9,"neow_bonus":"THREE_RARE_CARDS","is_prod":false,"is_daily":false,"chose_seed":false,"campfire_upgraded":3,"win_rate":0,"timestamp":1540856342,"path_taken":["M","?","$","M","M","R","M","?","T","?","?","$","R","M","R","BOSS","M","?","M","?","M","$","R","$","T","?","R","?","R","?","R","BOSS"],"build_version":"2018-10-25v2","purchased_purges":1,"victory":false,"max_hp_per_floor":[75,75,75,75,75,75,75,75,75,75,75,75,75,75,75,75,75,75,75,75,75,75,75,75,75,75,75,75,75,75,75,75,75],"card_choices":[{"not_picked":["Hyperbeam","Meteor Strike"],"picked":"Core Surge","floor":0},{"not_picked":["Gash","Barrage"],"picked":"Rebound","floor":1},{"not_picked":["Compile Driver","Gash"],"picked":"Blizzard","floor":4},{"not_picked":["Beam Cell","Go for the Eyes"],"picked":"Hologram","floor":5},{"not_picked":["Loop","Cold Snap"],"picked":"Melter","floor":7},{"not_picked":["Redo","Lockon"],"picked":"Coolheaded","floor":11},{"not_picked":["Cold Snap","Steam"],"picked":"Conserve Battery","floor":14},{"not_picked":["Biased Cognition","Meteor Strike"],"picked":"Thunder Strike","floor":16},{"not_picked":["Chaos","Hologram"],"picked":"Leap","floor":18},{"not_picked":["Scrape","Lockon"],"picked":"Blizzard","floor":19},{"not_picked":["Redo","Steam"],"picked":"Coolheaded","floor":20},{"not_picked":["Streamline","Gash"],"picked":"Storm","floor":22}],"player_experience":1504727,"relics_obtained":[{"floor":8,"key":"Blue Candle"},{"floor":9,"key":"Letter Opener"},{"floor":26,"key":"Bronze Scales"}],"event_choices":[{"damage_healed":0,"gold_gain":0,"cards_transformed":["Strike_B"],"player_choice":"Change","damage_taken":0,"max_hp_gain":0,"max_hp_loss":0,"event_name":"Living Wall","floor":2,"gold_loss":0,"cards_obtained":["Rip and Tear"]},{"damage_healed":0,"gold_gain":0,"player_choice":"Relic","damage_taken":0,"max_hp_gain":0,"max_hp_loss":0,"event_name":"Wheel of Change","floor":8,"gold_loss":0},{"cards_removed":["Defend_B"],"damage_healed":0,"gold_gain":0,"player_choice":"Card Removal","damage_taken":7,"max_hp_gain":0,"max_hp_loss":0,"event_name":"Golden Wing","floor":10,"gold_loss":0},{"damage_healed":0,"gold_gain":100,"player_choice":"Bet on Murderer","damage_taken":0,"max_hp_gain":0,"max_hp_loss":0,"event_name":"The Joust","floor":21,"gold_loss":50},{"damage_healed":0,"gold_gain":0,"player_choice":"Leave","damage_taken":0,"max_hp_gain":0,"max_hp_loss":0,"event_name":"FaceTrader","floor":27,"gold_loss":0}],"is_beta":false,"boss_relics":[{"not_picked":["Philosopher\u0027s Stone","Runic Dome"],"picked":"FrozenCore"}],"items_purged_floors":[3],"is_endless":false,"potions_floor_spawned":[4,7,11,22],"killed_by":"Collector","ascension_level":6}