{"gold_per_floor":[119,99,111,111,126,126,157,157,203,203,236,246,246,256,256,256],"floor_reached":16,"playtime":728,"items_purged":[],"score":204,"play_id":"2ae6ede3-02c8-4bf4-a870-65011e0a0d73","local_time":"20190502213500","is_ascension_mode":true,"campfire_choices":[{"data":"Hologram","floor":6,"key":"SMITH"},{"data":"Defragment","floor":8,"key":"SMITH"},{"data":"Self Repair","floor":10,"key":"SMITH"},{"floor":13,"key":"REST"},{"data":"Capacitor","floor":15,"key":"SMITH"}],"neow_cost":"NONE","seed_source_timestamp":976821702361234,"circlet_count":0,"master_deck":["AscendersBane","Strike_B","Strike_B","Strike_B","Strike_B","Defend_B","Defend_B","Defend_B","Defend_B","Zap","Dualcast","Self Repair+1","Gash","Compile Driver","Hologram+1","Defragment+1","Sweeping Beam","Capacitor+1","Genetic Algorithm"],"relics":["Cracked Core","Bag of Marbles","Gambling Chip"],"potions_floor_usage":[7,12,16,16],"damage_taken":[{"damage":12,"enemies":"2 Louse","floor":1,"turns":3},{"damage":1,"enemies":"Cultist","floor":3,"turns":4},{"damage":0,"enemies":"Small Slimes","floor":5,"turns":2},{"damage":35,"enemies":"Lagavulin","floor":7,"turns":7},{"damage":36,"enemies":"Gremlin Nob","floor":11,"turns":5},{"damage":1,"enemies":"2 Fungi Beasts","floor":12,"turns":3},{"damage":11,"enemies":"Lots of Slimes","floor":14,"turns":6},{"damage":53,"enemies":"The Guardian","floor":16,"turns":9}],"seed_played":"-5445338810613773860","potions_obtained":[{"floor":2,"key":"SneckoOil"},{"floor":3,"key":"Fruit Juice"},{"floor":12,"key":"GamblersBrew"},{"floor":14,"key":"Regen Potion"}],"is_trial":false,"path_per_floor":["M","?","M","$","M","R","E","R","T","R","E","M","R","M","R","B"],"character_chosen":"DEFECT","items_purchased":[],"campfire_rested":1,"item_purchase_floors":[],"current_hp_per_floor":[59,59,65,65,65,65,42,42,42,42,16,15,37,36,36,0],"gold":256,"neow_bonus":"THREE_CARDS","is_prod":false,"is_daily":false,"chose_seed":false,"campfire_upgraded":4,"win_rate":0,"timestamp":1556825700,"path_taken":["M","?","M","?","M","R","E","R","T","R","E","M","R","?","R","BOSS"],"build_version":"2019-04-23","purchased_purges":0,"victory":false,"max_hp_per_floor":[71,71,71,71,71,71,76,76,76,76,76,76,76,76,76,76],"card_choices":[{"not_picked":["White Noise","Stack"],"picked":"Self Repair","floor":0},{"not_picked":["White Noise","Sweeping Beam"],"picked":"Gash","floor":1},{"not_picked":["Stack","Darkness"],"picked":"Compile Driver","floor":3},{"not_picked":["Self Repair","Skim"],"picked":"Hologram","floor":5},{"not_picked":["Barrage","Heatsinks"],"picked":"Defragment","floor":7},{"not_picked":["Fission","Streamline"],"picked":"Sweeping Beam","floor":11},{"not_picked":["Lockon","Static Discharge"],"picked":"Capacitor","floor":12},{"not_picked":["Redo","Double Energy"],"picked":"Genetic Algorithm","floor":14}],"player_experience":1444171,"relics_obtained":[{"floor":7,"key":"Bag of Marbles"},{"floor":11,"key":"Gambling Chip"}],"event_choices":[{"damage_healed":0,"gold_gain":0,"player_choice":"Bought 1 Potion","damage_taken":0,"max_hp_gain":0,"max_hp_loss":0,"event_name":"The Woman in Blue","floor":2,"gold_loss":0}],"is_beta":true,"boss_relics":[],"items_purged_floors":[],"is_endless":false,"potions_floor_spawned":[3,12,14],"killed_by":"The Guardian","ascension_level":17}