{"gold_per_floor":[113,124,136,24,40,65,84,84,108,108,122,150,150,166,166,244,244,244,244,169,169,3,3,3,3,3,3,3,3,3,3,3,3],"floor_reached":33,"playtime":1181,"items_purged":["Strike_G"],"score":530,"play_id":"a0b4f6df-bc0c-43c1-85cb-0139bc9e673a","local_time":"20190507193240","is_ascension_mode":true,"campfire_choices":[{"floor":8,"key":"REST"},{"data":"A Thousand Cuts","floor":10,"key":"SMITH"},{"data":"Cloak And Dagger","floor":13,"key":"SMITH"},{"floor":15,"key":"REST"},{"floor":23,"key":"REST"},{"floor":27,"key":"REST"},{"floor":32,"key":"REST"}],"neow_cost":"NONE","seed_source_timestamp":1401028210246502,"circlet_count":0,"master_deck":["AscendersBane","Defend_G","Defend_G","Defend_G","Defend_G","Defend_G","Strike_G","Strike_G","Strike_G","Strike_G","Survivor","Neutralize","Blade Dance","Dagger Spray","Flying Knee","Caltrops","Cloak And Dagger+1","A Thousand Cuts+1","Expertise","PiercingWail","Backstab","Infinite Blades","Heel Hook","Tools of the Trade","Blur+1","Blade Dance","After Image","Malaise+1","Blade Dance","Choke"],"relics":["Ring of the Snake","NeowsBlessing","Strawberry","Vajra","Anchor","Ectoplasm","Bronze Scales","Omamori","Singing Bowl"],"potions_floor_usage":[7,12,16,19,24,33],"damage_taken":[{"damage":0,"enemies":"Cultist","floor":1,"turns":1},{"damage":0,"enemies":"2 Louse","floor":2,"turns":1},{"damage":0,"enemies":"Small Slimes","floor":3,"turns":1},{"damage":5,"enemies":"2 Fungi Beasts","floor":5,"turns":4},{"damage":22,"enemies":"3 Sentries","floor":6,"turns":4},{"damage":12,"enemies":"Lots of Slimes","floor":7,"turns":4},{"damage":6,"enemies":"Blue Slaver","floor":11,"turns":4},{"damage":22,"enemies":"Lagavulin","floor":12,"turns":6},{"damage":1,"enemies":"Exordium Thugs","floor":14,"turns":4},{"damage":25,"enemies":"Slime Boss","floor":16,"turns":7},{"damage":19,"enemies":"Spheric Guardian","floor":18,"turns":4},{"damage":19,"enemies":"Chosen","floor":19,"turns":4},{"damage":3,"enemies":"Snake Plant","floor":21,"turns":4},{"damage":29,"enemies":"Book of Stabbing","floor":24,"turns":5},{"damage":5,"enemies":"Shelled Parasite and Fungi","floor":25,"turns":4},{"damage":18,"enemies":"Cultist and Chosen","floor":29,"turns":8},{"damage":48,"enemies":"Champ","floor":33,"turns":9}],"seed_played":"355875717819719511","potions_obtained":[{"floor":5,"key":"EssenceOfSteel"},{"floor":6,"key":"Energy Potion"},{"floor":7,"key":"Energy Potion"},{"floor":14,"key":"SteroidPotion"},{"floor":19,"key":"SneckoOil"},{"floor":24,"key":"PowerPotion"},{"floor":29,"key":"FearPotion"}],"is_trial":false,"path_per_floor":["M","M","M","$","M","E","M","R","T","R","M","E","R","M","R","B",null,"M","M","$","M","$","R","E","M","T","R","?","M","?","?","R","B"],"character_chosen":"THE_SILENT","items_purchased":["Caltrops","Cloak And Dagger","After Image"],"campfire_rested":5,"item_purchase_floors":[4,4,22],"current_hp_per_floor":[59,59,59,59,54,39,27,48,48,48,42,20,20,19,40,15,59,40,21,21,18,18,39,10,5,5,26,26,8,8,8,29,0],"gold":3,"neow_bonus":"THREE_ENEMY_KILL","is_prod":false,"is_daily":false,"chose_seed":false,"campfire_upgraded":2,"win_rate":0,"timestamp":1557250360,"path_taken":["M","?","M","?","?","E","M","R","T","R","M","E","R","M","R","BOSS","M","M","$","M","$","R","E","M","T","R","?","M","?","?","R","BOSS"],"build_version":"2019-04-23","purchased_purges":1,"victory":false,"max_hp_per_floor":[66,66,66,66,66,73,73,73,73,73,73,73,73,73,73,73,73,73,73,73,73,73,73,73,73,73,73,73,73,73,73,73,73],"card_choices":[{"not_picked":["Deflect","Dagger Throw"],"picked":"Blade Dance","floor":1},{"not_picked":["Prepared","Blade Dance"],"picked":"Dagger Spray","floor":2},{"not_picked":["Poisoned Stab","Expertise"],"picked":"Flying Knee","floor":3},{"not_picked":["Slice","Sucker Punch"],"picked":"A Thousand Cuts","floor":5},{"not_picked":["Reflex","Deadly Poison"],"picked":"Expertise","floor":6},{"not_picked":["Quick Slash","Sucker Punch"],"picked":"PiercingWail","floor":7},{"not_picked":["Bane","Acrobatics"],"picked":"Backstab","floor":11},{"not_picked":["Blade Dance","Bane"],"picked":"Infinite Blades","floor":12},{"not_picked":["Quick Slash","Slice"],"picked":"Heel Hook","floor":14},{"not_picked":["Grand Finale","Bullet Time"],"picked":"Tools of the Trade","floor":16},{"not_picked":["PiercingWail","Deadly Poison+1"],"picked":"Blur+1","floor":18},{"not_picked":["Bane","Skewer","Underhanded Strike"],"picked":"SKIP","floor":19},{"not_picked":["Reflex+1","Underhanded Strike"],"picked":"Blade Dance","floor":21},{"not_picked":["Dagger Spray","Storm of Steel"],"picked":"Malaise","floor":24},{"not_picked":["Infinite Blades","Dash"],"picked":"Blade Dance","floor":25},{"not_picked":["Slice","Heel Hook"],"picked":"Choke","floor":29}],"player_experience":1574269,"relics_obtained":[{"floor":6,"key":"Strawberry"},{"floor":9,"key":"Vajra"},{"floor":12,"key":"Anchor"},{"floor":24,"key":"Bronze Scales"},{"floor":26,"key":"Omamori"}],"event_choices":[{"damage_healed":0,"gold_gain":0,"player_choice":"Opened","damage_taken":0,"relics_obtained":["Singing Bowl"],"max_hp_gain":0,"max_hp_loss":0,"event_name":"The Mausoleum","floor":28,"gold_loss":0,"cards_obtained":["Writhe"]},{"damage_healed":0,"gold_gain":0,"player_choice":"Ignored","damage_taken":0,"max_hp_gain":0,"max_hp_loss":0,"event_name":"Cursed Tome","floor":30,"gold_loss":0},{"damage_healed":0,"gold_gain":0,"player_choice":"Forge","damage_taken":0,"max_hp_gain":0,"max_hp_loss":0,"event_name":"Accursed Blacksmith","floor":31,"gold_loss":0,"cards_upgraded":["Malaise"]}],"is_beta":true,"boss_relics":[{"not_picked":["Philosopher\u0027s Stone","HoveringKite"],"picked":"Ectoplasm"}],"items_purged_floors":[20],"is_endless":false,"potions_floor_spawned":[5,6,7,14,19,24,29],"killed_by":"Champ","ascension_level":18}