{"gold_per_floor":[114,35,185,185,208,208,220,220,244,244,278,290,335,359,371,456,468,495,206,206,217,234,234,248,248,274,274,302,302,302,227,227,301,301,314,314],"floor_reached":36,"playtime":2370,"items_purged":["Doubt"],"score":781,"play_id":"c6900658-d83e-4cff-901a-01f205a0d382","local_time":"20190506212208","is_ascension_mode":true,"campfire_choices":[{"data":"Conserve Battery","floor":6,"key":"SMITH"},{"data":"Coolheaded","floor":8,"key":"SMITH"},{"data":"Go for the Eyes","floor":10,"key":"SMITH"},{"floor":12,"key":"REST"},{"data":"1","floor":15,"key":"LIFT"},{"floor":23,"key":"REST"},{"floor":25,"key":"REST"},{"floor":27,"key":"REST"},{"floor":29,"key":"REST"},{"floor":32,"key":"REST"}],"neow_cost":"NONE","seed_source_timestamp":1320006500123616,"circlet_count":0,"master_deck":["AscendersBane","Zap","Dualcast","Conserve Battery+1","Ball Lightning","Coolheaded+1","Go for the Eyes+1","Reprogram","Capacitor","Steam","Echo Form","Coolheaded+1","Reprogram+1","Cold Snap+1","Defragment","Stack+1","Stack+1","Coolheaded+1","Barrage","Electrodynamics","Genetic Algorithm+1","Creative AI","Compile Driver","Heatsinks","Force Field+1"],"relics":["Cracked Core","NeowsBlessing","PreservedInsect","Orichalcum","Happy Flower","MawBank","Girya","Astrolabe","MealTicket","Toxic Egg 2","Centennial Puzzle","Bag of Marbles","Pandora\u0027s Box"],"potions_floor_usage":[13,21,22,33],"damage_taken":[{"damage":0,"enemies":"Jaw Worm","floor":1,"turns":1},{"damage":0,"enemies":"2 Louse","floor":7,"turns":1},{"damage":0,"enemies":"Gremlin Nob","floor":11,"turns":1},{"damage":3,"enemies":"Lagavulin","floor":13,"turns":5},{"damage":3,"enemies":"Cultist","floor":14,"turns":4},{"damage":26,"enemies":"The Guardian","floor":16,"turns":13},{"damage":13,"enemies":"Spheric Guardian","floor":18,"turns":6},{"damage":20,"enemies":"3 Byrds","floor":21,"turns":6},{"damage":23,"enemies":"3 Cultists","floor":22,"turns":7},{"damage":15,"enemies":"Snecko","floor":24,"turns":10},{"damage":31,"enemies":"Book of Stabbing","floor":28,"turns":6},{"damage":37,"enemies":"Champ","floor":33,"turns":17},{"damage":31,"enemies":"3 Darklings","floor":35,"turns":7},{"damage":29,"enemies":"3 Shapes","floor":36,"turns":3}],"seed_played":"4658560812612421887","potions_obtained":[{"floor":7,"key":"Weak Potion"},{"floor":11,"key":"Swift Potion"},{"floor":21,"key":"Fire Potion"},{"floor":28,"key":"SkillPotion"}],"is_trial":false,"path_per_floor":["M","$","?","?","T","R","M","R","T","R","E","R","E","M","R","B",null,"M","$","T","M","M","R","M","R","T","R","E","R","?","?","R","B",null,"M","M"],"character_chosen":"DEFECT","items_purchased":["Ball Lightning","Coolheaded","MealTicket"],"campfire_rested":6,"item_purchase_floors":[2,2,19],"current_hp_per_floor":[64,64,64,38,38,38,38,38,38,38,38,59,56,53,53,27,60,47,47,47,27,4,25,10,31,31,52,21,42,22,22,44,7,59,28,0],"gold":314,"neow_bonus":"THREE_ENEMY_KILL","is_prod":false,"is_daily":false,"chose_seed":false,"campfire_upgraded":3,"win_rate":0,"timestamp":1557170528,"path_taken":["M","$","?","?","?","R","M","R","T","R","E","R","E","M","R","BOSS","M","$","?","M","?","R","M","R","T","R","E","R","?","?","R","BOSS","M","M"],"build_version":"2019-04-23","purchased_purges":1,"victory":false,"max_hp_per_floor":[71,71,71,71,71,71,71,71,71,71,71,71,71,71,71,71,71,71,71,71,71,71,71,71,71,71,71,71,71,76,76,76,76,76,76,76],"card_choices":[{"not_picked":["Rebound","Sweeping Beam"],"picked":"Conserve Battery","floor":1},{"not_picked":["Lockon","Coolheaded"],"picked":"Go for the Eyes","floor":7},{"not_picked":["Rebound","Storm"],"picked":"Reprogram","floor":11},{"not_picked":["Melter","Coolheaded"],"picked":"Capacitor","floor":13},{"not_picked":["Thunder Strike","Redo"],"picked":"Steam","floor":14},{"not_picked":["Machine Learning","Meteor Strike"],"picked":"Echo Form","floor":16},{"not_picked":["Hologram","Turbo"],"picked":"Defragment","floor":18},{"not_picked":["Defragment","Skim+1"],"picked":"Stack+1","floor":21},{"not_picked":["Ball Lightning","Steam+1"],"picked":"Stack+1","floor":22},{"not_picked":["Undo+1","Gash"],"picked":"Coolheaded+1","floor":24},{"not_picked":["Fusion+1","Leap+1"],"picked":"Barrage","floor":28},{"not_picked":["Buffer","Seek+1"],"picked":"Electrodynamics","floor":33},{"not_picked":["Ball Lightning","Steam+1"],"picked":"Force Field+1","floor":35}],"player_experience":1549488,"relics_obtained":[{"floor":5,"key":"Orichalcum"},{"floor":9,"key":"Happy Flower"},{"floor":11,"key":"MawBank"},{"floor":13,"key":"Girya"},{"floor":20,"key":"Toxic Egg 2"},{"floor":26,"key":"Centennial Puzzle"},{"floor":28,"key":"Bag of Marbles"}],"event_choices":[{"damage_healed":0,"gold_gain":150,"player_choice":"AGREE","damage_taken":0,"max_hp_gain":0,"max_hp_loss":0,"event_name":"Liars Game","floor":3,"gold_loss":0,"cards_obtained":["Doubt"]},{"damage_healed":0,"gold_gain":0,"player_choice":"Success","damage_taken":26,"relics_obtained":["PreservedInsect"],"max_hp_gain":0,"max_hp_loss":0,"event_name":"Scrap Ooze","floor":4,"gold_loss":0},{"damage_healed":0,"gold_gain":0,"player_choice":"Shed Blood","damage_taken":25,"max_hp_gain":5,"max_hp_loss":0,"event_name":"Forgotten Altar","floor":30,"gold_loss":0},{"cards_removed":["Strike_B"],"damage_healed":0,"gold_gain":0,"player_choice":"Gave Gold","damage_taken":0,"max_hp_gain":0,"max_hp_loss":0,"event_name":"Beggar","floor":31,"gold_loss":75}],"is_beta":true,"boss_relics":[{"not_picked":["Coffee Dripper","Orrery"],"picked":"Astrolabe"},{"not_picked":["Calling Bell","Empty Cage"],"picked":"Pandora\u0027s Box"}],"items_purged_floors":[19],"is_endless":false,"potions_floor_spawned":[7,11,21,28],"killed_by":"3 Shapes","ascension_level":18}