{"gold_per_floor":[115,115,115,162,180,180,208,3,3,3,3,17,30,30],"floor_reached":14,"playtime":450,"items_purged":[],"score":132,"play_id":"0fa99de4-9ae7-4d23-906f-682cee8576d5","local_time":"20190326155530","is_ascension_mode":true,"campfire_choices":[{"data":"Reinforced Body","floor":6,"key":"SMITH"},{"floor":10,"key":"REST"}],"neow_cost":"NONE","seed_source_timestamp":522359632440900,"circlet_count":0,"master_deck":["AscendersBane","Strike_B","Strike_B","Strike_B","Strike_B","Defend_B+1","Defend_B","Defend_B","Defend_B+1","Zap","Dualcast","Reinforced Body+1","Regret","Redo","Streamline","Capacitor","Poisoned Stab"],"relics":["Cracked Core","Regal Pillow","War Paint","Omamori","Toxic Egg 2","PrismaticShard","Singing Bowl"],"potions_floor_usage":[13],"damage_taken":[{"damage":8,"enemies":"2 Louse","floor":1,"turns":2},{"damage":2,"enemies":"Small Slimes","floor":5,"turns":3},{"damage":50,"enemies":"Gremlin Nob","floor":7,"turns":5},{"damage":14,"enemies":"Jaw Worm","floor":12,"turns":3},{"damage":17,"enemies":"Exordium Thugs","floor":13,"turns":5},{"damage":19,"enemies":"Exordium Wildlife","floor":14,"turns":1}],"seed_played":"-496586941905551846","potions_obtained":[{"floor":1,"key":"GamblersBrew"},{"floor":7,"key":"EssenceOfSteel"}],"is_trial":false,"path_per_floor":["M","?","?","T","M","R","E","$","T","R","$","M","M","M"],"character_chosen":"DEFECT","items_purchased":["PrismaticShard"],"campfire_rested":1,"item_purchase_floors":[8],"current_hp_per_floor":[60,60,60,60,58,58,8,8,8,45,45,31,14,0],"gold":30,"neow_bonus":"RANDOM_COMMON_RELIC","is_prod":false,"is_daily":false,"chose_seed":false,"campfire_upgraded":1,"win_rate":0,"timestamp":1553630130,"path_taken":["M","?","?","?","M","R","E","$","T","R","$","M","M","?"],"build_version":"2019-01-23","purchased_purges":0,"victory":false,"max_hp_per_floor":[75,75,75,75,75,75,75,75,75,75,75,75,75,75],"card_choices":[{"not_picked":["Heatsinks","Steam"],"picked":"Reinforced Body","floor":1},{"not_picked":["Beam Cell","Ball Lightning"],"picked":"Redo","floor":5},{"not_picked":["Barrage","All For One"],"picked":"Streamline","floor":7},{"not_picked":["Warcry+1","Ghostly Armor+1"],"picked":"Capacitor","floor":12},{"not_picked":["Uppercut","Ball Lightning"],"picked":"Poisoned Stab","floor":13}],"player_experience":2517267,"relics_obtained":[{"floor":4,"key":"Omamori"},{"floor":7,"key":"Toxic Egg 2"},{"floor":9,"key":"Singing Bowl"}],"event_choices":[{"damage_healed":0,"gold_gain":0,"player_choice":"Box","damage_taken":0,"relics_obtained":["War Paint"],"max_hp_gain":0,"max_hp_loss":0,"event_name":"Big Fish","floor":2,"gold_loss":0,"cards_obtained":["Regret"]},{"damage_healed":0,"gold_gain":0,"player_choice":"Ignored","damage_taken":0,"max_hp_gain":0,"max_hp_loss":0,"event_name":"Golden Idol","floor":3,"gold_loss":0}],"is_beta":false,"boss_relics":[],"items_purged_floors":[],"is_endless":false,"potions_floor_spawned":[1,7],"killed_by":"Exordium Wildlife","ascension_level":10}