{"gold_per_floor":[10,25,43,59,69,69,244,258,312,322,339,61,61,61,61,61],"floor_reached":16,"playtime":1004,"items_purged":[],"score":96,"play_id":"a4b4d8f8-e334-4eb5-ab24-9f9edc2ff803","local_time":"20180624011523","is_ascension_mode":false,"campfire_choices":[{"data":"Double Tap","floor":6,"key":"SMITH"},{"floor":15,"key":"REST"}],"neow_cost":"NO_GOLD","seed_source_timestamp":22857331356400,"circlet_count":0,"master_deck":["Strike_R","Strike_R","Strike_R","Strike_R","Strike_R","Defend_R+1","Defend_R","Defend_R+1","Defend_R","Bash","Double Tap+1","Thunderclap","Intimidate","Whirlwind","Sword Boomerang","Doubt","Ghostly Armor","True Grit","Ghostly Armor","Feel No Pain"],"relics":["Burning Blood","Strawberry","Shuriken"],"potions_floor_usage":[16,16,16],"damage_taken":[{"damage":4,"enemies":"Cultist","floor":1,"turns":4},{"damage":8,"enemies":"2 Louse","floor":2,"turns":2},{"damage":9,"enemies":"Jaw Worm","floor":3,"turns":4},{"damage":27,"enemies":"Exordium Thugs","floor":4,"turns":6},{"damage":2,"enemies":"Large Slime","floor":5,"turns":5},{"damage":6,"enemies":"Exordium Wildlife","floor":8,"turns":4},{"damage":3,"enemies":"2 Fungi Beasts","floor":10,"turns":3},{"damage":10,"enemies":"Exordium Thugs","floor":11,"turns":3},{"damage":80,"enemies":"The Guardian","floor":16,"turns":19}],"seed_played":"-395006295383474670","potions_obtained":[{"floor":2,"key":"Fire Potion"},{"floor":4,"key":"Weak Potion"},{"floor":8,"key":"SteroidPotion"}],"is_trial":false,"path_per_floor":["M","M","M","M","M","R","?","M","T","M","M","$","?","?","R"],"character_chosen":"IRONCLAD","items_purchased":["Shuriken","Feel No Pain"],"campfire_rested":1,"item_purchase_floors":[12,12],"current_hp_per_floor":[80,78,75,54,58,58,58,58,65,68,64,64,47,52,78,0],"gold":61,"neow_bonus":"THREE_RARE_CARDS","is_prod":false,"is_daily":false,"chose_seed":false,"campfire_upgraded":1,"win_rate":0.0,"timestamp":1529817323,"path_taken":["M","M","M","?","M","R","?","M","T","M","M","?","?","?","R","BOSS"],"build_version":"2018-06-21v2","purchased_purges":0,"victory":false,"max_hp_per_floor":[80,80,80,80,80,80,80,80,87,87,87,87,87,87,87,87],"card_choices":[{"not_picked":["Bludgeon","Berserk"],"picked":"Double Tap","floor":0},{"not_picked":["Body Slam","Heavy Blade"],"picked":"Thunderclap","floor":1},{"not_picked":["Corruption","Clash"],"picked":"Intimidate","floor":2},{"not_picked":["Flame Barrier","Twin Strike"],"picked":"Whirlwind","floor":3},{"not_picked":["True Grit","Power Through"],"picked":"Sword Boomerang","floor":4},{"not_picked":["True Grit","Wild Strike"],"picked":"Cleave","floor":5},{"not_picked":["Cleave","Fire Breathing"],"picked":"Ghostly Armor","floor":8},{"not_picked":["Cleave","Second Wind"],"picked":"True Grit","floor":10},{"not_picked":["Iron Wave","Perfected Strike"],"picked":"Ghostly Armor","floor":11}],"player_experience":53197,"relics_obtained":[{"floor":9,"key":"Strawberry"}],"event_choices":[{"event_name":"Liars Game","player_choice":"agreed","floor":7,"damage_taken":0},{"event_name":"Shining Light","player_choice":"Entered Light","floor":13,"damage_taken":0},{"event_name":"Bonfire Elementals","player_choice":"COMMON","floor":14,"damage_taken":0}],"boss_relics":[],"items_purged_floors":[],"is_endless":false,"potions_floor_spawned":[2,4,8,10],"killed_by":"The Guardian","ascension_level":0}