{"path_per_floor":["M","?","M","M","M","R","E","$","T","E","?","M","M","M","R"],"character_chosen":"IRONCLAD","items_purchased":["Regen Potion"],"gold_per_floor":[109,109,123,141,161,161,191,65,115,145,212,232,250,262,262],"floor_reached":16,"campfire_rested":0,"playtime":646,"current_hp_per_floor":[80,77,75,80,76,76,42,42,42,45,45,50,46,51,51],"items_purged":["Strike_R"],"gold":262,"score":168,"play_id":"f4d0c118-f11d-4fe6-9711-5af9e0cd3091","is_prod":false,"is_daily":false,"is_ascension_mode":true,"campfire_upgraded":2,"path_taken":["M","?","M","M","M","R","E","$","T","E","?","M","M","M","R","BOSS"],"build_version":"2018-02-08-PROD1","purchased_purges":1,"victory":false,"master_deck":["Strike_R","Strike_R","Strike_R","Strike_R","Defend_R","Defend_R","Defend_R","Defend_R","Bash","Anger","Carnage+1","Heavy Blade","Feed","Flex","Heavy Blade+1","Flex","Flex","Uppercut"],"max_hp_per_floor":[80,80,80,80,80,80,87,87,87,90,90,93,96,99,99],"relics":["Burning Blood","Self Forming Clay","Strawberry","Art of War","Frozen Egg 2"],"card_choices":[{"not_picked":["True Grit","Thunderclap"],"picked":"Anger"},{"not_picked":["Infernal Blade","Warcry"],"picked":"Carnage"},{"not_picked":["Fire Breathing","Havoc"],"picked":"Heavy Blade"},{"not_picked":["Anger","Pommel Strike"],"picked":"Feed"},{"not_picked":["Iron Wave","Battle Trance"],"picked":"Flex"},{"not_picked":["Clash","Body Slam"],"picked":"Heavy Blade"},{"not_picked":["Blood for Blood","Cleave"],"picked":"Flex"},{"not_picked":["Blood for Blood","Disarm"],"picked":"Flex"},{"not_picked":["Whirlwind","Seeing Red"],"picked":"Uppercut"}],"player_experience":498893,"potions_floor_usage":[10,10,14,16],"damage_taken":[{"damage":6,"enemies":"Cultist","floor":1,"turns":4},{"damage":8,"enemies":"Jaw Worm","floor":3,"turns":4},{"damage":0,"enemies":"Small Slimes","floor":4,"turns":3},{"damage":10,"enemies":"Gremlin Gang","floor":5,"turns":6},{"damage":47,"enemies":"Lagavulin","floor":7,"turns":6},{"damage":15,"enemies":"3 Sentries","floor":10,"turns":4},{"damage":4,"enemies":"2 Fungi Beasts","floor":12,"turns":3},{"damage":13,"enemies":"3 Louse","floor":13,"turns":4},{"damage":4,"enemies":"Lots of Slimes","floor":14,"turns":2},{"damage":56,"enemies":"Hexaghost","floor":16,"turns":8}],"event_choices":[{"event_name":"Scrap Ooze","player_choice":"success","floor":2,"damage_taken":3},{"event_name":"Golden Wing","player_choice":"Gained Gold","floor":11,"damage_taken":0}],"boss_relics":[],"potions_floor_spawned":[3,10,13,14],"seed_played":"-3767834183437385649","killed_by":"Hexaghost","ascension_level":5,"is_trial":false}