{"gold_per_floor":[113,126,136,211,211,211,229,229,280,55,66,100,100,116,116,219,219,184,203,102,102],"floor_reached":21,"playtime":797,"items_purged":["Strike_B"],"score":235,"play_id":"85498c58-1691-4fb3-bc80-9b7112cc1703","local_time":"20190424201112","is_ascension_mode":true,"campfire_choices":[{"data":"Zap","floor":6,"key":"SMITH"},{"floor":8,"key":"REST"},{"floor":15,"key":"REST"}],"neow_cost":"NONE","seed_source_timestamp":0,"circlet_count":0,"master_deck":["Strike_B","Strike_B","Strike_B","Defend_B","Defend_B","Defend_B+1","Defend_B","Zap+1","Dualcast+1","Compile Driver","Cold Snap","Streamline","Gash","Redo","Reinforced Body","Chill","Steam","Echo Form","Barrage","Ball Lightning","Conserve Battery"],"special_seed":0,"relics":["Cracked Core","Ancient Tea Set","Lantern","ClockworkSouvenir","War Paint","Inserter"],"potions_floor_usage":[12,16,21,21],"damage_taken":[{"damage":0,"enemies":"2 Louse","floor":1,"turns":2},{"damage":12,"enemies":"Small Slimes","floor":2,"turns":4},{"damage":0,"enemies":"Cultist","floor":3,"turns":4},{"damage":11,"enemies":"Gremlin Gang","floor":7,"turns":3},{"damage":31,"enemies":"Large Slime","floor":11,"turns":5},{"damage":15,"enemies":"3 Sentries","floor":12,"turns":8},{"damage":1,"enemies":"Looter","floor":14,"turns":3},{"damage":3,"enemies":"Hexaghost","floor":16,"turns":12},{"damage":31,"enemies":"2 Thieves","floor":18,"turns":5},{"damage":21,"enemies":"Chosen","floor":19,"turns":5},{"damage":13,"enemies":"Snecko","floor":21,"turns":3}],"seed_played":"-7858042470789511174","potions_obtained":[{"floor":1,"key":"EssenceOfSteel"},{"floor":11,"key":"Strength Potion"},{"floor":12,"key":"FearPotion"},{"floor":13,"key":"Energy Potion"},{"floor":13,"key":"FocusPotion"},{"floor":16,"key":"EssenceOfSteel"}],"is_trial":false,"path_per_floor":["M","M","M","?","?","R","M","R","T","$","M","E","?","M","R","B",null,"M","M","$","M"],"character_chosen":"DEFECT","items_purchased":["ClockworkSouvenir","Redo","Conserve Battery"],"campfire_rested":2,"item_purchase_floors":[10,10,20],"current_hp_per_floor":[68,56,56,45,45,45,34,56,56,56,25,10,10,9,31,28,63,32,11,11,0],"gold":102,"neow_bonus":"RANDOM_COMMON_RELIC","is_prod":false,"is_daily":false,"chose_seed":false,"campfire_upgraded":1,"win_rate":0,"timestamp":1556129472,"path_taken":["M","M","M","?","?","R","M","R","T","$","M","E","?","M","R","BOSS","M","M","?","?"],"build_version":"2019-04-23","purchased_purges":1,"victory":false,"max_hp_per_floor":[75,75,75,75,75,75,75,75,75,75,75,75,75,75,75,75,75,75,75,75,75],"card_choices":[{"not_picked":["Blizzard","Stack"],"picked":"Compile Driver","floor":1},{"not_picked":["Leap","FTL"],"picked":"Cold Snap","floor":2},{"not_picked":["Rip and Tear","Coolheaded"],"picked":"Streamline","floor":3},{"not_picked":["Beam Cell","Hyperbeam"],"picked":"Gash","floor":7},{"not_picked":["Consume","Cold Snap"],"picked":"Reinforced Body","floor":11},{"not_picked":["Barrage","Go for the Eyes"],"picked":"Chill","floor":12},{"not_picked":["Streamline","Redo"],"picked":"Steam","floor":14},{"not_picked":["Meteor Strike","All For One"],"picked":"Echo Form","floor":16},{"not_picked":["Stack","Redo"],"picked":"Barrage","floor":18},{"not_picked":["Barrage","Heatsinks"],"picked":"Ball Lightning","floor":19}],"player_experience":1203357,"relics_obtained":[{"floor":9,"key":"Lantern"},{"floor":12,"key":"War Paint"}],"event_choices":[{"damage_healed":0,"gold_gain":75,"player_choice":"Gather Gold","damage_taken":11,"max_hp_gain":0,"max_hp_loss":0,"event_name":"World of Goop","floor":4,"gold_loss":0},{"damage_healed":0,"gold_gain":0,"player_choice":"Ignored","damage_taken":0,"max_hp_gain":0,"max_hp_loss":0,"event_name":"Liars Game","floor":5,"gold_loss":0},{"damage_healed":0,"gold_gain":0,"player_choice":"Got Potions","damage_taken":0,"max_hp_gain":0,"max_hp_loss":0,"event_name":"Lab","floor":13,"gold_loss":0}],"is_beta":true,"boss_relics":[{"not_picked":["Eternal Feather","Philosopher\u0027s Stone"],"picked":"Inserter"}],"items_purged_floors":[20],"is_endless":false,"potions_floor_spawned":[1,11,12,14,16],"killed_by":"Snecko","ascension_level":6}