{"gold_per_floor":[116,127,139,72,86,121,121,146,173,21,35,35],"floor_reached":12,"playtime":358,"items_purged":["Strike_B"],"score":108,"play_id":"090f08a3-895e-4df8-bdaa-606e38e471ce","local_time":"20190422162801","is_ascension_mode":true,"campfire_choices":[{"data":"Redo","floor":7,"key":"SMITH"}],"neow_cost":"NONE","seed_source_timestamp":94772864279880,"circlet_count":0,"master_deck":["Strike_B","Strike_B","Strike_B","Defend_B","Defend_B","Defend_B","Defend_B","Zap","Dualcast","Redo+1","Coolheaded","Doom and Gloom","Cold Snap","Electrodynamics","Loop","Genetic Algorithm"],"relics":["Cracked Core","Bronze Scales","Happy Flower","Dream Catcher"],"potions_floor_usage":[8],"damage_taken":[{"damage":1,"enemies":"Cultist","floor":1,"turns":3},{"damage":7,"enemies":"Jaw Worm","floor":2,"turns":3},{"damage":2,"enemies":"2 Louse","floor":3,"turns":2},{"damage":5,"enemies":"Red Slaver","floor":5,"turns":4},{"damage":16,"enemies":"3 Sentries","floor":6,"turns":7},{"damage":31,"enemies":"Gremlin Nob","floor":8,"turns":4},{"damage":0,"enemies":"Lots of Slimes","floor":11,"turns":1},{"damage":18,"enemies":"3 Louse","floor":12,"turns":1}],"seed_played":"1212413343124156351","potions_obtained":[{"floor":0,"key":"Weak Potion"},{"floor":0,"key":"SneckoOil"},{"floor":0,"key":"SmokeBomb"},{"floor":1,"key":"LiquidBronze"},{"floor":8,"key":"Fruit Juice"}],"is_trial":false,"path_per_floor":["M","M","M","$","M","E","R","E","T","$","M","M"],"character_chosen":"DEFECT","items_purchased":["Doom and Gloom","Loop"],"campfire_rested":0,"item_purchase_floors":[4,10],"current_hp_per_floor":[74,67,65,65,60,44,44,13,13,13,13,0],"gold":35,"neow_bonus":"THREE_SMALL_POTIONS","is_prod":false,"is_daily":false,"chose_seed":false,"campfire_upgraded":1,"win_rate":0,"timestamp":1555943281,"path_taken":["M","M","M","$","?","E","R","E","T","$","?","M"],"build_version":"2019-04-21","purchased_purges":1,"victory":false,"max_hp_per_floor":[75,75,75,75,75,75,75,75,75,75,75,75],"card_choices":[{"not_picked":["Reprogram","Barrage"],"picked":"Redo","floor":1},{"not_picked":["Turbo","Recycle","Conserve Battery"],"picked":"SKIP","floor":2},{"not_picked":["Steam","Gash"],"picked":"Coolheaded","floor":3},{"not_picked":["Rebound","White Noise"],"picked":"Cold Snap","floor":5},{"not_picked":["Cold Snap","Turbo","Coolheaded"],"picked":"SKIP","floor":6},{"not_picked":["Meteor Strike","Steam"],"picked":"Electrodynamics","floor":8},{"not_picked":["BootSequence","Darkness"],"picked":"Genetic Algorithm","floor":11}],"player_experience":1162521,"relics_obtained":[{"floor":6,"key":"Bronze Scales"},{"floor":8,"key":"Happy Flower"},{"floor":9,"key":"Dream Catcher"}],"event_choices":[],"is_beta":true,"boss_relics":[],"items_purged_floors":[10],"is_endless":false,"potions_floor_spawned":[1,2,8],"killed_by":"3 Louse","ascension_level":4}