{"gold_per_floor":[117,117,128,144,144,144,159,174,174,188,153,186,111,122,122,122],"floor_reached":16,"playtime":825,"items_purged":["Strike_B"],"score":125,"play_id":"96f7f000-85ac-438e-9c88-39780547f98c","local_time":"20180915000851","is_ascension_mode":true,"campfire_choices":[{"data":"Coolheaded","floor":6,"key":"SMITH"},{"floor":15,"key":"REST"}],"neow_cost":"CURSE","seed_source_timestamp":32126028070828,"circlet_count":0,"master_deck":["Strike_B","Strike_B","Strike_B","Defend_B","Defend_B","Defend_B","Defend_B","Zap","Dualcast","All For One","Capacitor","Coolheaded+1","Coolheaded","Streamline","Steam","Leap","Auto Shields"],"relics":["Cracked Core","Question Card","Bird Faced Urn"],"potions_floor_usage":[12,14],"damage_taken":[{"damage":6,"enemies":"Jaw Worm","floor":1,"turns":5},{"damage":14,"enemies":"2 Louse","floor":3,"turns":3},{"damage":7,"enemies":"Small Slimes","floor":4,"turns":3},{"damage":9,"enemies":"Looter","floor":7,"turns":3},{"damage":14,"enemies":"Large Slime","floor":8,"turns":8},{"damage":16,"enemies":"Blue Slaver","floor":10,"turns":4},{"damage":22,"enemies":"3 Sentries","floor":12,"turns":10},{"damage":0,"enemies":"Looter","floor":14,"turns":4},{"damage":34,"enemies":"Slime Boss","floor":16,"turns":11}],"seed_played":"9107245778181305614","potions_obtained":[{"floor":1,"key":"Poison Potion"},{"floor":3,"key":"Energy Potion"},{"floor":10,"key":"Swift Potion"},{"floor":12,"key":"GamblersBrew"}],"is_trial":false,"path_per_floor":["M","?","M","M","?","R","M","M","T","M","?","E","$","M","R"],"character_chosen":"DEFECT","items_purchased":[],"campfire_rested":1,"item_purchase_floors":[],"current_hp_per_floor":[69,69,55,48,48,48,39,25,25,9,27,5,5,5,27,0],"gold":122,"neow_bonus":"THREE_RARE_CARDS","is_prod":false,"is_daily":false,"chose_seed":false,"campfire_upgraded":1,"win_rate":0,"timestamp":1536984531,"path_taken":["M","?","M","M","?","R","M","M","T","M","?","E","?","M","R","BOSS"],"build_version":"2018-09-06","purchased_purges":1,"victory":false,"max_hp_per_floor":[75,75,75,75,75,75,75,75,75,75,75,75,75,75,75,75],"card_choices":[{"not_picked":["Fission","Rainbow"],"picked":"All For One","floor":0},{"not_picked":["Steam","Cold Snap"],"picked":"Capacitor","floor":1},{"not_picked":["Beam Cell","Ball Lightning"],"picked":"Coolheaded","floor":3},{"not_picked":["Genetic Algorithm","Steam"],"picked":"Coolheaded","floor":4},{"not_picked":["Hologram","Fission","Redo"],"picked":"SKIP","floor":7},{"not_picked":["Turbo","Heatsinks"],"picked":"Streamline","floor":8},{"not_picked":["Chaos","Skim","Beam Cell"],"picked":"Steam","floor":10},{"not_picked":["Coolheaded","Steam","Steam Power"],"picked":"Leap","floor":12},{"not_picked":["Ball Lightning","Tempest","Gash"],"picked":"Auto Shields","floor":14}],"player_experience":812044,"relics_obtained":[{"floor":9,"key":"Question Card"},{"floor":12,"key":"Bird Faced Urn"}],"event_choices":[{"event_name":"Liars Game","player_choice":"disagreed","floor":2,"damage_taken":0},{"event_name":"Living Wall","player_choice":"Forget","floor":5,"damage_taken":0},{"event_name":"The Cleric","player_choice":"Healed","floor":11,"damage_taken":0}],"is_beta":false,"boss_relics":[],"items_purged_floors":[13],"is_endless":false,"potions_floor_spawned":[1,3,10,12],"killed_by":"Slime Boss","ascension_level":4}