{"gold_per_floor":[117,117,130,147,161,161,189,261,284,284,303,321,151,212,212,286,286,297,297,322,322,334,334,384,384,408,408],"floor_reached":27,"playtime":3497,"items_purged":["Regret"],"score":369,"play_id":"cc77f117-5af5-496c-9669-c81900d7710e","local_time":"20190425221413","is_ascension_mode":true,"campfire_choices":[{"data":"Scrape","floor":6.0,"key":"SMITH"},{"floor":10.0,"key":"REST"},{"floor":15.0,"key":"REST"},{"data":"Scrape","floor":23.0,"key":"SMITH"},{"data":"Gash","floor":25.0,"key":"SMITH"}],"neow_cost":"TEN_PERCENT_HP_LOSS","seed_source_timestamp":0,"circlet_count":0,"master_deck":["AscendersBane","Zap","Dualcast","Scrape+1","Reinforced Body","Go for the Eyes+1","BootSequence","Gash","Gash+1","Bandage Up","Scrape+1","Core Surge+1","BootSequence","Recycle","Turbo","Turbo","Fission","Beam Cell+1","Conserve Battery+1","Writhe","Conserve Battery+1"],"special_seed":0,"relics":["Cracked Core","Thread and Needle","Centennial Puzzle","Gremlin Horn","Juzu Bracelet","Matryoshka","Pandora\u0027s Box","Red Mask","Omamori","Anchor","Whetstone"],"potions_floor_usage":[27],"damage_taken":[{"damage":1.0,"enemies":"Cultist","floor":1.0,"turns":3.0},{"damage":4.0,"enemies":"Jaw Worm","floor":3.0,"turns":4.0},{"damage":7.0,"enemies":"Small Slimes","floor":4.0,"turns":3.0},{"damage":2.0,"enemies":"Blue Slaver","floor":5.0,"turns":4.0},{"damage":27.0,"enemies":"3 Sentries","floor":7.0,"turns":7.0},{"damage":9.0,"enemies":"Lots of Slimes","floor":11.0,"turns":3.0},{"damage":4.0,"enemies":"3 Louse","floor":12.0,"turns":4.0},{"damage":18.0,"enemies":"Gremlin Nob","floor":14.0,"turns":4.0},{"damage":26.0,"enemies":"The Guardian","floor":16.0,"turns":9.0},{"damage":6.0,"enemies":"Shell Parasite","floor":18.0,"turns":5.0},{"damage":17.0,"enemies":"Masked Bandits","floor":20.0,"turns":5.0},{"damage":2.0,"enemies":"3 Byrds","floor":22.0,"turns":6.0},{"damage":92,"enemies":"Slavers","floor":27,"turns":6}],"seed_played":"2969881352899293563","potions_obtained":[{"floor":4.0,"key":"FocusPotion"},{"floor":5.0,"key":"Block Potion"},{"floor":7.0,"key":"Strength Potion"},{"floor":12.0,"key":"PowerPotion"},{"floor":14.0,"key":"PowerPotion"},{"floor":22.0,"key":"Regen Potion"}],"is_trial":false,"path_per_floor":["M","?","M","M","M","R","E","T","T","R","M","M","$","?","R","B",null,"M","?","?","?","M","R","?","R","T","E"],"character_chosen":"DEFECT","items_purchased":["Bandage Up"],"campfire_rested":2,"item_purchase_floors":[13],"current_hp_per_floor":[63,63,59,52,50,50,23,23,23,42,33,29,29,11,30,8,50,48,74,57,57,59,59,59,59,59,0],"gold":408,"neow_bonus":"REMOVE_TWO","is_prod":false,"is_daily":false,"chose_seed":false,"campfire_upgraded":3,"win_rate":0,"timestamp":1556244853,"path_taken":["M","?","M","M","M","R","E","?","T","R","M","M","$","?","R","BOSS","M","?","?","?","M","R","?","R","T","E"],"build_version":"2019-01-23","purchased_purges":1,"victory":false,"max_hp_per_floor":[64,64,64,64,64,64,64,64,64,64,64,64,64,64,64,64,64,64,74,74,74,74,74,74,74,74,74],"card_choices":[{"not_picked":["Barrage","Stack","Hologram"],"picked":"SKIP","floor":1.0},{"not_picked":["Gash","Darkness"],"picked":"Scrape","floor":3.0},{"not_picked":["Hologram","Conserve Battery"],"picked":"Reinforced Body","floor":4.0},{"not_picked":["Genetic Algorithm","Skim"],"picked":"Go for the Eyes","floor":5.0},{"not_picked":["Steam","Compile Driver"],"picked":"BootSequence","floor":7.0},{"not_picked":["Cold Snap","Capacitor"],"picked":"Gash","floor":11.0},{"not_picked":["Skim","Stack"],"picked":"Gash","floor":12.0},{"not_picked":["Sunder","Sweeping Beam"],"picked":"Scrape","floor":14.0},{"not_picked":["Biased Cognition","Fission"],"picked":"Core Surge","floor":16.0},{"not_picked":["Ball Lightning","Defragment"],"picked":"Beam Cell+1","floor":18.0},{"not_picked":["Compile Driver","Chill"],"picked":"Conserve Battery+1","floor":20.0},{"not_picked":["Streamline","Go for the Eyes"],"picked":"Conserve Battery+1","floor":22.0}],"player_experience":2844357,"relics_obtained":[{"floor":7.0,"key":"Centennial Puzzle"},{"floor":8.0,"key":"Gremlin Horn"},{"floor":9.0,"key":"Juzu Bracelet"},{"floor":14.0,"key":"Matryoshka"},{"floor":20.0,"key":"Red Mask"},{"floor":26.0,"key":"Anchor"},{"floor":26.0,"key":"Whetstone"}],"event_choices":[{"damage_healed":0.0,"max_hp_gain":0.0,"max_hp_loss":0.0,"gold_gain":0.0,"event_name":"Big Fish","player_choice":"Box","floor":2.0,"gold_loss":0.0,"damage_taken":0.0,"relics_obtained":["Thread and Needle"],"cards_obtained":["Regret"]},{"damage_healed":0.0,"max_hp_gain":0.0,"max_hp_loss":0.0,"gold_gain":0.0,"event_name":"Dead Adventurer","player_choice":"Searched \u00271\u0027 times","floor":14.0,"gold_loss":0.0,"damage_taken":0.0},{"cards_removed":["Meteor Strike"],"damage_healed":16.0,"max_hp_gain":10.0,"max_hp_loss":0.0,"gold_gain":0.0,"event_name":"Bonfire Elementals","player_choice":"Offered Rare","floor":19.0,"gold_loss":0.0,"damage_taken":0.0},{"damage_healed":0.0,"max_hp_gain":0.0,"max_hp_loss":0.0,"gold_gain":0.0,"event_name":"Masked Bandits","player_choice":"Fought Bandits","floor":20.0,"gold_loss":0.0,"damage_taken":0.0},{"damage_healed":0.0,"max_hp_gain":0.0,"max_hp_loss":0.0,"gold_gain":0.0,"event_name":"The Mausoleum","player_choice":"Opened","floor":21.0,"gold_loss":0.0,"damage_taken":0.0,"relics_obtained":["Omamori"],"cards_obtained":["Writhe"]},{"damage_healed":0.0,"max_hp_gain":0.0,"max_hp_loss":0.0,"gold_gain":50.0,"event_name":"Nest","player_choice":"Stole From Cult","floor":24.0,"gold_loss":0.0,"damage_taken":0.0}],"is_beta":false,"boss_relics":[{"not_picked":["Runic Dome","Velvet Choker"],"picked":"Pandora\u0027s Box"}],"items_purged_floors":[13],"is_endless":false,"potions_floor_spawned":[4,5,7,12,14,22],"killed_by":"Slavers","ascension_level":15}