{"path_per_floor":["M","$","M","?","?","R","$","R","T","R","E","R","M","M","R","B",null,"M","?","M","$","M","E","M"],"character_chosen":"IRONCLAD","items_purchased":["Searing Blow","Happy Flower"],"gold_per_floor":[117,37,50,225,225,225,3,3,3,3,35,35,46,59,59,157,157,173,98,116,16,34,61,71],"floor_reached":25,"campfire_rested":0,"playtime":1442,"current_hp_per_floor":[80,80,80,80,64,64,64,64,71,71,51,51,49,50,50,26,87,87,87,87,87,87,28,35],"items_purged":["Doubt","Strike_R"],"gold":71,"play_id":"38447110-4341-423c-a78d-9a6109859ad2","is_prod":false,"is_daily":false,"is_ascension_mode":true,"campfire_upgraded":5,"path_taken":["M","$","M","?","?","R","$","R","T","R","E","R","M","M","R","BOSS","M","?","M","$","M","E","M","E"],"build_version":"2018-02-01-PROD3","purchased_purges":2,"victory":false,"master_deck":["Strike_R","Strike_R","Strike_R","Defend_R","Defend_R","Defend_R","Defend_R","Bash","Rupture","Searing Blow+6","Double Tap+1","True Grit","Shrug It Off","Reaper","Thunderclap"],"max_hp_per_floor":[80,80,80,80,80,80,80,80,87,87,87,87,87,87,87,87,87,87,87,87,87,87,87,87],"relics":["Black Blood","Happy Flower","Strawberry","Charon\u0027s Ashes","Anchor"],"card_choices":[{"not_picked":["Iron Wave","Clothesline"],"picked":"Rupture"},{"not_picked":["Clash","Sword Boomerang"],"picked":"Double Tap"},{"not_picked":["Carnage","Flex"],"picked":"True Grit"},{"not_picked":["Spot Weakness","Havoc"],"picked":"Shrug It Off"},{"not_picked":["Dark Embrace","Exhume"],"picked":"Reaper"},{"not_picked":["Sever Soul","Fire Breathing"],"picked":"Thunderclap"}],"player_experience":382981,"potions_floor_usage":[11,23,24,25],"damage_taken":[{"damage":0,"enemies":"Small Slimes","floor":1,"turns":3},{"damage":4,"enemies":"2 Louse","floor":3,"turns":3},{"damage":26,"enemies":"Lagavulin","floor":11,"turns":5},{"damage":8,"enemies":"Blue Slaver","floor":13,"turns":2},{"damage":5,"enemies":"2 Fungi Beasts","floor":14,"turns":5},{"damage":30,"enemies":"Hexaghost","floor":16,"turns":8},{"damage":0,"enemies":"Chosen","floor":18,"turns":3},{"damage":6,"enemies":"Spheric Guardian","floor":20,"turns":3},{"damage":6,"enemies":"Centurion and Healer","floor":22,"turns":4},{"damage":81,"enemies":"Slavers","floor":23,"turns":8},{"damage":21,"enemies":"3 Cultists","floor":24,"turns":5},{"damage":53,"enemies":"Gremlin Leader","floor":25,"turns":4}],"event_choices":[{"event_name":"Liars Game","player_choice":"agreed","floor":4,"damage_taken":0},{"event_name":"Shining Light","player_choice":"Entered Light","floor":5,"damage_taken":0},{"event_name":"Beggar","player_choice":"Gave Gold","floor":19,"damage_taken":0}],"boss_relics":[{"not_picked":["Orrery","Astrolabe"],"picked":"Black Blood"}],"potions_floor_spawned":[1,16,20,24],"seed_played":"6475275057550607559","killed_by":"Gremlin Leader","ascension_level":2,"is_trial":false}