{"gold_per_floor":[18,18,37,54,66,93,60,75,75,93,106,120,120,136,136,136],"floor_reached":16,"playtime":2493,"items_purged":[],"score":108,"play_id":"9a8575a8-6179-42d3-a627-2c25a839a48b","local_time":"20180623203339","is_ascension_mode":false,"campfire_choices":[{"floor":13,"key":"REST"},{"floor":15,"key":"REST"}],"neow_cost":"NO_GOLD","seed_source_timestamp":4467331360918,"circlet_count":0,"master_deck":["Strike_R","Strike_R","Strike_R","Strike_R","Strike_R","Defend_R","Defend_R","Defend_R","Defend_R","Bash","Juggernaut","Iron Wave","Bash","Clothesline","Feel No Pain","Entrench","Iron Wave","Rampage","Bloodletting","Iron Wave","Thunderclap","Headbutt","Berserk"],"relics":["Burning Blood","Bottled Flame","Mummified Hand"],"potions_floor_usage":[8,8,14],"damage_taken":[{"damage":8,"enemies":"2 Louse","floor":1,"turns":3},{"damage":9,"enemies":"Cultist","floor":3,"turns":4},{"damage":6,"enemies":"Jaw Worm","floor":4,"turns":3},{"damage":2,"enemies":"Exordium Wildlife","floor":5,"turns":5},{"damage":40,"enemies":"Gremlin Nob","floor":6,"turns":6},{"damage":11,"enemies":"2 Fungi Beasts","floor":8,"turns":4},{"damage":10,"enemies":"Large Slime","floor":10,"turns":6},{"damage":7,"enemies":"Exordium Wildlife","floor":11,"turns":4},{"damage":15,"enemies":"3 Louse","floor":12,"turns":4},{"damage":28,"enemies":"Exordium Thugs","floor":14,"turns":5},{"damage":61,"enemies":"Hexaghost","floor":16,"turns":10}],"seed_played":"7679295584048070700","potions_obtained":[{"floor":3,"key":"Dexterity Potion"},{"floor":5,"key":"BloodPotion"},{"floor":10,"key":"PowerPotion"},{"floor":11,"key":"SkillPotion"},{"floor":12,"key":"Ancient Potion"},{"floor":14,"key":"FearPotion"}],"is_trial":false,"path_per_floor":["M","?","M","M","M","E","?","M","T","M","M","M","R","M","R"],"character_chosen":"IRONCLAD","items_purchased":[],"campfire_rested":2,"item_purchase_floors":[],"current_hp_per_floor":[78,78,75,75,79,45,45,48,48,44,43,34,58,36,60,0],"gold":136,"neow_bonus":"THREE_RARE_CARDS","is_prod":false,"is_daily":false,"chose_seed":false,"campfire_upgraded":0,"win_rate":0.0,"timestamp":1529800419,"path_taken":["M","?","M","M","M","E","?","M","T","M","M","?","R","M","R","BOSS"],"build_version":"2018-06-21v2","purchased_purges":0,"victory":false,"max_hp_per_floor":[80,80,80,80,80,80,80,80,80,80,80,80,80,80,80,80],"card_choices":[{"not_picked":["Reaper","Double Tap"],"picked":"Juggernaut","floor":0},{"not_picked":["Thunderclap","Clothesline"],"picked":"Iron Wave","floor":1},{"not_picked":["Clash","Double Tap"],"picked":"Feel No Pain","floor":3},{"not_picked":["Clothesline","Fire Breathing"],"picked":"Entrench","floor":4},{"not_picked":["Clothesline","Entrench"],"picked":"Iron Wave","floor":5},{"not_picked":["Dropkick","Flex"],"picked":"Rampage","floor":6},{"not_picked":["Cleave","Heavy Blade"],"picked":"Bloodletting","floor":8},{"not_picked":["Clothesline","Pommel Strike"],"picked":"Iron Wave","floor":10},{"not_picked":["Body Slam","Whirlwind"],"picked":"Thunderclap","floor":11},{"not_picked":["Clothesline","Flex"],"picked":"Headbutt","floor":12},{"not_picked":["Twin Strike","Corruption"],"picked":"Berserk","floor":14}],"player_experience":34926,"relics_obtained":[{"floor":6,"key":"Bottled Flame"},{"floor":9,"key":"Mummified Hand"}],"event_choices":[{"event_name":"Match and Keep!","player_choice":"2 cards matched","floor":2,"damage_taken":0},{"event_name":"World of Goop","player_choice":"Left","floor":7,"damage_taken":0}],"boss_relics":[],"items_purged_floors":[],"is_endless":false,"potions_floor_spawned":[3,5,10,11,12,14],"killed_by":"Hexaghost","ascension_level":0}