{"gold_per_floor":[118,293,293,368,387,387,418,418,418,418,449,25,39,62,62,186,186,186,111,111,111,30,30,30,30,30,30,30,30],"floor_reached":29,"playtime":756,"items_purged":["Doubt"],"score":336,"play_id":"056eec57-f058-4efe-8c5c-eef7d3770bc8","local_time":"20190421144803","is_ascension_mode":true,"campfire_choices":[{"data":"Zap","floor":6,"key":"SMITH"},{"data":"Streamline","floor":10,"key":"SMITH"},{"floor":15,"key":"REST"},{"data":"Loop","floor":24,"key":"SMITH"}],"neow_cost":"NONE","seed_source_timestamp":1976395187692,"circlet_count":0,"master_deck":["Strike_B","Strike_B","Strike_B","Defend_B","Defend_B","Defend_B","Defend_B","Zap+1","Dualcast+1","Streamline+1","Sweeping Beam","Beam Cell","Redo+1","Ball Lightning","Hologram+1","Seek+1","Steam+1","Fission+1","Loop+1","Echo Form","Hologram+1"],"relics":["Cracked Core","NeowsBlessing","Golden Idol","Pear","Question Card","Toxic Egg 2","Gremlin Horn","Ectoplasm","MutagenicStrength","Red Mask","Regal Pillow","Shuriken","Dodecahedron"],"potions_floor_usage":[11,11,23,25],"damage_taken":[{"damage":0,"enemies":"Jaw Worm","floor":1,"turns":1},{"damage":0,"enemies":"Small Slimes","floor":5,"turns":1},{"damage":0,"enemies":"3 Sentries","floor":7,"turns":1},{"damage":18,"enemies":"Gremlin Nob","floor":11,"turns":3},{"damage":0,"enemies":"2 Louse","floor":13,"turns":1},{"damage":8,"enemies":"Exordium Thugs","floor":14,"turns":3},{"damage":5,"enemies":"Slime Boss","floor":16,"turns":7},{"damage":0,"enemies":"Spheric Guardian","floor":18,"turns":1},{"damage":12,"enemies":"Masked Bandits","floor":21,"turns":2},{"damage":22,"enemies":"Gremlin Leader","floor":23,"turns":5},{"damage":25,"enemies":"Book of Stabbing","floor":25,"turns":4},{"damage":7,"enemies":"3 Byrds","floor":27,"turns":3},{"damage":20,"enemies":"Gremlin Leader","floor":29,"turns":2}],"seed_played":"2555633439505085008","potions_obtained":[{"floor":1,"key":"SteroidPotion"},{"floor":7,"key":"Ancient Potion"},{"floor":16,"key":"Weak Potion"},{"floor":21,"key":"Block Potion"},{"floor":27,"key":"Ancient Potion"}],"is_trial":false,"path_per_floor":["M","?","?","?","M","R","E","?","T","R","E","$","M","M","R","B",null,"M","?","?","?","$","E","R","E","T","M","$","E"],"character_chosen":"DEFECT","items_purchased":["Redo+1","Ball Lightning","Gremlin Horn","Loop"],"campfire_rested":1,"item_purchase_floors":[12,12,12,22],"current_hp_per_floor":[75,75,57,46,46,46,56,56,56,56,38,38,38,30,55,50,85,85,85,85,73,73,51,51,26,26,19,19,0],"gold":30,"neow_bonus":"THREE_ENEMY_KILL","is_prod":false,"is_daily":false,"chose_seed":false,"campfire_upgraded":3,"win_rate":0,"timestamp":1555850883,"path_taken":["M","?","?","?","?","R","E","?","T","R","E","$","?","M","R","BOSS","M","?","?","?","?","E","R","E","T","?","$","E"],"build_version":"2019-04-20","purchased_purges":1,"victory":false,"max_hp_per_floor":[75,75,75,75,75,75,85,85,85,85,85,85,85,85,85,85,85,85,85,85,85,85,85,85,85,85,85,85,85],"card_choices":[{"not_picked":["Sunder","Compile Driver"],"picked":"Streamline","floor":1},{"not_picked":["Consume","Hologram"],"picked":"Sweeping Beam","floor":5},{"not_picked":["Turbo","Tempest","Steam Power"],"picked":"SKIP","floor":7},{"not_picked":["Turbo","Core Surge","Heatsinks"],"picked":"Beam Cell","floor":11},{"not_picked":["Tempest+1","Reinforced Body+1","Sweeping Beam"],"picked":"Hologram+1","floor":13},{"not_picked":["Rebound","BootSequence+1","Ball Lightning","Reprogram+1"],"picked":"SKIP","floor":14},{"not_picked":["Hyperbeam","Amplify+1","Core Surge"],"picked":"Seek+1","floor":16},{"not_picked":["Conserve Battery+1","Turbo+1","Streamline"],"picked":"Steam+1","floor":18},{"not_picked":["Rebound","Consume+1","Conserve Battery+1"],"picked":"Fission+1","floor":21},{"not_picked":["Steam+1","Sweeping Beam","Stack+1"],"picked":"Echo Form","floor":23},{"not_picked":["Barrage","Cold Snap","Undo+1","Go for the Eyes"],"picked":"SKIP","floor":25},{"not_picked":["Rebound","Ball Lightning","Blizzard"],"picked":"Hologram+1","floor":27}],"player_experience":1139376,"relics_obtained":[{"floor":7,"key":"Pear"},{"floor":9,"key":"Question Card"},{"floor":11,"key":"Toxic Egg 2"},{"floor":21,"key":"Red Mask"},{"floor":23,"key":"Regal Pillow"},{"floor":25,"key":"Shuriken"},{"floor":26,"key":"Dodecahedron"}],"event_choices":[{"damage_healed":0,"gold_gain":175,"player_choice":"AGREE","damage_taken":0,"max_hp_gain":0,"max_hp_loss":0,"event_name":"Liars Game","floor":2,"gold_loss":0,"cards_obtained":["Doubt"]},{"damage_healed":0,"gold_gain":0,"player_choice":"Take Damage","damage_taken":18,"relics_obtained":["Golden Idol"],"max_hp_gain":0,"max_hp_loss":0,"event_name":"Golden Idol","floor":3,"gold_loss":0},{"damage_healed":0,"gold_gain":75,"player_choice":"Gather Gold","damage_taken":11,"max_hp_gain":0,"max_hp_loss":0,"event_name":"World of Goop","floor":4,"gold_loss":0},{"damage_healed":0,"gold_gain":0,"player_choice":"Forge","damage_taken":0,"max_hp_gain":0,"max_hp_loss":0,"event_name":"Accursed Blacksmith","floor":8,"gold_loss":0,"cards_upgraded":["Dualcast"]},{"cards_removed":["Strike_B"],"damage_healed":0,"gold_gain":0,"player_choice":"Gave Gold","damage_taken":0,"max_hp_gain":0,"max_hp_loss":0,"event_name":"Beggar","floor":19,"gold_loss":75},{"damage_healed":0,"gold_gain":0,"player_choice":"Inject Mutagens","damage_taken":0,"relics_obtained":["MutagenicStrength"],"max_hp_gain":0,"max_hp_loss":0,"event_name":"Drug Dealer","floor":20,"gold_loss":0},{"damage_healed":0,"gold_gain":0,"player_choice":"Fought Bandits","damage_taken":0,"max_hp_gain":0,"max_hp_loss":0,"event_name":"Masked Bandits","floor":21,"gold_loss":0}],"is_beta":true,"boss_relics":[{"not_picked":["Eternal Feather","Lizard Tail"],"picked":"Ectoplasm"}],"items_purged_floors":[12],"is_endless":false,"potions_floor_spawned":[1,7,16,21,27],"killed_by":"Gremlin Leader","ascension_level":3}