{"gold_per_floor":[367,377,389,75,75,75,92,92,117,136,166,166,198,212,212,286,286,305,323,323,342,342],"floor_reached":22,"playtime":692,"items_purged":["Strike_B"],"score":396,"play_id":"1663bc63-2531-4a0e-ac55-47049db9670c","local_time":"20190513184909","is_ascension_mode":true,"campfire_choices":[{"data":"Loop","floor":6,"key":"SMITH"},{"data":"Tempest","floor":8,"key":"SMITH"},{"data":"Conserve Battery","floor":12,"key":"SMITH"},{"floor":15,"key":"REST"}],"neow_cost":"TEN_PERCENT_HP_LOSS","seed_source_timestamp":1917305799611791,"circlet_count":0,"master_deck":["AscendersBane","Strike_B","Strike_B","Strike_B","Defend_B","Defend_B","Defend_B","Defend_B","Zap","Dualcast","Coolheaded+1","Loop+1","Ball Lightning","Steam","Tempest+1","Conserve Battery+1","Go for the Eyes","Tempest","Loop","Electrodynamics","Glacier","Capacitor","Genetic Algorithm"],"relics":["Cracked Core","PreservedInsect","Oddly Smooth Stone","Juzu Bracelet","DataDisk","Philosopher\u0027s Stone"],"potions_floor_usage":[11,13,19,21],"damage_taken":[{"damage":2,"enemies":"2 Louse","floor":1,"turns":3},{"damage":2,"enemies":"Cultist","floor":2,"turns":4},{"damage":0,"enemies":"Jaw Worm","floor":3,"turns":6},{"damage":15,"enemies":"Exordium Wildlife","floor":7,"turns":4},{"damage":3,"enemies":"Looter","floor":10,"turns":3},{"damage":11,"enemies":"Gremlin Nob","floor":11,"turns":3},{"damage":7,"enemies":"Lagavulin","floor":13,"turns":3},{"damage":16,"enemies":"3 Louse","floor":14,"turns":3},{"damage":15,"enemies":"Slime Boss","floor":16,"turns":7},{"damage":40,"enemies":"2 Thieves","floor":18,"turns":4},{"damage":8,"enemies":"3 Byrds","floor":19,"turns":3},{"damage":0,"enemies":"Cultist and Chosen","floor":21,"turns":5},{"damage":10,"enemies":"Snake Plant","floor":22,"turns":2}],"seed_played":"-7357292431835120687","potions_obtained":[{"floor":2,"key":"FairyPotion"},{"floor":10,"key":"AttackPotion"},{"floor":11,"key":"Poison Potion"},{"floor":13,"key":"Block Potion"},{"floor":19,"key":"SkillPotion"}],"is_trial":false,"path_per_floor":["M","M","M","$","?","R","M","R","T","M","E","R","E","M","R","B",null,"M","M","?","M","M"],"character_chosen":"DEFECT","items_purchased":["Ball Lightning","PreservedInsect","Steam"],"campfire_rested":1,"item_purchase_floors":[4,4,4],"current_hp_per_floor":[62,60,60,60,60,60,45,45,45,42,31,31,24,8,27,12,51,11,3,3,3,0],"gold":342,"neow_bonus":"TWO_FIFTY_GOLD","is_prod":false,"is_daily":false,"chose_seed":false,"campfire_upgraded":3,"win_rate":0,"timestamp":1557766149,"path_taken":["M","M","M","$","?","R","M","R","T","?","E","R","E","M","R","BOSS","M","M","?","M","M"],"build_version":"2019-05-07","purchased_purges":1,"victory":false,"max_hp_per_floor":[64,64,64,64,64,64,64,64,64,64,64,64,64,64,64,64,64,64,64,64,64,64],"card_choices":[{"not_picked":["Cold Snap","Barrage"],"picked":"Coolheaded","floor":1},{"not_picked":["Redo","Rebound"],"picked":"Loop","floor":2},{"not_picked":["Undo","Hologram","Cold Snap"],"picked":"SKIP","floor":3},{"not_picked":["White Noise","Steam"],"picked":"Tempest","floor":7},{"not_picked":["Heatsinks","FTL"],"picked":"Conserve Battery","floor":10},{"not_picked":["Barrage","Seek"],"picked":"Go for the Eyes","floor":11},{"not_picked":["Loop","Gash"],"picked":"Tempest","floor":13},{"not_picked":["Sweeping Beam","Streamline"],"picked":"Loop","floor":14},{"not_picked":["Multi-Cast","Core Surge"],"picked":"Electrodynamics","floor":16},{"not_picked":["Sweeping Beam","Turbo"],"picked":"Glacier","floor":18},{"not_picked":["Sweeping Beam","Heatsinks"],"picked":"Capacitor","floor":19},{"not_picked":["Compile Driver","Redo"],"picked":"Genetic Algorithm","floor":21}],"player_experience":1883250,"relics_obtained":[{"floor":9,"key":"Oddly Smooth Stone"},{"floor":11,"key":"Juzu Bracelet"},{"floor":13,"key":"DataDisk"}],"event_choices":[{"damage_healed":0,"gold_gain":0,"player_choice":"Upgraded","damage_taken":0,"max_hp_gain":0,"max_hp_loss":0,"event_name":"Upgrade Shrine","floor":5,"gold_loss":0,"cards_upgraded":["Coolheaded"]},{"damage_healed":0,"gold_gain":0,"player_choice":"Ignored","damage_taken":0,"max_hp_gain":0,"max_hp_loss":0,"event_name":"Vampires","floor":20,"gold_loss":0}],"is_beta":true,"boss_relics":[{"not_picked":["Orrery","FrozenCore"],"picked":"Philosopher\u0027s Stone"}],"items_purged_floors":[4],"is_endless":false,"potions_floor_spawned":[2,10,11,13,18,19],"killed_by":"Snake Plant","ascension_level":20}