{"gold_per_floor":[109,284,301,318,337,337,350,369,369,369,396,396,396,396,396,475,475,491,379,379,379,324,324],"floor_reached":23,"playtime":1166,"items_purged":["Doubt"],"score":312,"play_id":"c3abbc09-ada6-41bb-9905-5764434d1d45","local_time":"20190403223552","is_ascension_mode":true,"campfire_choices":[{"data":"Storm","floor":6,"key":"SMITH"},{"floor":10,"key":"REST"},{"floor":12,"key":"REST"},{"data":"Defragment","floor":15,"key":"SMITH"}],"neow_cost":"TEN_PERCENT_HP_LOSS","seed_source_timestamp":99955015146400,"circlet_count":0,"master_deck":["AscendersBane","Strike_B","Strike_B","Defend_B","Defend_B","Zap","Dualcast","Self Repair","Sweeping Beam","Machine Learning","Storm+1","Barrage","Defragment+1","Coolheaded","Regret","Echo Form","Double Energy+1","Self Repair","Static Discharge","Heatsinks"],"relics":["Cracked Core","Vajra","Regal Pillow","Centennial Puzzle","Blue Candle","Lizard Tail","Nilry\u0027s Codex","Tiny Chest"],"potions_floor_usage":[11,18,23],"damage_taken":[{"damage":0,"enemies":"2 Louse","floor":1,"turns":3},{"damage":4,"enemies":"Small Slimes","floor":3,"turns":4},{"damage":0,"enemies":"Cultist","floor":4,"turns":4},{"damage":7,"enemies":"Looter","floor":5,"turns":3},{"damage":9,"enemies":"Blue Slaver","floor":7,"turns":5},{"damage":30,"enemies":"Exordium Wildlife","floor":8,"turns":4},{"damage":35,"enemies":"3 Sentries","floor":11,"turns":7},{"damage":31,"enemies":"The Guardian","floor":16,"turns":11},{"damage":44,"enemies":"3 Byrds","floor":18,"turns":6},{"damage":52,"enemies":"Gremlin Leader","floor":23,"turns":4}],"seed_played":"2276565898466667822","potions_obtained":[{"floor":1,"key":"FocusPotion"},{"floor":3,"key":"Fire Potion"},{"floor":18,"key":"Block Potion"}],"is_trial":false,"path_per_floor":["M","?","M","M","M","R","M","M","T","R","E","R","?","?","R","B",null,"M","$","?","?","?","E"],"character_chosen":"DEFECT","items_purchased":["Self Repair"],"campfire_rested":2,"item_purchase_floors":[19],"current_hp_per_floor":[68,68,68,68,61,61,59,36,36,56,28,63,60,60,60,36,60,23,23,7,7,7,0],"gold":324,"neow_bonus":"REMOVE_TWO","is_prod":false,"is_daily":false,"chose_seed":false,"campfire_upgraded":2,"win_rate":0,"timestamp":1554345352,"path_taken":["M","?","M","M","M","R","M","M","T","R","E","R","?","?","R","BOSS","M","$","?","?","?","E"],"build_version":"2019-01-23","purchased_purges":1,"victory":false,"max_hp_per_floor":[68,68,68,68,68,68,68,68,68,68,68,68,68,68,68,68,68,68,68,68,68,68,68],"card_choices":[{"not_picked":["Stack","Scrape"],"picked":"Self Repair","floor":1},{"not_picked":["Stack","Force Field"],"picked":"Sweeping Beam","floor":3},{"not_picked":["Go for the Eyes","Conserve Battery"],"picked":"Machine Learning","floor":4},{"not_picked":["Turbo","Force Field"],"picked":"Storm","floor":5},{"not_picked":["Turbo","Undo"],"picked":"Barrage","floor":7},{"not_picked":["Redo","Hologram"],"picked":"Defragment","floor":8},{"not_picked":["Cold Snap","Meteor Strike"],"picked":"Coolheaded","floor":11},{"not_picked":["Meteor Strike","Biased Cognition"],"picked":"Echo Form","floor":16},{"not_picked":["Coolheaded","Cold Snap"],"picked":"Double Energy+1","floor":18}],"player_experience":2580632,"relics_obtained":[{"floor":9,"key":"Vajra"},{"floor":11,"key":"Regal Pillow"},{"floor":20,"key":"Nilry\u0027s Codex"}],"event_choices":[{"damage_healed":0,"gold_gain":175,"player_choice":"AGREE","damage_taken":0,"max_hp_gain":0,"max_hp_loss":0,"event_name":"Liars Game","floor":2,"gold_loss":0,"cards_obtained":["Doubt"]},{"damage_healed":0,"gold_gain":0,"player_choice":"Success","damage_taken":3,"relics_obtained":["Centennial Puzzle"],"max_hp_gain":0,"max_hp_loss":0,"event_name":"Scrap Ooze","floor":13,"gold_loss":0},{"damage_healed":0,"gold_gain":0,"player_choice":"Box","damage_taken":0,"relics_obtained":["Blue Candle"],"max_hp_gain":0,"max_hp_loss":0,"event_name":"Big Fish","floor":14,"gold_loss":0,"cards_obtained":["Regret"]},{"damage_healed":0,"gold_gain":0,"player_choice":"Obtained Book","damage_taken":16,"max_hp_gain":0,"max_hp_loss":0,"event_name":"Cursed Tome","floor":20,"gold_loss":0},{"damage_healed":0,"gold_gain":0,"cards_transformed":["Defend_B","Defend_B"],"player_choice":"Became Test Subject","damage_taken":0,"max_hp_gain":0,"max_hp_loss":0,"event_name":"Drug Dealer","floor":21,"gold_loss":0,"cards_obtained":["Static Discharge","Heatsinks"]},{"damage_healed":0,"gold_gain":0,"player_choice":"Obtained Relic","damage_taken":0,"relics_obtained":["Tiny Chest"],"max_hp_gain":0,"max_hp_loss":0,"event_name":"Addict","floor":22,"gold_loss":85}],"is_beta":false,"boss_relics":[{"not_picked":["Ectoplasm","Coffee Dripper"],"picked":"Lizard Tail"}],"items_purged_floors":[19],"is_endless":false,"potions_floor_spawned":[1,3,4,8,18],"killed_by":"Gremlin Leader","ascension_level":13}