{"gold_per_floor":[18,18,34,46,66,94,94,111,111,125,125,125,125,144,144,144],"floor_reached":16,"playtime":795,"items_purged":[],"score":135,"play_id":"5d01922f-d85e-489f-89b6-d2a3122dbec7","local_time":"20181109001353","is_ascension_mode":true,"campfire_choices":[{"floor":7,"key":"REST"},{"data":"Dualcast","floor":11,"key":"SMITH"},{"floor":15,"key":"REST"}],"neow_cost":"NO_GOLD","seed_source_timestamp":861805118549900,"circlet_count":0,"master_deck":["Strike_B","Strike_B","Strike_B","Defend_B","Defend_B","Defend_B","Defend_B","Zap","Dualcast+1","Panache","Purity","Undo","Steam","Leap","Glacier","Melter","Beam Cell","Go for the Eyes","Heatsinks"],"relics":["Cracked Core","PreservedInsect","Smiling Mask"],"potions_floor_usage":[4,10,10,16],"damage_taken":[{"damage":0,"enemies":"Cultist","floor":1,"turns":3},{"damage":2,"enemies":"2 Louse","floor":3,"turns":3},{"damage":0,"enemies":"Small Slimes","floor":4,"turns":4},{"damage":33,"enemies":"Exordium Thugs","floor":5,"turns":8},{"damage":18,"enemies":"Lagavulin","floor":6,"turns":11},{"damage":5,"enemies":"Looter","floor":8,"turns":4},{"damage":17,"enemies":"Lots of Slimes","floor":10,"turns":4},{"damage":11,"enemies":"Large Slime","floor":14,"turns":5},{"damage":31,"enemies":"Slime Boss","floor":16,"turns":8}],"seed_played":"-196718889236120283","potions_obtained":[{"floor":1,"key":"SkillPotion"},{"floor":4,"key":"SpeedPotion"},{"floor":5,"key":"Energy Potion"},{"floor":6,"key":"EssenceOfSteel"}],"is_trial":false,"path_per_floor":["M","?","M","M","M","E","R","M","T","M","R","?","?","M","R","B"],"character_chosen":"DEFECT","items_purchased":[],"campfire_rested":2,"item_purchase_floors":[],"current_hp_per_floor":[68,68,66,66,33,15,37,32,32,15,15,15,15,4,26,0],"gold":144,"neow_bonus":"RANDOM_COLORLESS_2","is_prod":false,"is_daily":false,"chose_seed":false,"campfire_upgraded":1,"win_rate":0,"timestamp":1541740433,"path_taken":["M","?","M","M","?","E","R","M","T","M","R","?","?","M","R","BOSS"],"build_version":"2018-11-08","purchased_purges":0,"victory":false,"max_hp_per_floor":[75,75,75,75,75,75,75,75,75,75,75,75,75,75,75,75],"card_choices":[{"not_picked":["Rip and Tear","Barrage","Darkness"],"picked":"SKIP","floor":1},{"not_picked":["Gash","Coolheaded"],"picked":"Steam","floor":3},{"not_picked":["Ball Lightning","Gash"],"picked":"Leap","floor":4},{"not_picked":["Rip and Tear","Buffer"],"picked":"Glacier","floor":5},{"not_picked":["Compile Driver","Turbo"],"picked":"Melter","floor":6},{"not_picked":["Hello World","Hologram"],"picked":"Beam Cell","floor":8},{"not_picked":["Steam","Beam Cell"],"picked":"Go for the Eyes","floor":10},{"not_picked":["Cold Snap","Gash"],"picked":"Heatsinks","floor":14}],"player_experience":1543702,"relics_obtained":[{"floor":6,"key":"PreservedInsect"},{"floor":9,"key":"Smiling Mask"}],"event_choices":[{"damage_healed":0,"gold_gain":0,"cards_transformed":["Strike_B"],"player_choice":"Transformed","damage_taken":0,"max_hp_gain":0,"max_hp_loss":0,"event_name":"Transmorgrifier","floor":2,"gold_loss":0,"cards_obtained":["Undo"]},{"damage_healed":0,"gold_gain":0,"player_choice":"Ignored","damage_taken":0,"max_hp_gain":0,"max_hp_loss":0,"event_name":"Golden Idol","floor":12,"gold_loss":0},{"damage_healed":0,"gold_gain":0,"player_choice":"Leave","damage_taken":0,"max_hp_gain":0,"max_hp_loss":0,"event_name":"FaceTrader","floor":13,"gold_loss":0}],"is_beta":false,"boss_relics":[],"items_purged_floors":[],"is_endless":false,"potions_floor_spawned":[1,4,5,6],"killed_by":"Slime Boss","ascension_level":6}