{"gold_per_floor":[362,332,348,348,367,367,401,416,490,528,553,553,566,440,440,563,563,583,596,596,617,617],"floor_reached":22,"playtime":1257,"items_purged":["Injury"],"score":248,"play_id":"744bdbdb-9832-4744-be4c-a4b7d323cc3c","local_time":"20180926032257","is_ascension_mode":true,"campfire_choices":[{"floor":6,"key":"REST"},{"floor":12,"key":"REST"},{"floor":15,"key":"REST"}],"neow_cost":"PERCENT_DAMAGE","seed_source_timestamp":616807137816502,"circlet_count":0,"master_deck":["Strike_R","Strike_R","Strike_R","Strike_R","Strike_R","Defend_R","Defend_R","Defend_R","Defend_R","Bash","Cleave","Shrug It Off","Pommel Strike","Limit Break","Whirlwind","Rage","Metallicize","Flex","Armaments","Limit Break","Armaments+1","Pummel"],"relics":["Burning Blood","Golden Idol","Pocketwatch","Bottled Lightning","Vajra","Black Star","MutagenicStrength"],"potions_floor_usage":[3,10,10,16,16,18,19],"damage_taken":[{"damage":19,"enemies":"Jaw Worm","floor":1,"turns":5},{"damage":6,"enemies":"Cultist","floor":3,"turns":4},{"damage":3,"enemies":"2 Louse","floor":5,"turns":3},{"damage":29,"enemies":"3 Sentries","floor":7,"turns":7},{"damage":5,"enemies":"2 Fungi Beasts","floor":8,"turns":3},{"damage":16,"enemies":"Gremlin Nob","floor":10,"turns":5},{"damage":7,"enemies":"Large Slime","floor":11,"turns":5},{"damage":19,"enemies":"Exordium Thugs","floor":13,"turns":6},{"damage":24,"enemies":"The Guardian","floor":16,"turns":11},{"damage":6,"enemies":"3 Byrds","floor":18,"turns":5},{"damage":27,"enemies":"2 Thieves","floor":19,"turns":4},{"damage":46,"enemies":"Snake Plant","floor":21,"turns":5},{"damage":19,"enemies":"Snecko","floor":22,"turns":3}],"seed_played":"6957209928275305224","potions_obtained":[{"floor":2,"key":"SkillPotion"},{"floor":2,"key":"Block Potion"},{"floor":5,"key":"SneckoOil"},{"floor":8,"key":"Block Potion"},{"floor":10,"key":"AttackPotion"},{"floor":13,"key":"LiquidBronze"},{"floor":18,"key":"Block Potion"}],"is_trial":false,"path_per_floor":["M","?","M","?","M","R","E","M","T","E","M","R","M","$","R","B",null,"M","M","?","M"],"character_chosen":"IRONCLAD","items_purchased":["Armaments"],"campfire_rested":3,"item_purchase_floors":[14],"current_hp_per_floor":[43,43,43,43,46,70,47,48,48,38,37,61,48,48,72,54,74,74,53,53,13,0],"gold":617,"neow_bonus":"TWO_FIFTY_GOLD","is_prod":false,"is_daily":false,"chose_seed":false,"campfire_upgraded":0,"win_rate":0,"timestamp":1537946577,"path_taken":["M","?","M","?","M","R","E","M","T","E","?","R","M","$","R","BOSS","M","M","?","M","M"],"build_version":"2018-09-20","purchased_purges":1,"victory":false,"max_hp_per_floor":[80,80,80,80,80,80,80,80,80,80,80,80,80,80,80,80,80,80,80,80,80,80],"card_choices":[{"not_picked":["Shrug It Off","Power Through"],"picked":"Cleave","floor":1},{"not_picked":["Iron Wave","Combust"],"picked":"Shrug It Off","floor":3},{"not_picked":["Cleave","Feel No Pain"],"picked":"Pommel Strike","floor":5},{"not_picked":["Havoc","Cleave"],"picked":"Limit Break","floor":7},{"not_picked":["Iron Wave","Thunderclap"],"picked":"Whirlwind","floor":8},{"not_picked":["Reaper","Pommel Strike"],"picked":"Rage","floor":10},{"not_picked":["Sentinel","Warcry"],"picked":"Metallicize","floor":11},{"not_picked":["Iron Wave","Body Slam"],"picked":"Flex","floor":13},{"not_picked":["Brutality","Fiend Fire"],"picked":"Limit Break","floor":16},{"not_picked":["Headbutt","Clothesline"],"picked":"Armaments+1","floor":18},{"not_picked":["Sever Soul","Havoc+1"],"picked":"Pummel","floor":19},{"not_picked":["Twin Strike+1","Rampage","Body Slam"],"picked":"SKIP","floor":21}],"player_experience":923237,"relics_obtained":[{"floor":7,"key":"Pocketwatch"},{"floor":9,"key":"Bottled Lightning"},{"floor":10,"key":"Vajra"}],"event_choices":[{"event_name":"The Woman in Blue","player_choice":"Bought 2 Potions","floor":2,"damage_taken":0},{"event_name":"Golden Idol","player_choice":"Take Wound","floor":4,"damage_taken":0},{"event_name":"Drug Dealer","player_choice":"Inject Mutagens","floor":20,"damage_taken":0}],"is_beta":false,"boss_relics":[{"not_picked":["Philosopher\u0027s Stone","White Beast Statue"],"picked":"Black Star"}],"items_purged_floors":[14],"is_endless":false,"potions_floor_spawned":[5,8,10,13,18],"killed_by":"Snecko","ascension_level":5}