{"gold_per_floor":[114,64,83,98,98,98,123,123,150,162,87,87,101,113,113,210,210,221,241,141,56,56,56,56,82,129,129,141,153,13,13,13,115,115,133,152,152,129,147,147,164,164,189,201,223,63,79,95,95,95,95,95,45,76,76],"floor_reached":55,"playtime":2767,"items_purged":["Strike_R","Strike_R","Strike_R+1","Iron Wave","Warcry+1"],"score":744,"play_id":"60248cda-3304-4424-8444-194a98861bba","local_time":"20181202190553","is_ascension_mode":false,"campfire_choices":[{"data":"Armaments","floor":6.0,"key":"SMITH"},{"floor":15.0,"key":"RECALL"},{"data":"Barricade","floor":24.0,"key":"SMITH"},{"data":"Ghostly Armor","floor":27.0,"key":"SMITH"},{"data":"Discovery","floor":32.0,"key":"SMITH"},{"data":"Body Slam","floor":40,"key":"SMITH"},{"floor":42,"key":"REST"},{"data":"Iron Wave","floor":49,"key":"SMITH"},{"data":"Battle Trance","floor":52,"key":"SMITH"}],"neow_cost":"NONE","seed_source_timestamp":0,"circlet_count":0,"master_deck":["Defend_R+1","Defend_R","Defend_R","Defend_R","Juggernaut+1","Armaments+1","Battle Trance+1","Shrug It Off","Shrug It Off","Ghostly Armor+1","Barricade+1","Iron Wave+1","Discovery+1","Body Slam+1","Iron Wave+1","Power Through+1","True Grit+1","Seeing Red+1","Sentinel+1"],"special_seed":0,"relics":["Burning Blood","Orichalcum","Runic Dome","Pear","Nunchaku","Smiling Mask","Dodecahedron","Empty Cage","Regal Pillow","MawBank","Bottled Tornado","Toxic Egg 2"],"potions_floor_usage":[39,39,39,41,54,54,54],"damage_taken":[{"damage":3.0,"enemies":"Jaw Worm","floor":1.0,"turns":4.0},{"damage":2.0,"enemies":"2 Louse","floor":3.0,"turns":2.0},{"damage":0.0,"enemies":"Small Slimes","floor":4.0,"turns":4.0},{"damage":21.0,"enemies":"Gremlin Nob","floor":7.0,"turns":5.0},{"damage":7.0,"enemies":"Exordium Thugs","floor":10.0,"turns":4.0},{"damage":5.0,"enemies":"Looter","floor":13.0,"turns":4.0},{"damage":9.0,"enemies":"3 Louse","floor":14.0,"turns":4.0},{"damage":26.0,"enemies":"Slime Boss","floor":16.0,"turns":12.0},{"damage":4.0,"enemies":"3 Byrds","floor":18.0,"turns":5.0},{"damage":10.0,"enemies":"2 Thieves","floor":19.0,"turns":4.0},{"damage":22.0,"enemies":"Colosseum Slavers","floor":23.0,"turns":5.0},{"damage":0.0,"enemies":"Book of Stabbing","floor":25.0,"turns":6.0},{"damage":0.0,"enemies":"3 Cultists","floor":28.0,"turns":7.0},{"damage":5.0,"enemies":"Sentry and Sphere","floor":29.0,"turns":10.0},{"damage":35.0,"enemies":"Collector","floor":33.0,"turns":18.0},{"damage":0,"enemies":"3 Shapes","floor":35,"turns":6},{"damage":11,"enemies":"Orb Walker","floor":36,"turns":4},{"damage":43,"enemies":"Sphere and 2 Shapes","floor":39,"turns":8},{"damage":12,"enemies":"4 Shapes","floor":41,"turns":5},{"damage":0,"enemies":"3 Darklings","floor":45,"turns":6},{"damage":0,"enemies":"Maw","floor":47,"turns":7},{"damage":6,"enemies":"Sphere and 2 Shapes","floor":48,"turns":6},{"damage":51,"enemies":"Time Eater","floor":50,"turns":14},{"damage":84,"enemies":"Shield and Spear","floor":54,"turns":12},{"damage":18,"enemies":"The Heart","floor":55,"turns":3}],"seed_played":"3879242115353298512","potions_obtained":[{"floor":3.0,"key":"Regen Potion"},{"floor":4.0,"key":"BloodPotion"},{"floor":13.0,"key":"Regen Potion"},{"floor":18.0,"key":"SpeedPotion"},{"floor":19.0,"key":"PowerPotion"},{"floor":29.0,"key":"BloodPotion"},{"floor":33.0,"key":"Strength Potion"},{"floor":35,"key":"Regen Potion"},{"floor":39,"key":"EssenceOfSteel"},{"floor":41,"key":"Weak Potion"}],"is_trial":false,"path_per_floor":["M","?","M","M","?","R","E","?","T","M","$","?","M","M","R","B",null,"M","M","$","?","?","?","R","E","T","R","M","M","$","T","R","B",null,"M","M","T","$","M","R","M","R","T","T","M","$","M","M","R","B",null,"R","$","E","B"],"character_chosen":"IRONCLAD","items_purchased":["Discovery","Body Slam","SpeedPotion","EssenceOfSteel"],"campfire_rested":1,"item_purchase_floors":[30,38,46,46],"current_hp_per_floor":[80,80,80,80,64,64,54,54,54,53,53,53,54,51,51,31,80,80,76,76,86,68,64,64,70,70,70,76,77,77,77,77,48,95,95,90,90,90,72,72,66,95,95,95,95,95,95,95,95,50,95,95,95,17,0],"gold":76,"neow_bonus":"ONE_RANDOM_RARE_CARD","is_prod":false,"is_daily":false,"chose_seed":false,"campfire_upgraded":7,"win_rate":0,"timestamp":1543773953,"path_taken":["M","?","M","M","?","R","E","?","T","?","$","?","M","M","R","BOSS","M","M","$","?","?","?","R","E","T","R","M","M","$","?","R","BOSS","M","M","?","$","M","R","M","R","T","?","M","$","M","M","R","BOSS","R","$","E","BOSS"],"build_version":"2018-11-15","purchased_purges":5,"victory":false,"max_hp_per_floor":[80,80,80,80,80,80,80,80,80,80,80,80,80,80,80,80,80,80,80,80,90,95,95,95,95,95,95,95,95,95,95,95,95,95,95,95,95,95,95,95,95,95,95,95,95,95,95,95,95,95,95,95,95,95,95],"card_choices":[{"not_picked":["Sword Boomerang","Sentinel"],"picked":"Iron Wave","floor":1.0},{"not_picked":["Body Slam","Fire Breathing"],"picked":"Armaments","floor":3.0},{"not_picked":["Iron Wave","Wild Strike"],"picked":"Battle Trance","floor":4.0},{"not_picked":["Iron Wave","Clothesline"],"picked":"Shrug It Off","floor":7.0},{"not_picked":["Wild Strike","Warcry"],"picked":"Shrug It Off","floor":10.0},{"not_picked":["Clash","Infernal Blade"],"picked":"Ghostly Armor","floor":13.0},{"not_picked":["Sever Soul","Heavy Blade"],"picked":"Second Wind","floor":14.0},{"not_picked":["Fiend Fire","Immolate"],"picked":"Barricade","floor":16.0},{"not_picked":["Searing Blow+1","Reckless Charge"],"picked":"Iron Wave","floor":18.0},{"not_picked":["Havoc","Perfected Strike+1","Pommel Strike"],"picked":"SKIP","floor":19.0},{"not_picked":["Sever Soul","Warcry","Hemokinesis"],"picked":"SKIP","floor":25.0},{"not_picked":["Perfected Strike","Wild Strike+1"],"picked":"Warcry+1","floor":28.0},{"not_picked":["True Grit","Wild Strike+1","Clash"],"picked":"SKIP","floor":29.0},{"not_picked":["Iron Wave","Warcry","Rage+1"],"picked":"SKIP","floor":35},{"not_picked":["Rupture","Headbutt","Hemokinesis+1"],"picked":"SKIP","floor":36},{"not_picked":["True Grit","Anger"],"picked":"Iron Wave+1","floor":39},{"not_picked":["Barricade","Uppercut"],"picked":"Power Through+1","floor":41},{"not_picked":["Second Wind","Flex+1","Clothesline"],"picked":"SKIP","floor":45},{"not_picked":["Pommel Strike+1","Clothesline"],"picked":"True Grit+1","floor":47},{"not_picked":["Dropkick","True Grit+1"],"picked":"Seeing Red+1","floor":48},{"not_picked":["Evolve+1","Headbutt"],"picked":"Sentinel+1","floor":54}],"player_experience":261840,"relics_obtained":[{"floor":7.0,"key":"Orichalcum"},{"floor":25.0,"key":"Nunchaku"},{"floor":26.0,"key":"Smiling Mask"},{"floor":31.0,"key":"Dodecahedron"},{"floor":37,"key":"Regal Pillow"},{"floor":43,"key":"MawBank"},{"floor":44,"key":"Bottled Tornado"},{"floor":54,"key":"Toxic Egg 2"}],"event_choices":[{"cards_removed":["Strike_R"],"damage_healed":0.0,"max_hp_gain":0.0,"max_hp_loss":0.0,"gold_gain":0.0,"event_name":"The Cleric","player_choice":"Card Removal","floor":2.0,"gold_loss":50.0,"damage_taken":0.0},{"damage_healed":0.0,"max_hp_gain":0.0,"max_hp_loss":0.0,"gold_gain":0.0,"event_name":"Shining Light","player_choice":"Entered Light","floor":5.0,"gold_loss":0.0,"damage_taken":16.0,"cards_upgraded":["Strike_R","Defend_R"]},{"cards_removed":["Strike_R"],"damage_healed":0.0,"max_hp_gain":0.0,"max_hp_loss":0.0,"gold_gain":0.0,"event_name":"Purifier","player_choice":"Purged","floor":8.0,"gold_loss":0.0,"damage_taken":0.0},{"damage_healed":0.0,"max_hp_gain":0.0,"max_hp_loss":0.0,"gold_gain":0.0,"event_name":"Living Wall","player_choice":"Grow","floor":12.0,"gold_loss":0.0,"damage_taken":0.0,"cards_upgraded":["Juggernaut"]},{"damage_healed":0.0,"max_hp_gain":0.0,"max_hp_loss":0.0,"gold_gain":0.0,"event_name":"Addict","player_choice":"Obtained Relic","floor":21.0,"gold_loss":85.0,"damage_taken":0.0,"relics_obtained":["Pear"]},{"damage_healed":0.0,"max_hp_gain":5.0,"max_hp_loss":0.0,"gold_gain":0.0,"event_name":"Forgotten Altar","player_choice":"Shed Blood","floor":22.0,"gold_loss":0.0,"damage_taken":23.0},{"damage_healed":0.0,"max_hp_gain":0.0,"max_hp_loss":0.0,"gold_gain":0.0,"event_name":"Colosseum","player_choice":"Fight","floor":23.0,"gold_loss":0.0,"damage_taken":0.0},{"damage_healed":0.0,"max_hp_gain":0.0,"max_hp_loss":0.0,"gold_gain":0.0,"event_name":"Colosseum","player_choice":"Fled From Nobs","floor":23.0,"gold_loss":0.0,"damage_taken":0.0}],"is_beta":true,"boss_relics":[{"not_picked":["Astrolabe","Fusion Hammer"],"picked":"Runic Dome"},{"not_picked":["Lizard Tail","Busted Crown"],"picked":"Empty Cage"}],"items_purged_floors":[11,20,30,46,53],"is_endless":false,"potions_floor_spawned":[3,4,13,18,19,29,33,35,39,41],"killed_by":"The Heart","ascension_level":0}