{"gold_per_floor":[119,44,44,56,75,103,103,103,126,157,169,184,184,199,199,301,301,319,15,26,26,46,46],"floor_reached":23,"playtime":1133,"items_purged":["Doubt","Strike_B"],"score":223,"play_id":"a78e9008-e6b8-4fda-ad44-34850724449d","local_time":"20180822015208","is_ascension_mode":true,"campfire_choices":[{"data":"Self Repair","floor":7,"key":"SMITH"},{"data":"Thunder Strike","floor":15,"key":"SMITH"}],"neow_cost":"CURSE","seed_source_timestamp":4106183421130,"circlet_count":0,"master_deck":["Strike_B","Strike_B","Defend_B","Defend_B","Defend_B","Defend_B","Zap","Dualcast","Tempest+1","Self Repair+1","Conserve Battery","Steam","Thunder Strike+1","Melter","Leap","Conserve Battery","Amplify","Panache","Barrage","Thunder Strike"],"relics":["Cracked Core","Vajra","Bronze Scales","Bag of Preparation","Matryoshka","Inserter"],"potions_floor_usage":[16,16,18,22,23],"damage_taken":[{"damage":1,"enemies":"Cultist","floor":1,"turns":3},{"damage":4,"enemies":"Jaw Worm","floor":4,"turns":3},{"damage":4,"enemies":"2 Louse","floor":5,"turns":2},{"damage":14,"enemies":"Lagavulin","floor":6,"turns":7},{"damage":24,"enemies":"3 Sentries","floor":10,"turns":5},{"damage":16,"enemies":"Lots of Slimes","floor":11,"turns":3},{"damage":6,"enemies":"3 Louse","floor":12,"turns":3},{"damage":0,"enemies":"2 Fungi Beasts","floor":14,"turns":3},{"damage":10,"enemies":"Hexaghost","floor":16,"turns":9},{"damage":18,"enemies":"Shell Parasite","floor":18,"turns":6},{"damage":24,"enemies":"2 Thieves","floor":20,"turns":4},{"damage":50,"enemies":"Centurion and Healer","floor":22,"turns":12},{"damage":49,"enemies":"Slavers","floor":23,"turns":3}],"seed_played":"-1635453624682595552","potions_obtained":[{"floor":1,"key":"FearPotion"},{"floor":11,"key":"SpeedPotion"},{"floor":12,"key":"EssenceOfSteel"},{"floor":14,"key":"SkillPotion"},{"floor":16,"key":"LiquidBronze"},{"floor":18,"key":"Dexterity Potion"}],"is_trial":false,"path_per_floor":["M","$","?","M","M","E","R","?","T","E","M","M","?","M","R","B",null,"M","$","M","$","M"],"character_chosen":"DEFECT","items_purchased":["Panache"],"campfire_rested":0,"item_purchase_floors":[19],"current_hp_per_floor":[88,88,88,84,80,73,73,70,70,56,50,54,47,57,57,57,89,81,81,77,77,47,0],"gold":46,"neow_bonus":"TWENTY_PERCENT_HP_BONUS","is_prod":false,"is_daily":false,"chose_seed":false,"campfire_upgraded":2,"win_rate":0,"timestamp":1534917128,"path_taken":["M","$","?","M","?","E","R","?","T","E","M","M","?","M","R","BOSS","M","$","M","?","M","E"],"build_version":"2018-08-16","purchased_purges":2,"victory":false,"max_hp_per_floor":[89,89,89,89,89,89,89,89,89,89,89,89,89,89,89,89,89,89,89,89,89,89,89],"card_choices":[{"not_picked":["Loop","Steam"],"picked":"Tempest","floor":1},{"not_picked":["Blizzard","Force Field"],"picked":"Self Repair","floor":4},{"not_picked":["Reinforced Body","Leap"],"picked":"Conserve Battery","floor":5},{"not_picked":["Beam Cell","BootSequence"],"picked":"Steam","floor":6},{"not_picked":["Glacier","Rebound"],"picked":"Thunder Strike","floor":10},{"not_picked":["Beam Cell","Streamline"],"picked":"Melter","floor":11},{"not_picked":["Hologram","Stack"],"picked":"Leap","floor":12},{"not_picked":["BootSequence","Scrape"],"picked":"Conserve Battery","floor":14},{"not_picked":["Meteor Strike","Hyperbeam"],"picked":"Amplify","floor":16},{"not_picked":["Leap","Turbo","Rebound"],"picked":"SKIP","floor":18},{"not_picked":["Stack","Sweeping Beam"],"picked":"Barrage","floor":20},{"not_picked":["Hologram+1","Sweeping Beam"],"picked":"Thunder Strike","floor":22}],"player_experience":659968,"relics_obtained":[{"floor":6,"key":"Vajra"},{"floor":9,"key":"Bag of Preparation"},{"floor":10,"key":"Matryoshka"}],"event_choices":[{"event_name":"Living Wall","player_choice":"Grow","floor":3,"damage_taken":0},{"event_name":"Scrap Ooze","player_choice":"success","floor":8,"damage_taken":3},{"event_name":"Golden Wing","player_choice":"Card Removal","floor":13,"damage_taken":0}],"is_beta":false,"boss_relics":[{"not_picked":["Snecko Eye","Pandora\u0027s Box"],"picked":"Inserter"}],"items_purged_floors":[2,19],"is_endless":false,"potions_floor_spawned":[1,11,12,14,16,18],"killed_by":"Slavers","ascension_level":2}