{"gold_per_floor":[115,115,125,1,151,176,192,192,192,192,78,91,122,132,132,132],"floor_reached":16,"playtime":848,"items_purged":["Strike_B"],"score":263,"play_id":"2b68bbce-9244-4cf6-ac1f-f4aa333e06b8","local_time":"20190510192924","is_ascension_mode":true,"campfire_choices":[{"data":"Coolheaded","floor":8,"key":"SMITH"},{"data":"Conserve Battery","floor":10,"key":"SMITH"},{"data":"Defragment","floor":15,"key":"SMITH"}],"neow_cost":"NONE","seed_source_timestamp":1660365533943359,"circlet_count":0,"master_deck":["AscendersBane","Strike_B","Strike_B","Defend_B","Defend_B+1","Defend_B","Defend_B","Zap+1","Dualcast","Glacier","Coolheaded+1","Self Repair","FTL","Doubt","Conserve Battery+1","Compile Driver","Defragment+1","Self Repair","Compile Driver"],"relics":["Cracked Core","NeowsBlessing","Incense Burner","Ginger","War Paint"],"potions_floor_usage":[16,16],"damage_taken":[{"damage":0,"enemies":"Cultist","floor":1,"turns":1},{"damage":0,"enemies":"2 Louse","floor":3,"turns":1},{"damage":0,"enemies":"Lagavulin","floor":6,"turns":1},{"damage":2,"enemies":"Jaw Worm","floor":7,"turns":6},{"damage":0,"enemies":"2 Fungi Beasts","floor":12,"turns":6},{"damage":1,"enemies":"3 Sentries","floor":13,"turns":16},{"damage":11,"enemies":"3 Louse","floor":14,"turns":4},{"damage":77,"enemies":"Hexaghost","floor":16,"turns":17}],"seed_played":"440331195017460538","potions_obtained":[{"floor":1,"key":"EssenceOfSteel"},{"floor":3,"key":"SpeedPotion"}],"is_trial":false,"path_per_floor":["M","?","M","$","?","E","M","R","T","R","$","M","E","M","R","B"],"character_chosen":"DEFECT","items_purchased":["Self Repair","FTL","Defragment"],"campfire_rested":0,"item_purchase_floors":[4,4,11],"current_hp_per_floor":[64,57,57,57,57,64,69,69,69,69,69,71,71,71,71,0],"gold":132,"neow_bonus":"THREE_ENEMY_KILL","is_prod":false,"is_daily":false,"chose_seed":false,"campfire_upgraded":3,"win_rate":0,"timestamp":1557509364,"path_taken":["M","?","M","$","?","E","M","R","T","R","?","M","E","M","R","BOSS"],"build_version":"2019-05-07","purchased_purges":1,"victory":false,"max_hp_per_floor":[71,71,71,71,71,71,71,71,71,71,71,71,71,71,71,71],"card_choices":[{"not_picked":["Cold Snap","Conserve Battery"],"picked":"Glacier","floor":1},{"not_picked":["Cold Snap","Redo"],"picked":"Coolheaded","floor":3},{"not_picked":["Undo","Lockon"],"picked":"Conserve Battery","floor":6},{"not_picked":["Streamline","Stack"],"picked":"Compile Driver","floor":7},{"not_picked":["Gash","Compile Driver"],"picked":"Self Repair","floor":12},{"not_picked":["Melter","Darkness","Reboot"],"picked":"SKIP","floor":13},{"not_picked":["Sweeping Beam","Turbo"],"picked":"Compile Driver","floor":14}],"player_experience":1720521,"relics_obtained":[{"floor":6,"key":"Incense Burner"},{"floor":9,"key":"Ginger"},{"floor":13,"key":"War Paint"}],"event_choices":[{"cards_removed":["Strike_B"],"damage_healed":0,"gold_gain":0,"player_choice":"Card Removal","damage_taken":7,"max_hp_gain":0,"max_hp_loss":0,"event_name":"Golden Wing","floor":2,"gold_loss":0},{"damage_healed":0,"gold_gain":150,"player_choice":"AGREE","damage_taken":0,"max_hp_gain":0,"max_hp_loss":0,"event_name":"Liars Game","floor":5,"gold_loss":0,"cards_obtained":["Doubt"]}],"is_beta":true,"boss_relics":[],"items_purged_floors":[11],"is_endless":false,"potions_floor_spawned":[1,3],"killed_by":"Hexaghost","ascension_level":19}