{"gold_per_floor":[112,41,54,65,140,140,155,155,155,174,139,212,212,230,230,333,333,353,353,353,278,292,306,306,306,306,321,20,20],"floor_reached":29,"playtime":1088,"items_purged":["Decay"],"score":326,"play_id":"94037f70-e10c-4831-8035-9488d51a37e7","local_time":"20190313230629","is_ascension_mode":true,"campfire_choices":[{"data":"Dualcast","floor":6,"key":"SMITH"},{"data":"Zap","floor":8,"key":"SMITH"},{"data":"Fusion","floor":15,"key":"SMITH"},{"floor":24,"key":"REST"}],"neow_cost":"TEN_PERCENT_HP_LOSS","seed_source_timestamp":14575272551400,"circlet_count":0,"master_deck":["Zap+1","Dualcast+1","Panache","Blind","Cold Snap","Melter","Beam Cell","Beam Cell","Cold Snap","Fusion+1","Defragment","Rainbow","Chill","Skim","Cold Snap","Rip and Tear","Steam","Hello World","Thunder Strike","Meteor Strike","Coolheaded","Bite","Bite","Bite","Bite","Bite","White Noise","Storm+1","Beam Cell"],"relics":["Cracked Core","Calipers","StoneCalendar","Pandora\u0027s Box","Nilry\u0027s Codex","Ancient Tea Set","Bird Faced Urn"],"potions_floor_usage":[16,22,29],"damage_taken":[{"damage":4,"enemies":"Cultist","floor":1,"turns":4},{"damage":5,"enemies":"Small Slimes","floor":3,"turns":3},{"damage":0,"enemies":"2 Louse","floor":4,"turns":2},{"damage":6,"enemies":"Lots of Slimes","floor":7,"turns":4},{"damage":7,"enemies":"Red Slaver","floor":10,"turns":3},{"damage":10,"enemies":"Exordium Wildlife","floor":14,"turns":4},{"damage":19,"enemies":"The Guardian","floor":16,"turns":10},{"damage":5,"enemies":"Spheric Guardian","floor":18,"turns":3},{"damage":28,"enemies":"2 Thieves","floor":22,"turns":4},{"damage":8,"enemies":"Centurion and Healer","floor":23,"turns":7},{"damage":26,"enemies":"Chosen and Byrds","floor":27,"turns":6},{"damage":23,"enemies":"Snake Plant","floor":29,"turns":4}],"seed_played":"6866303518939891383","potions_obtained":[{"floor":4,"key":"Poison Potion"},{"floor":7,"key":"AttackPotion"},{"floor":14,"key":"Weak Potion"},{"floor":22,"key":"SmokeBomb"},{"floor":27,"key":"PowerPotion"}],"is_trial":false,"path_per_floor":["M","$","M","M","?","R","M","R","T","M","?","?","?","M","R","B",null,"M","?","?","$","M","M","R","?","T","M","$","M"],"character_chosen":"DEFECT","items_purchased":["Melter","Bird Faced Urn"],"campfire_rested":1,"item_purchase_floors":[2,28],"current_hp_per_floor":[64,64,59,59,48,48,42,42,42,35,52,52,52,42,42,23,57,52,52,47,47,23,27,41,25,25,5,5,0],"gold":20,"neow_bonus":"RANDOM_COLORLESS_2","is_prod":false,"is_daily":false,"chose_seed":false,"campfire_upgraded":3,"win_rate":0,"timestamp":1552532789,"path_taken":["M","$","M","M","?","R","M","R","T","M","?","?","?","?","R","BOSS","M","?","?","$","M","M","R","?","T","M","$","M"],"build_version":"2019-01-23","purchased_purges":1,"victory":false,"max_hp_per_floor":[68,68,68,68,68,68,68,68,68,68,68,68,68,68,68,68,68,68,68,47,47,47,47,47,47,47,47,47,47],"card_choices":[{"not_picked":["Force Field","Beam Cell"],"picked":"Cold Snap","floor":1},{"not_picked":["White Noise","Compile Driver"],"picked":"Beam Cell","floor":3},{"not_picked":["Streamline","Recycle"],"picked":"Beam Cell","floor":4},{"not_picked":["Rebound","Ball Lightning"],"picked":"Cold Snap","floor":7},{"not_picked":["Barrage","Go for the Eyes"],"picked":"Fusion","floor":10},{"not_picked":["Rebound","Force Field"],"picked":"Defragment","floor":14},{"not_picked":["Reboot","Creative AI"],"picked":"Rainbow","floor":16},{"not_picked":["Reinforced Body+1","Cold Snap"],"picked":"Coolheaded","floor":18},{"not_picked":["Heatsinks","Reprogram+1"],"picked":"White Noise","floor":22},{"not_picked":["Redo+1","Reprogram"],"picked":"Storm+1","floor":23},{"not_picked":["Reinforced Body","Hologram"],"picked":"Beam Cell","floor":27}],"player_experience":2410598,"relics_obtained":[{"floor":9,"key":"Calipers"},{"floor":25,"key":"Nilry\u0027s Codex"},{"floor":26,"key":"Ancient Tea Set"}],"event_choices":[{"damage_healed":0,"gold_gain":75,"player_choice":"Gather Gold","damage_taken":11,"max_hp_gain":0,"max_hp_loss":0,"event_name":"World of Goop","floor":5,"gold_loss":0},{"damage_healed":17,"gold_gain":0,"player_choice":"Healed","damage_taken":0,"max_hp_gain":0,"max_hp_loss":0,"event_name":"The Cleric","floor":11,"gold_loss":35},{"damage_healed":0,"gold_gain":73,"player_choice":"Gained Gold","damage_taken":0,"max_hp_gain":0,"max_hp_loss":0,"event_name":"Golden Wing","floor":12,"gold_loss":0},{"damage_healed":0,"gold_gain":0,"player_choice":"Gave Potion","damage_taken":0,"relics_obtained":["StoneCalendar"],"max_hp_gain":0,"max_hp_loss":0,"event_name":"WeMeetAgain","floor":13,"gold_loss":0},{"damage_healed":0,"gold_gain":0,"player_choice":"Smashed Altar","damage_taken":0,"max_hp_gain":0,"max_hp_loss":0,"event_name":"Forgotten Altar","floor":19,"gold_loss":0,"cards_obtained":["Decay"]},{"damage_healed":0,"gold_gain":0,"player_choice":"Became a vampire","damage_taken":0,"max_hp_gain":0,"max_hp_loss":21,"event_name":"Vampires","floor":20,"gold_loss":0,"cards_obtained":["Bite","Bite","Bite","Bite","Bite"]},{"damage_healed":0,"gold_gain":0,"player_choice":"Obtained Book","damage_taken":16,"max_hp_gain":0,"max_hp_loss":0,"event_name":"Cursed Tome","floor":25,"gold_loss":0}],"is_beta":false,"boss_relics":[{"not_picked":["Calling Bell","Fusion Hammer"],"picked":"Pandora\u0027s Box"}],"items_purged_floors":[21],"is_endless":false,"potions_floor_spawned":[4,7,14,22,27],"killed_by":"Snake Plant","ascension_level":8}