{"gold_per_floor":[109,120,130,130,140,37,37,50,73,73,140,140],"floor_reached":12,"playtime":381,"items_purged":[],"score":70,"play_id":"6a8e29bf-56df-4c3a-bb4f-63a77d0b860d","local_time":"20190401170400","is_ascension_mode":false,"campfire_choices":[{"data":"Beam Cell","floor":7,"key":"SMITH"}],"neow_cost":"PERCENT_DAMAGE","seed_source_timestamp":708647081558995,"circlet_count":0,"master_deck":["Strike_B","Strike_B","Strike_B","Strike_B","Defend_B+1","Defend_B","Defend_B","Defend_B+1","Zap","Dualcast+1","Cold Snap","Doom and Gloom","Beam Cell+1","Coolheaded"],"relics":["Cracked Core","Bird Faced Urn","Ancient Tea Set"],"potions_floor_usage":[12],"damage_taken":[{"damage":1,"enemies":"Jaw Worm","floor":1,"turns":3},{"damage":2,"enemies":"2 Louse","floor":2,"turns":3},{"damage":1,"enemies":"Small Slimes","floor":3,"turns":3},{"damage":5,"enemies":"Red Slaver","floor":5,"turns":3},{"damage":16,"enemies":"3 Louse","floor":8,"turns":2},{"damage":16,"enemies":"Lagavulin","floor":12,"turns":2}],"seed_played":"-2960079848950446048","potions_obtained":[{"floor":2,"key":"SpeedPotion"},{"floor":3,"key":"AttackPotion"}],"is_trial":false,"path_per_floor":["M","M","M","?","M","$","R","M","T","?","?","E"],"character_chosen":"DEFECT","items_purchased":["Beam Cell","Block Potion"],"campfire_rested":0,"item_purchase_floors":[6,6],"current_hp_per_floor":[53,51,50,35,30,30,30,14,14,14,14,0],"gold":140,"neow_bonus":"ONE_RARE_RELIC","is_prod":false,"is_daily":false,"chose_seed":false,"campfire_upgraded":1,"win_rate":0.0,"timestamp":1554131040,"path_taken":["M","M","M","?","M","$","R","M","T","?","?","E"],"build_version":"2019-03-15","purchased_purges":0,"victory":false,"max_hp_per_floor":[75,75,75,75,75,75,75,75,75,75,75,75],"card_choices":[{"not_picked":["Gash","Go for the Eyes"],"picked":"Cold Snap","floor":1},{"not_picked":["Leap","Auto Shields","Conserve Battery"],"picked":"SKIP","floor":2},{"not_picked":["Stack","Barrage"],"picked":"Doom and Gloom","floor":3},{"not_picked":["Conserve Battery","Gash","Glacier"],"picked":"SKIP","floor":5},{"not_picked":["Thunder Strike","Steam"],"picked":"Coolheaded","floor":8}],"player_experience":1110012,"relics_obtained":[{"floor":9,"key":"Ancient Tea Set"}],"event_choices":[{"damage_healed":0,"gold_gain":0,"player_choice":"Entered Light","damage_taken":15,"max_hp_gain":0,"max_hp_loss":0,"event_name":"Shining Light","floor":4,"gold_loss":0,"cards_upgraded":["Defend_B","Defend_B"]},{"damage_healed":0,"gold_gain":0,"player_choice":"Grow","damage_taken":0,"max_hp_gain":0,"max_hp_loss":0,"event_name":"Living Wall","floor":10,"gold_loss":0,"cards_upgraded":["Dualcast"]},{"damage_healed":0,"gold_gain":67,"player_choice":"Gained Gold","damage_taken":0,"max_hp_gain":0,"max_hp_loss":0,"event_name":"Golden Wing","floor":11,"gold_loss":0}],"is_beta":true,"boss_relics":[],"items_purged_floors":[],"is_endless":false,"potions_floor_spawned":[2,3,8],"killed_by":"Lagavulin","ascension_level":0}