{"gold_per_floor":[117,117,137,99,117,117,117,137,189,206,206,226,226,401,401,496,496,511,526,251,251],"floor_reached":21,"playtime":790,"items_purged":[],"score":239,"play_id":"f94afbf4-18ea-4c08-bdcc-b192a3e1e224","local_time":"20190313235146","is_ascension_mode":true,"campfire_choices":[{"data":"Electrodynamics","floor":6,"key":"SMITH"},{"floor":11,"key":"REST"},{"data":"White Noise","floor":13,"key":"SMITH"},{"floor":15,"key":"REST"}],"neow_cost":"TEN_PERCENT_HP_LOSS","seed_source_timestamp":17592116469500,"circlet_count":0,"master_deck":["Strike_B","Strike_B","Strike_B","Strike_B","Defend_B","Defend_B","Defend_B","Defend_B","Zap","Dualcast","Electrodynamics+1","Hologram","Zap","Coolheaded","Loop","Thunder Strike","White Noise+1","Capacitor","Coolheaded","Amplify","Darkness","Steam","Heatsinks","HandOfGreed"],"relics":["Cracked Core","Omamori","Dream Catcher"],"potions_floor_usage":[10,12,19],"damage_taken":[{"damage":0,"enemies":"Small Slimes","floor":1,"turns":2},{"damage":0,"enemies":"Cultist","floor":3,"turns":3},{"damage":8,"enemies":"Jaw Worm","floor":5,"turns":4},{"damage":18,"enemies":"Large Slime","floor":8,"turns":4},{"damage":4,"enemies":"Looter","floor":10,"turns":4},{"damage":15,"enemies":"Gremlin Gang","floor":12,"turns":2},{"damage":37,"enemies":"The Guardian","floor":16,"turns":12},{"damage":26,"enemies":"Shell Parasite","floor":18,"turns":9},{"damage":20,"enemies":"3 Byrds","floor":19,"turns":3},{"damage":13,"enemies":"Centurion and Healer","floor":21,"turns":2}],"seed_played":"-8403377755229084876","potions_obtained":[{"floor":5,"key":"PowerPotion"},{"floor":10,"key":"Regen Potion"},{"floor":16,"key":"SpeedPotion"}],"is_trial":false,"path_per_floor":["M","?","M","$","M","R","?","M","T","M","R","M","R","?","R","B",null,"M","M","$","M"],"character_chosen":"DEFECT","items_purchased":["Loop","Heatsinks","HandOfGreed"],"campfire_rested":2,"item_purchase_floors":[4,20,20],"current_hp_per_floor":[68,68,68,68,60,60,48,30,30,26,46,36,36,36,56,19,56,30,10,10,0],"gold":251,"neow_bonus":"THREE_RARE_CARDS","is_prod":false,"is_daily":false,"chose_seed":false,"campfire_upgraded":2,"win_rate":0,"timestamp":1552535506,"path_taken":["M","?","?","$","M","R","?","M","T","M","R","M","R","?","R","BOSS","M","M","$","M"],"build_version":"2019-01-23","purchased_purges":0,"victory":false,"max_hp_per_floor":[68,68,68,68,68,68,68,68,68,68,68,68,68,68,68,68,68,68,68,68,68],"card_choices":[{"not_picked":["Amplify","Meteor Strike"],"picked":"Electrodynamics","floor":0},{"not_picked":["Auto Shields","Gash"],"picked":"Hologram","floor":1},{"not_picked":["Recycle","Streamline","Redo"],"picked":"SKIP","floor":3},{"not_picked":["Go for the Eyes","Loop"],"picked":"Thunder Strike","floor":5},{"not_picked":["Leap","Blizzard"],"picked":"White Noise","floor":8},{"not_picked":["Beam Cell","Hologram","Streamline"],"picked":"SKIP","floor":10},{"not_picked":["FTL","Fusion"],"picked":"Capacitor","floor":11},{"not_picked":["Steam","Barrage","Scrape"],"picked":"SKIP","floor":12},{"not_picked":["Thunder Strike","Cold Snap"],"picked":"Coolheaded","floor":15},{"not_picked":["Core Surge","All For One"],"picked":"Amplify","floor":16},{"not_picked":["Steam+1","Consume"],"picked":"Darkness","floor":18},{"not_picked":["Gash","Go for the Eyes+1"],"picked":"Steam","floor":19}],"player_experience":2413451,"relics_obtained":[{"floor":9,"key":"Dream Catcher"}],"event_choices":[{"damage_healed":0,"gold_gain":0,"player_choice":"2 cards matched","damage_taken":0,"max_hp_gain":0,"max_hp_loss":0,"event_name":"Match and Keep!","floor":2,"gold_loss":0,"cards_obtained":["Zap","Coolheaded"]},{"damage_healed":0,"gold_gain":0,"player_choice":"Success","damage_taken":12,"relics_obtained":["Omamori"],"max_hp_gain":0,"max_hp_loss":0,"event_name":"Scrap Ooze","floor":7,"gold_loss":0},{"damage_healed":0,"gold_gain":175,"player_choice":"AGREE","damage_taken":0,"max_hp_gain":0,"max_hp_loss":0,"event_name":"Liars Game","floor":14,"gold_loss":0,"cards_obtained":["Doubt"]}],"is_beta":false,"boss_relics":[{"not_picked":["Fusion Hammer","Orrery","FrozenCore"]}],"items_purged_floors":[],"is_endless":false,"potions_floor_spawned":[5,10,16],"killed_by":"Centurion and Healer","ascension_level":8}