{"gold_per_floor":[117,392,404,76,87,87,87,87,87,87,115,125,156,175,175,253,303,321,321,338,354,372,372,372],"floor_reached":24,"playtime":1011,"items_purged":["Regret"],"score":406,"play_id":"faee6c4a-f7ea-4c58-b2c5-dc7481eeae6f","local_time":"20190509201749","is_ascension_mode":true,"campfire_choices":[{"data":"True Grit","floor":6,"key":"SMITH"},{"data":"Juggernaut","floor":8,"key":"SMITH"},{"data":"True Grit","floor":10,"key":"SMITH"},{"data":"Feel No Pain","floor":15,"key":"SMITH"},{"floor":23,"key":"REST"}],"neow_cost":"NONE","seed_source_timestamp":1576706578624611,"circlet_count":0,"master_deck":["AscendersBane","Strike_R","Strike_R","Strike_R","Strike_R","Strike_R","Defend_R","Defend_R","Defend_R","Defend_R","Bash","Juggernaut+1","Iron Wave","Iron Wave+1","Feel No Pain+1","True Grit+1","Seeing Red","True Grit+1","Fiend Fire","Armaments","Seeing Red","Intimidate","Juggernaut","Corruption","Evolve","Armaments","Armaments+1","Feed"],"relics":["Burning Blood","Regal Pillow","Omamori","Dream Catcher","Tiny House","CultistMask"],"potions_floor_usage":[16,21,22,22],"damage_taken":[{"damage":2,"enemies":"Cultist","floor":1,"turns":4},{"damage":7,"enemies":"Small Slimes","floor":3,"turns":4},{"damage":1,"enemies":"2 Louse","floor":5,"turns":3},{"damage":19,"enemies":"3 Sentries","floor":11,"turns":7},{"damage":13,"enemies":"Large Slime","floor":12,"turns":4},{"damage":10,"enemies":"Lagavulin","floor":13,"turns":6},{"damage":7,"enemies":"Lots of Slimes","floor":14,"turns":4},{"damage":9,"enemies":"The Guardian","floor":16,"turns":8},{"damage":28,"enemies":"Chosen","floor":18,"turns":5},{"damage":6,"enemies":"Shell Parasite","floor":20,"turns":5},{"damage":30,"enemies":"Cultist and Chosen","floor":21,"turns":6},{"damage":17,"enemies":"Snake Plant","floor":22,"turns":4},{"damage":57,"enemies":"Gremlin Leader","floor":24,"turns":4}],"seed_played":"-8983145702996694207","potions_obtained":[{"floor":3,"key":"SpeedPotion"},{"floor":11,"key":"LiquidBronze"},{"floor":14,"key":"AttackPotion"},{"floor":17,"key":"SneckoOil"},{"floor":20,"key":"AttackPotion"},{"floor":21,"key":"SkillPotion"}],"is_trial":false,"path_per_floor":["M","?","M","$","M","R","$","R","T","R","E","M","E","M","R","B",null,"M","?","M","M","M","R","E"],"character_chosen":"IRONCLAD","items_purchased":["Iron Wave","Feel No Pain","True Grit","Seeing Red"],"campfire_rested":1,"item_purchase_floors":[4,4,4,4],"current_hp_per_floor":[72,72,71,71,75,75,75,75,75,75,62,55,51,50,50,47,73,51,51,51,27,16,55,0],"gold":372,"neow_bonus":"ONE_RANDOM_RARE_CARD","is_prod":false,"is_daily":false,"chose_seed":false,"campfire_upgraded":4,"win_rate":0,"timestamp":1557425869,"path_taken":["M","?","?","$","M","R","$","R","T","R","E","M","E","M","R","BOSS","M","?","M","M","?","R","E"],"build_version":"2019-05-07","purchased_purges":1,"victory":false,"max_hp_per_floor":[75,75,75,75,75,75,75,75,75,75,75,75,75,75,75,75,80,80,80,80,80,80,80,80],"card_choices":[{"not_picked":["Combust","Cleave"],"picked":"Iron Wave","floor":1},{"not_picked":["Burning Pact","Wild Strike","Warcry"],"picked":"SKIP","floor":3},{"not_picked":["Shrug It Off","Sever Soul"],"picked":"True Grit","floor":5},{"not_picked":["True Grit","Havoc"],"picked":"Fiend Fire","floor":11},{"not_picked":["Clash","Warcry"],"picked":"Armaments","floor":12},{"not_picked":["Warcry","Sword Boomerang"],"picked":"Seeing Red","floor":13},{"not_picked":["Bludgeon","Twin Strike"],"picked":"Intimidate","floor":14},{"not_picked":["Double Tap","Reaper"],"picked":"Juggernaut","floor":16},{"not_picked":["Anger","Perfected Strike"],"picked":"Corruption","floor":18},{"not_picked":["Bloodletting","Pommel Strike"],"picked":"Evolve","floor":20},{"not_picked":["True Grit","Corruption"],"picked":"Armaments","floor":21},{"not_picked":["Perfected Strike","Clash"],"picked":"Armaments+1","floor":22},{"not_picked":["Twin Strike","Feel No Pain"],"picked":"Feed","floor":23}],"player_experience":1680389,"relics_obtained":[{"floor":9,"key":"Regal Pillow"},{"floor":11,"key":"Omamori"},{"floor":13,"key":"Dream Catcher"}],"event_choices":[{"damage_healed":0,"gold_gain":275,"player_choice":"Desecrate","damage_taken":0,"max_hp_gain":0,"max_hp_loss":0,"event_name":"Golden Shrine","floor":2,"gold_loss":0,"cards_obtained":["Regret"]},{"damage_healed":0,"gold_gain":0,"player_choice":"Trade","damage_taken":0,"relics_obtained":["CultistMask"],"max_hp_gain":0,"max_hp_loss":0,"event_name":"FaceTrader","floor":19,"gold_loss":0}],"is_beta":true,"boss_relics":[{"not_picked":["Mark of Pain","Coffee Dripper"],"picked":"Tiny House"}],"items_purged_floors":[4],"is_endless":false,"potions_floor_spawned":[3,11,14,20,21],"killed_by":"Gremlin Leader","ascension_level":19}