{"gold_per_floor":[116,134,144,161,161,188,188,188,238,238,115,134,155,176,176,297,297,316,354,377,377,396,396,427,427,500,500,500,535,282,207,207,337,337,358,580,580,600,652,686,686,725,751,158,158,173,173,188,188,188],"floor_reached":51,"playtime":5100,"items_purged":["Strike_B","Writhe","Strike_B"],"score":977,"play_id":"f702f6d9-3cab-45a7-b6bd-e875a4439425","local_time":"20190424145150","is_ascension_mode":true,"campfire_choices":[{"data":"Zap","floor":7,"key":"SMITH"},{"data":"Sweeping Beam","floor":10,"key":"SMITH"},{"data":"Fission","floor":15,"key":"SMITH"},{"data":"Electrodynamics","floor":23,"key":"SMITH"},{"floor":25,"key":"REST"},{"data":"Redo","floor":27,"key":"SMITH"},{"floor":32,"key":"REST"},{"data":"Biased Cognition","floor":41,"key":"SMITH"},{"data":"Defragment","floor":47,"key":"SMITH"},{"data":"Dualcast","floor":49,"key":"SMITH"}],"neow_cost":"TEN_PERCENT_HP_LOSS","seed_source_timestamp":257037338992916,"circlet_count":0,"master_deck":["Defend_B","Defend_B","Defend_B","Zap+1","Dualcast+1","Reinforced Body","Go for the Eyes+1","Auto Shields","Compile Driver","Sweeping Beam+1","Steam","Cold Snap+1","Fission+1","Redo+1","Electrodynamics+1","Reinforced Body+1","Undo","Chill+1","Genetic Algorithm","Defragment+1","Biased Cognition+1","Sweeping Beam+1","Defragment+1"],"relics":["Cracked Core","FossilizedHelix","Pantograph","Golden Idol","Bag of Marbles","Inserter","Red Mask","Orichalcum","Dodecahedron","Cables","Vajra","Strawberry","Busted Crown","Anchor","Blue Candle","Whetstone","Oddly Smooth Stone","DataDisk","Runic Capacitor"],"potions_floor_usage":[16,16,16,24,24,33,50,50],"damage_taken":[{"damage":5,"enemies":"Small Slimes","floor":1,"turns":4},{"damage":0,"enemies":"Jaw Worm","floor":2,"turns":3},{"damage":0,"enemies":"2 Louse","floor":3,"turns":3},{"damage":0,"enemies":"Blue Slaver","floor":4,"turns":5},{"damage":10,"enemies":"3 Sentries","floor":6,"turns":11},{"damage":0,"enemies":"Looter","floor":12,"turns":3},{"damage":2,"enemies":"Exordium Thugs","floor":13,"turns":4},{"damage":0,"enemies":"Red Slaver","floor":14,"turns":3},{"damage":60,"enemies":"Hexaghost","floor":16,"turns":13},{"damage":0,"enemies":"2 Thieves","floor":18,"turns":3},{"damage":13,"enemies":"Masked Bandits","floor":19,"turns":3},{"damage":4,"enemies":"Shell Parasite","floor":20,"turns":6},{"damage":0,"enemies":"Chosen and Byrds","floor":22,"turns":5},{"damage":25,"enemies":"Gremlin Leader","floor":24,"turns":7},{"damage":28,"enemies":"Slavers","floor":29,"turns":4},{"damage":59,"enemies":"Collector","floor":33,"turns":10},{"damage":0,"enemies":"Orb Walker","floor":35,"turns":3},{"damage":0,"enemies":"3 Darklings","floor":38,"turns":3},{"damage":0,"enemies":"Nemesis","floor":40,"turns":9},{"damage":0,"enemies":"Reptomancer","floor":42,"turns":7},{"damage":0,"enemies":"Sphere and 2 Shapes","floor":46,"turns":3},{"damage":0,"enemies":"Maw","floor":48,"turns":6},{"damage":0,"enemies":"Donu and Deca","floor":50,"turns":6}],"seed_played":"-8433096984742891540","potions_obtained":[{"floor":1,"key":"AttackPotion"},{"floor":2,"key":"GamblersBrew"},{"floor":3,"key":"FocusPotion"},{"floor":13,"key":"PowerPotion"},{"floor":16,"key":"FocusPotion"},{"floor":18,"key":"SkillPotion"},{"floor":19,"key":"PowerPotion"},{"floor":35,"key":"Block Potion"},{"floor":42,"key":"Weak Potion"},{"floor":48,"key":"AttackPotion"}],"is_trial":false,"path_per_floor":["M","M","M","M","?","E","R","?","T","R","$","M","M","M","R","B",null,"M","?","M","?","M","R","E","R","T","R","?","E","$","?","R","B",null,"M","?","?","M","T","E","R","E","T","$","?","M","R","M","R","B",null],"character_chosen":"DEFECT","items_purchased":["Steam","Strawberry","DataDisk","Runic Capacitor","Defragment","Swift Potion"],"campfire_rested":2,"item_purchase_floors":[11,30,44,44,44,44],"current_hp_per_floor":[63,63,63,63,56,46,46,46,46,46,46,46,44,44,44,3,63,63,50,46,46,46,46,21,39,39,39,39,11,18,18,39,5,70,70,70,66,66,66,66,66,66,66,66,66,66,66,66,66,66],"gold":188,"neow_bonus":"ONE_RARE_RELIC","is_prod":false,"is_daily":false,"chose_seed":false,"campfire_upgraded":8,"win_rate":0,"timestamp":1556110310,"path_taken":["M","M","M","M","?","E","R","?","T","R","$","?","M","M","R","BOSS","M","?","M","?","M","R","E","R","T","R","?","E","$","?","R","BOSS","M","?","?","M","?","E","R","E","T","$","?","M","R","M","R","BOSS"],"build_version":"2019-04-23","purchased_purges":3,"victory":true,"max_hp_per_floor":[68,68,68,68,68,68,68,63,63,63,63,63,63,63,63,63,63,63,63,63,63,63,63,63,63,63,63,63,63,70,70,70,70,70,70,70,66,66,66,66,66,66,66,66,66,66,66,66,66,66],"card_choices":[{"not_picked":["Double Energy","Beam Cell"],"picked":"Reinforced Body","floor":1},{"not_picked":["Steam","Beam Cell"],"picked":"Go for the Eyes","floor":2},{"not_picked":["Cold Snap","Lockon"],"picked":"Auto Shields","floor":3},{"not_picked":["Hologram","Sunder"],"picked":"Compile Driver","floor":4},{"not_picked":["Reinforced Body","Force Field"],"picked":"Sweeping Beam","floor":6},{"not_picked":["Auto Shields","Redo"],"picked":"Cold Snap","floor":12},{"not_picked":["Leap","Loop"],"picked":"Fission","floor":13},{"not_picked":["Hologram","Beam Cell"],"picked":"Redo","floor":14},{"not_picked":["Machine Learning","Rainbow"],"picked":"Electrodynamics","floor":16},{"not_picked":["Turbo","Rebound"],"picked":"Reinforced Body+1","floor":18},{"not_picked":["Sweeping Beam","Conserve Battery"],"picked":"Undo","floor":19},{"not_picked":["Scrape","Gash"],"picked":"Chill+1","floor":20},{"not_picked":["Leap","Skim+1"],"picked":"Genetic Algorithm","floor":22},{"not_picked":["Reboot","Melter","Hello World+1"],"picked":"SKIP","floor":24},{"not_picked":["Compile Driver+1","Static Discharge"],"picked":"Defragment+1","floor":29},{"not_picked":["Meteor Strike","Electrodynamics"],"picked":"Biased Cognition","floor":33},{"not_picked":["Rebound"],"picked":"SKIP","floor":35},{"not_picked":["Gash+1"],"picked":"SKIP","floor":38},{"not_picked":[],"picked":"Sweeping Beam+1","floor":40},{"not_picked":["Rip and Tear"],"picked":"SKIP","floor":42},{"not_picked":["Leap"],"picked":"SKIP","floor":46},{"not_picked":["Streamline"],"picked":"SKIP","floor":48}],"player_experience":1189448,"relics_obtained":[{"floor":6,"key":"Pantograph"},{"floor":9,"key":"Bag of Marbles"},{"floor":19,"key":"Red Mask"},{"floor":24,"key":"Orichalcum"},{"floor":26,"key":"Dodecahedron"},{"floor":29,"key":"Vajra"},{"floor":39,"key":"Anchor"},{"floor":40,"key":"Blue Candle"},{"floor":42,"key":"Whetstone"},{"floor":43,"key":"Oddly Smooth Stone"}],"event_choices":[{"cards_removed":["Strike_B"],"damage_healed":0,"gold_gain":0,"player_choice":"Card Removal","damage_taken":7,"max_hp_gain":0,"max_hp_loss":0,"event_name":"Golden Wing","floor":5,"gold_loss":0},{"damage_healed":0,"gold_gain":0,"player_choice":"Lose Max HP","damage_taken":0,"relics_obtained":["Golden Idol"],"max_hp_gain":0,"max_hp_loss":5,"event_name":"Golden Idol","floor":8,"gold_loss":0},{"damage_healed":0,"gold_gain":0,"player_choice":"Fought Bandits","damage_taken":0,"max_hp_gain":0,"max_hp_loss":0,"event_name":"Masked Bandits","floor":19,"gold_loss":0},{"damage_healed":0,"gold_gain":0,"player_choice":"Ignored","damage_taken":0,"max_hp_gain":0,"max_hp_loss":0,"event_name":"Vampires","floor":21,"gold_loss":0},{"damage_healed":0,"gold_gain":0,"player_choice":"Opened","damage_taken":0,"relics_obtained":["Cables"],"max_hp_gain":0,"max_hp_loss":0,"event_name":"The Mausoleum","floor":28,"gold_loss":0,"cards_obtained":["Writhe"]},{"cards_removed":["Strike_B"],"damage_healed":0,"gold_gain":0,"player_choice":"Gave Gold","damage_taken":0,"max_hp_gain":0,"max_hp_loss":0,"event_name":"Beggar","floor":31,"gold_loss":75},{"damage_healed":0,"gold_gain":222,"player_choice":"Wore Mask","damage_taken":0,"max_hp_gain":0,"max_hp_loss":0,"event_name":"Tomb of Lord Red Mask","floor":36,"gold_loss":0},{"damage_healed":0,"gold_gain":0,"player_choice":"Max HP","damage_taken":0,"max_hp_gain":0,"max_hp_loss":4,"event_name":"Winding Halls","floor":37,"gold_loss":0},{"cards_removed":["Defend_B"],"damage_healed":0,"gold_gain":0,"player_choice":"Removed Skill","damage_taken":0,"max_hp_gain":0,"max_hp_loss":0,"event_name":"Falling","floor":45,"gold_loss":0}],"is_beta":true,"boss_relics":[{"not_picked":["Fusion Hammer","Snecko Eye"],"picked":"Inserter"},{"not_picked":["Philosopher\u0027s Stone","Cursed Key"],"picked":"Busted Crown"}],"items_purged_floors":[11,30,44],"is_endless":false,"potions_floor_spawned":[1,2,3,12,13,16,18,19,20,35,42,48],"ascension_level":4}