{"path_per_floor":["M","M","M","M","$","E","R","E","T","R","?","M","R","?","R","B",null,"M","$","?","M","?","E","R","E","T","?"],"character_chosen":"IRONCLAD","items_purchased":["Blood for Blood","Whirlwind"],"gold_per_floor":[20,34,54,68,32,65,65,93,139,139,160,171,171,121,121,221,221,233,83,83,99,99,132,132,163,163,163],"floor_reached":28,"campfire_rested":1,"playtime":1430,"current_hp_per_floor":[80,80,80,75,75,28,28,27,27,27,33,32,32,32,58,28,72,71,71,71,70,70,50,50,28,28,10],"items_purged":["Strike_R"],"gold":163,"score":386,"play_id":"c7a72b83-fb08-494c-9612-0f9d150cf49e","is_prod":false,"is_daily":false,"is_ascension_mode":true,"campfire_upgraded":4,"path_taken":["M","M","M","M","$","E","R","E","T","R","?","?","R","?","R","BOSS","M","$","?","M","?","E","R","E","T","?","M"],"build_version":"2018-02-08-PROD1","purchased_purges":1,"victory":false,"master_deck":["Strike_R","Strike_R","Defend_R","Defend_R+1","Defend_R","Defend_R+1","Bash","Anger","Rampage+1","Burning Pact","Corruption+1","Blood for Blood","Double Tap+1","Power Through","Armaments","Shrug It Off","Juggernaut+1","Feel No Pain+1","Whirlwind","Shrug It Off","Immolate+1","Warcry+1","Impervious"],"max_hp_per_floor":[80,80,80,80,80,87,87,87,87,87,87,87,87,87,87,87,87,87,87,87,87,87,90,90,90,90,95],"relics":["Burning Blood","Frozen Eye","Strawberry","Dead Branch","Bag of Marbles","Odd Mushroom","Runic Cube","War Paint","Regal Pillow","Sundial"],"card_choices":[{"not_picked":["Sever Soul","True Grit"],"picked":"Anger"},{"not_picked":["Hemokinesis","Wild Strike"],"picked":"Rampage"},{"not_picked":["Shockwave","Sword Boomerang"],"picked":"Burning Pact"},{"not_picked":["Twin Strike","Fire Breathing"],"picked":"Corruption"},{"not_picked":["Sentinel","Impervious"],"picked":"Double Tap"},{"not_picked":["True Grit","Reckless Charge"],"picked":"Power Through"},{"not_picked":["Sword Boomerang","Combust"],"picked":"Armaments"},{"not_picked":["Armaments","Evolve"],"picked":"Shrug It Off"},{"not_picked":["Demon Form","Immolate"],"picked":"Juggernaut"},{"not_picked":["Shrug It Off","Reckless Charge"],"picked":"Feel No Pain"},{"not_picked":["Hemokinesis","Inflame"],"picked":"Shrug It Off"},{"not_picked":["Perfected Strike","Fire Breathing"],"picked":"Warcry"},{"not_picked":["Intimidate","Clash"],"picked":"Impervious"}],"player_experience":501610,"potions_floor_usage":[6,8,12,16,18,23],"damage_taken":[{"damage":6,"enemies":"Cultist","floor":1,"turns":3},{"damage":3,"enemies":"Jaw Worm","floor":2,"turns":4},{"damage":0,"enemies":"Small Slimes","floor":3,"turns":3},{"damage":11,"enemies":"Looter","floor":4,"turns":5},{"damage":60,"enemies":"Lagavulin","floor":6,"turns":6},{"damage":7,"enemies":"Gremlin Nob","floor":8,"turns":3},{"damage":0,"enemies":"The Mushroom Lair","floor":11,"turns":5},{"damage":7,"enemies":"2 Fungi Beasts","floor":12,"turns":3},{"damage":36,"enemies":"Hexaghost","floor":16,"turns":6},{"damage":7,"enemies":"2 Thieves","floor":18,"turns":3},{"damage":7,"enemies":"Chosen","floor":21,"turns":5},{"damage":29,"enemies":"Slavers","floor":23,"turns":5},{"damage":40,"enemies":"Gremlin Leader","floor":25,"turns":8},{"damage":11,"enemies":"Centurion and Healer","floor":28,"turns":4}],"event_choices":[{"event_name":"Mushrooms","player_choice":"Fought Mushrooms","floor":11,"damage_taken":0},{"event_name":"The Cleric","player_choice":"Card Removal","floor":14,"damage_taken":0},{"event_name":"Upgrade Shrine","player_choice":"Upgraded","floor":20,"damage_taken":0},{"event_name":"Transmorgrifier","player_choice":"Transform","floor":22,"damage_taken":0},{"event_name":"Forgotten Altar","player_choice":"Shed Blood","floor":27,"damage_taken":0}],"boss_relics":[{"not_picked":["Velvet Choker","Orrery"],"picked":"Runic Cube"}],"potions_floor_spawned":[2,6,8,12,16,18],"seed_played":"7285177297504785587","killed_by":"Centurion and Healer","ascension_level":5,"is_trial":false}