{"gold_per_floor":[13,27,27,40,56,56,82,82,82,102,6,37,55,20,20,97,97,115,115,65,76,86,86,86],"floor_reached":24,"playtime":1503,"items_purged":["Strike_R"],"score":406,"play_id":"db9c1cee-e6f0-4c45-8592-4c29f17d84dd","local_time":"20190512133013","is_ascension_mode":true,"campfire_choices":[{"data":"Armaments","floor":6,"key":"SMITH"},{"data":"Bash","floor":8,"key":"SMITH"},{"data":"Entrench","floor":15,"key":"SMITH"},{"data":"Demon Form","floor":23,"key":"SMITH"}],"neow_cost":"NO_GOLD","seed_source_timestamp":1810959689895753,"circlet_count":0,"master_deck":["AscendersBane","Strike_R","Defend_R","Defend_R","Defend_R","Defend_R","Bash+1","Entrench+1","Reckless Charge","Iron Wave","Battle Trance","Armaments+1","Evolve","Flame Barrier","Metallicize","Inflame","Carnage","Demon Form+1","Thunderclap","Clothesline+1","Twin Strike"],"relics":["Burning Blood","Magic Flower","The Courier","Letter Opener","Sozu"],"potions_floor_usage":[7,16,16],"damage_taken":[{"damage":3,"enemies":"2 Louse","floor":1,"turns":5},{"damage":1,"enemies":"Cultist","floor":2,"turns":4},{"damage":9,"enemies":"Small Slimes","floor":4,"turns":4},{"damage":6,"enemies":"Looter","floor":5,"turns":4},{"damage":37,"enemies":"3 Sentries","floor":7,"turns":16},{"damage":4,"enemies":"2 Fungi Beasts","floor":10,"turns":4},{"damage":28,"enemies":"Lagavulin","floor":12,"turns":8},{"damage":4,"enemies":"Red Slaver","floor":13,"turns":4},{"damage":5,"enemies":"Hexaghost","floor":16,"turns":8},{"damage":9,"enemies":"Spheric Guardian","floor":18,"turns":6},{"damage":17,"enemies":"Shell Parasite","floor":21,"turns":5},{"damage":15,"enemies":"Snake Plant","floor":22,"turns":4},{"damage":59,"enemies":"Gremlin Leader","floor":24,"turns":9}],"seed_played":"8795602456708338830","potions_obtained":[{"floor":5,"key":"Block Potion"},{"floor":12,"key":"Poison Potion"},{"floor":13,"key":"PowerPotion"}],"is_trial":false,"path_per_floor":["M","M","?","M","M","R","E","R","T","M","$","E","M","?","R","B",null,"M","?","?","M","M","R","E"],"character_chosen":"IRONCLAD","items_purchased":["Metallicize"],"campfire_rested":0,"item_purchase_floors":[11],"current_hp_per_floor":[71,75,75,72,72,72,41,41,41,46,46,27,32,50,50,54,70,70,70,70,62,56,56,0],"gold":86,"neow_bonus":"TRANSFORM_TWO_CARDS","is_prod":false,"is_daily":false,"chose_seed":false,"campfire_upgraded":4,"win_rate":0,"timestamp":1557660613,"path_taken":["M","M","?","M","M","R","E","R","T","?","$","E","M","?","R","BOSS","M","?","?","?","M","R","E"],"build_version":"2019-05-07","purchased_purges":1,"victory":false,"max_hp_per_floor":[75,75,75,75,75,75,75,75,75,75,75,75,75,75,75,75,75,75,75,75,75,75,75,75],"card_choices":[{"not_picked":["Pommel Strike","Clash"],"picked":"Iron Wave","floor":1},{"not_picked":["Twin Strike","Warcry"],"picked":"Battle Trance","floor":2},{"not_picked":["Hemokinesis","Searing Blow","Rage"],"picked":"SKIP","floor":4},{"not_picked":["Heavy Blade","Sword Boomerang"],"picked":"Armaments","floor":5},{"not_picked":["Sentinel","Perfected Strike"],"picked":"Evolve","floor":7},{"not_picked":["Bloodletting","Flex"],"picked":"Flame Barrier","floor":10},{"not_picked":["Rage","Double Tap"],"picked":"Inflame","floor":12},{"not_picked":["Headbutt","Flex"],"picked":"Carnage","floor":13},{"not_picked":["Brutality","Bludgeon"],"picked":"Demon Form","floor":16},{"not_picked":["Bloodletting","Thunderclap","Corruption"],"picked":"SKIP","floor":18},{"not_picked":["Bloodletting","Corruption"],"picked":"Thunderclap","floor":18},{"not_picked":["Heavy Blade","Flex"],"picked":"Clothesline+1","floor":21},{"not_picked":["Rampage","Twin Strike","Clash"],"picked":"SKIP","floor":22},{"not_picked":["Rampage","Clash"],"picked":"Twin Strike","floor":22}],"player_experience":1842731,"relics_obtained":[{"floor":7,"key":"Magic Flower"},{"floor":9,"key":"The Courier"},{"floor":12,"key":"Letter Opener"}],"event_choices":[{"cards_removed":["Strike_R"],"damage_healed":0,"gold_gain":0,"player_choice":"Purged","damage_taken":0,"max_hp_gain":0,"max_hp_loss":0,"event_name":"Purifier","floor":3,"gold_loss":0},{"damage_healed":18,"gold_gain":0,"player_choice":"Healed","damage_taken":0,"max_hp_gain":0,"max_hp_loss":0,"event_name":"The Cleric","floor":14,"gold_loss":35},{"damage_healed":0,"gold_gain":0,"player_choice":"Ignored","damage_taken":0,"max_hp_gain":0,"max_hp_loss":0,"event_name":"The Mausoleum","floor":19,"gold_loss":0},{"damage_healed":0,"gold_gain":0,"player_choice":"Bet on Murderer","damage_taken":0,"max_hp_gain":0,"max_hp_loss":0,"event_name":"The Joust","floor":20,"gold_loss":50}],"is_beta":true,"boss_relics":[{"not_picked":["Eternal Feather","Cursed Key"],"picked":"Sozu"}],"items_purged_floors":[11],"is_endless":false,"potions_floor_spawned":[5,12,13,22],"killed_by":"Gremlin Leader","ascension_level":19}