{"gold_per_floor":[109,126,126,142,142,177,177,188,213,213,225,225,244,269,269,370,370,388,408,419,419,437,471,198,198,198,123,123,123,148,159,159,264,264,279,279,229,229,111,111,14,48,48,48,64,64,80,80,80,80],"floor_reached":50,"playtime":3513,"items_purged":["Strike_R","Defend_R","Defend_R","Bash"],"score":543,"play_id":"e443424c-34a7-446a-a8b6-c46c56a7c8cb","local_time":"20180716191016","is_ascension_mode":false,"campfire_choices":[{"data":"Spot Weakness","floor":7,"key":"SMITH"},{"data":"Armaments","floor":12,"key":"SMITH"},{"floor":15,"key":"REST"},{"floor":25,"key":"REST"},{"floor":28,"key":"REST"},{"floor":32,"key":"REST"},{"data":"Metallicize","floor":40,"key":"SMITH"},{"floor":46,"key":"REST"},{"floor":49,"key":"REST"}],"neow_cost":"NONE","seed_source_timestamp":819148657466854,"circlet_count":0,"master_deck":["Flex","Heavy Blade","Inflame","Twin Strike","Spot Weakness+1","Headbutt","Armaments+1","Heavy Blade","Feed","Offering","Pummel","Evolve+1","Clothesline+1","Inflame","Bite","Bite","Bite","Bite","Bite","Double Tap","Whirlwind+1","Madness","Madness","Metallicize+1","Shrug It Off","Sword Boomerang+1","Iron Wave+1","Shrug It Off+1"],"relics":["Burning Blood","Centennial Puzzle","Happy Flower","Potion Belt","Smiling Mask","Matryoshka","Lizard Tail","Bronze Scales","Oddly Smooth Stone","Juzu Bracelet","Omamori","Bird Faced Urn","Mark of Pain","Unceasing Top","Strawberry","Meat on the Bone"],"potions_floor_usage":[14,18,23,33,33,33,42,50,50,50,50],"damage_taken":[{"damage":7,"enemies":"Small Slimes","floor":1,"turns":5},{"damage":6,"enemies":"2 Louse","floor":2,"turns":2},{"damage":6,"enemies":"Cultist","floor":4,"turns":3},{"damage":31,"enemies":"Lagavulin","floor":6,"turns":7},{"damage":0,"enemies":"3 Louse","floor":8,"turns":3},{"damage":0,"enemies":"Exordium Thugs","floor":11,"turns":3},{"damage":7,"enemies":"Blue Slaver","floor":13,"turns":3},{"damage":17,"enemies":"3 Sentries","floor":14,"turns":6},{"damage":44,"enemies":"Slime Boss","floor":16,"turns":9},{"damage":19,"enemies":"3 Byrds","floor":18,"turns":4},{"damage":9,"enemies":"Chosen","floor":19,"turns":4},{"damage":21,"enemies":"3 Cultists","floor":20,"turns":4},{"damage":29,"enemies":"Cultist and Chosen","floor":22,"turns":6},{"damage":30,"enemies":"Gremlin Leader","floor":23,"turns":6},{"damage":43,"enemies":"Slavers","floor":30,"turns":3},{"damage":13,"enemies":"Snecko","floor":31,"turns":4},{"damage":84,"enemies":"Collector","floor":33,"turns":7},{"damage":8,"enemies":"Orb Walker","floor":35,"turns":2},{"damage":80,"enemies":"Nemesis","floor":42,"turns":9},{"damage":28,"enemies":"3 Darklings","floor":45,"turns":3},{"damage":39,"enemies":"Sphere and 2 Shapes","floor":47,"turns":4},{"damage":88,"enemies":"Donu and Deca","floor":50,"turns":6}],"seed_played":"6146096270844738355","potions_obtained":[{"floor":4,"key":"GamblersBrew"},{"floor":6,"key":"LiquidBronze"},{"floor":13,"key":"Dexterity Potion"},{"floor":14,"key":"Poison Potion"},{"floor":16,"key":"SteroidPotion"},{"floor":20,"key":"Dexterity Potion"},{"floor":22,"key":"SmokeBomb"},{"floor":30,"key":"Strength Potion"},{"floor":33,"key":"LiquidBronze"},{"floor":35,"key":"BloodPotion"},{"floor":45,"key":"Fire Potion"},{"floor":47,"key":"Explosive Potion"}],"is_trial":false,"path_per_floor":["M","M","?","M","?","E","R","M","T","T","M","R","M","E","R","B",null,"M","M","M","?","M","E","$","R","T","?","R","?","E","M","R","B",null,"M","?","$","?","$","R","$","E","T","?","M","R","M","?","R"],"character_chosen":"IRONCLAD","items_purchased":["Oddly Smooth Stone","Inflame","Metallicize","Shrug It Off"],"campfire_rested":6,"item_purchase_floors":[24,24,39,41],"current_hp_per_floor":[87,87,62,62,62,37,37,43,43,43,49,49,48,37,63,29,92,82,79,64,64,41,17,17,45,45,45,73,66,33,41,60,39,66,66,66,66,58,58,58,58,23,30,30,32,53,49,49,71,0],"gold":80,"neow_bonus":"TEN_PERCENT_HP_BONUS","is_prod":false,"is_daily":false,"chose_seed":false,"campfire_upgraded":3,"win_rate":0,"timestamp":1531782616,"path_taken":["M","M","?","?","?","E","R","M","T","?","M","R","?","E","R","BOSS","M","?","M","?","M","E","$","R","T","?","R","?","E","M","R","BOSS","M","?","$","?","?","R","$","E","T","?","M","R","M","?","R","BOSS"],"build_version":"2018-07-12","purchased_purges":4,"victory":false,"max_hp_per_floor":[88,88,88,88,88,88,88,88,88,88,88,88,88,88,88,92,92,95,95,95,95,95,95,95,95,95,95,95,66,66,66,66,66,66,66,66,66,66,66,66,66,66,73,73,73,73,76,76,76,76],"card_choices":[{"not_picked":["Heavy Blade","Seeing Red"],"picked":"Flex","floor":1},{"not_picked":["Clash","Cleave"],"picked":"Heavy Blade","floor":2},{"not_picked":["Pummel","Hemokinesis"],"picked":"Inflame","floor":4},{"not_picked":["Corruption","Double Tap"],"picked":"Spot Weakness","floor":6},{"not_picked":["Perfected Strike","Pommel Strike"],"picked":"Headbutt","floor":8},{"not_picked":["Sentinel","Bloodletting"],"picked":"Armaments","floor":11},{"not_picked":["Clash","True Grit"],"picked":"Heavy Blade","floor":13},{"not_picked":["Uppercut","Power Through"],"picked":"Feed","floor":14},{"not_picked":["Brutality","Juggernaut"],"picked":"Offering","floor":16},{"not_picked":["Armaments","Thunderclap"],"picked":"Pummel","floor":18},{"not_picked":["Disarm+1","Bloodletting","Dropkick"],"picked":"SKIP","floor":19},{"not_picked":["Clash+1","Battle Trance"],"picked":"Evolve+1","floor":20},{"not_picked":["Infernal Blade","Exhume"],"picked":"Clothesline+1","floor":22},{"not_picked":["Cleave","True Grit","Clothesline+1"],"picked":"SKIP","floor":23},{"not_picked":["Carnage+1","Thunderclap","Twin Strike"],"picked":"SKIP","floor":30},{"not_picked":["True Grit+1","Cleave","Twin Strike"],"picked":"SKIP","floor":31},{"not_picked":["Dark Embrace","Berserk"],"picked":"Double Tap","floor":33},{"not_picked":["True Grit","Iron Wave"],"picked":"Whirlwind+1","floor":35},{"not_picked":["Second Wind","Hemokinesis+1"],"picked":"Sword Boomerang+1","floor":42},{"not_picked":["Body Slam","Sword Boomerang"],"picked":"Iron Wave+1","floor":45},{"not_picked":["Perfected Strike","Flame Barrier+1"],"picked":"Shrug It Off+1","floor":47}],"player_experience":284853,"relics_obtained":[{"floor":6,"key":"Happy Flower"},{"floor":9,"key":"Potion Belt"},{"floor":10,"key":"Smiling Mask"},{"floor":14,"key":"Matryoshka"},{"floor":23,"key":"Bronze Scales"},{"floor":26,"key":"Juzu Bracelet"},{"floor":26,"key":"Omamori"},{"floor":30,"key":"Bird Faced Urn"},{"floor":42,"key":"Unceasing Top"},{"floor":43,"key":"Strawberry"},{"floor":43,"key":"Meat on the Bone"}],"event_choices":[{"event_name":"Scrap Ooze","player_choice":"success","floor":3,"damage_taken":25},{"event_name":"Transmorgrifier","player_choice":"Transform","floor":5,"damage_taken":0},{"event_name":"Back to Basics","player_choice":"Elegance","floor":21,"damage_taken":0},{"event_name":"Beggar","player_choice":"Gave Gold","floor":27,"damage_taken":0},{"event_name":"Vampires","player_choice":"Became a vampire","floor":29,"damage_taken":0},{"event_name":"Tomb of Lord Red Mask","player_choice":"Ignored","floor":36,"damage_taken":0},{"event_name":"Winding Halls","player_choice":"Embrace Madness","floor":38,"damage_taken":0},{"event_name":"Falling","player_choice":"Removed Skill","floor":44,"damage_taken":0},{"event_name":"Mysterious Sphere","player_choice":"Ignore","floor":48,"damage_taken":0}],"boss_relics":[{"not_picked":["Snecko Eye","White Beast Statue"],"picked":"Lizard Tail"},{"not_picked":["Sozu","Coffee Dripper"],"picked":"Mark of Pain"}],"items_purged_floors":[24,37,39,41],"is_endless":false,"potions_floor_spawned":[4,6,13,14,16,20,22,30,33,35,45,47],"killed_by":"Donu and Deca","ascension_level":0}