{"gold_per_floor":[364,374,384,398,140,168,178,178,262,289,307,342,342,358,358,435,435,452,377,377,143,93,124,124,154,180,180,180,192,203,203],"floor_reached":31,"playtime":1261,"items_purged":["Strike_B","Strike_B","Strike_B"],"score":487,"play_id":"dbab1c26-cc91-491b-9a0d-88025fbbc6fe","local_time":"20190429172644","is_ascension_mode":true,"campfire_choices":[{"floor":8,"key":"REST"},{"floor":13,"key":"REST"},{"data":"Redo","floor":15,"key":"SMITH"},{"floor":24,"key":"REST"},{"floor":28,"key":"REST"}],"neow_cost":"TEN_PERCENT_HP_LOSS","seed_source_timestamp":702192845846669,"circlet_count":0,"master_deck":["AscendersBane","Defend_B","Defend_B","Defend_B","Zap","Dualcast","Conserve Battery","Barrage","Core Surge","Compile Driver","Ball Lightning","Flash of Steel","Leap","Defragment","Doom and Gloom","Double Energy","Glacier","Hologram","Redo+1","Echo Form","Doom and Gloom","Capacitor","Defragment","White Noise","Go for the Eyes","Undo+1"],"relics":["Cracked Core","Vajra","Tiny Chest","Meat on the Bone","Smiling Mask","Philosopher\u0027s Stone","Enchiridion","Orichalcum","Blood Vial","DataDisk","Juzu Bracelet"],"potions_floor_usage":[6,16,23,31],"damage_taken":[{"damage":1,"enemies":"Cultist","floor":1,"turns":3},{"damage":0,"enemies":"2 Louse","floor":2,"turns":3},{"damage":8,"enemies":"Jaw Worm","floor":3,"turns":4},{"damage":8,"enemies":"Exordium Wildlife","floor":4,"turns":4},{"damage":10,"enemies":"3 Sentries","floor":6,"turns":10},{"damage":13,"enemies":"Gremlin Gang","floor":7,"turns":4},{"damage":32,"enemies":"Gremlin Nob","floor":10,"turns":4},{"damage":4,"enemies":"Red Slaver","floor":11,"turns":2},{"damage":9,"enemies":"3 Sentries","floor":12,"turns":6},{"damage":16,"enemies":"Blue Slaver","floor":14,"turns":3},{"damage":14,"enemies":"Hexaghost","floor":16,"turns":11},{"damage":1,"enemies":"Spheric Guardian","floor":18,"turns":4},{"damage":33,"enemies":"Slavers","floor":23,"turns":8},{"damage":38,"enemies":"Book of Stabbing","floor":25,"turns":5},{"damage":7,"enemies":"Shell Parasite","floor":29,"turns":4},{"damage":4,"enemies":"Cultist and Chosen","floor":30,"turns":4},{"damage":46,"enemies":"Slavers","floor":31,"turns":2}],"seed_played":"4283014475281369469","potions_obtained":[{"floor":2,"key":"Dexterity Potion"},{"floor":4,"key":"Poison Potion"},{"floor":6,"key":"SkillPotion"},{"floor":11,"key":"Weak Potion"},{"floor":18,"key":"Strength Potion"},{"floor":25,"key":"Energy Potion"}],"is_trial":false,"path_per_floor":["M","M","M","M","$","E","M","R","T","E","M","E","R","M","R","B",null,"M","?","?","$","$","E","R","E","T","?","R","M","M","E"],"character_chosen":"DEFECT","items_purchased":["Ball Lightning","Flash of Steel","Leap","Capacitor","Orichalcum"],"campfire_rested":4,"item_purchase_floors":[5,5,5,21,21],"current_hp_per_floor":[67,67,59,51,51,41,28,48,48,16,24,27,47,43,43,41,61,60,60,44,44,44,23,43,19,19,19,39,46,44,0],"gold":203,"neow_bonus":"TWO_FIFTY_GOLD","is_prod":false,"is_daily":false,"chose_seed":false,"campfire_upgraded":1,"win_rate":0,"timestamp":1556551604,"path_taken":["M","M","M","M","?","E","M","R","T","E","M","E","R","M","R","BOSS","M","?","?","?","$","E","R","E","T","?","R","M","M","E"],"build_version":"2019-04-23","purchased_purges":3,"victory":false,"max_hp_per_floor":[68,68,68,68,68,68,68,68,68,68,68,68,68,68,68,68,68,68,68,68,68,68,68,68,68,68,68,68,68,68,68],"card_choices":[{"not_picked":["Turbo","Streamline"],"picked":"Conserve Battery","floor":1},{"not_picked":["Melter","Streamline"],"picked":"Barrage","floor":2},{"not_picked":["Coolheaded","Rip and Tear"],"picked":"Core Surge","floor":3},{"not_picked":["FTL","Streamline"],"picked":"Compile Driver","floor":4},{"not_picked":["Blizzard","Fusion"],"picked":"Defragment","floor":6},{"not_picked":["Barrage","Sunder"],"picked":"Doom and Gloom","floor":7},{"not_picked":["Creative AI","Conserve Battery"],"picked":"Double Energy","floor":10},{"not_picked":["Hologram","Static Discharge"],"picked":"Glacier","floor":11},{"not_picked":["Hologram","Rebound","Amplify"],"picked":"SKIP","floor":12},{"not_picked":["Rebound","Amplify"],"picked":"Hologram","floor":12},{"not_picked":["Rebound","Conserve Battery"],"picked":"Redo","floor":14},{"not_picked":["Thunder Strike","Fission"],"picked":"Echo Form","floor":16},{"not_picked":["Go for the Eyes","Ball Lightning"],"picked":"Doom and Gloom","floor":18},{"not_picked":["Steam Power+1","Leap"],"picked":"Defragment","floor":23},{"not_picked":["Beam Cell","Redo+1"],"picked":"White Noise","floor":25},{"not_picked":["Lockon","Beam Cell"],"picked":"Go for the Eyes","floor":29},{"not_picked":["White Noise+1","Turbo"],"picked":"Undo+1","floor":30}],"player_experience":1324139,"relics_obtained":[{"floor":6,"key":"Vajra"},{"floor":9,"key":"Tiny Chest"},{"floor":10,"key":"Meat on the Bone"},{"floor":12,"key":"Smiling Mask"},{"floor":20,"key":"Enchiridion"},{"floor":23,"key":"Blood Vial"},{"floor":25,"key":"DataDisk"},{"floor":26,"key":"Juzu Bracelet"}],"event_choices":[{"cards_removed":["Strike_B"],"damage_healed":0,"gold_gain":0,"player_choice":"Gave Gold","damage_taken":0,"max_hp_gain":0,"max_hp_loss":0,"event_name":"Beggar","floor":19,"gold_loss":75},{"damage_healed":0,"gold_gain":0,"player_choice":"Obtained Book","damage_taken":16,"max_hp_gain":0,"max_hp_loss":0,"event_name":"Cursed Tome","floor":20,"gold_loss":0},{"cards_removed":["Defend_B"],"damage_healed":0,"gold_gain":0,"player_choice":"Purged","damage_taken":0,"max_hp_gain":0,"max_hp_loss":0,"event_name":"Purifier","floor":27,"gold_loss":0}],"is_beta":true,"boss_relics":[{"not_picked":["White Beast Statue","Tiny House"],"picked":"Philosopher\u0027s Stone"}],"items_purged_floors":[5,21,22],"is_endless":false,"potions_floor_spawned":[2,4,6,7,11,12,18,25,30],"killed_by":"Slavers","ascension_level":13}