{"gold_per_floor":[119,44,119,129,147,175,175,350,350,379,38,38,68,78,78,174,174,190,206,11,11,24,24,58,58,107,107],"floor_reached":27,"playtime":1136,"items_purged":["Strike_B","Doubt","Strike_B"],"score":261,"play_id":"0b148ca9-b0c5-432e-a4cd-0456b35a03d1","local_time":"20180815201845","is_ascension_mode":true,"campfire_choices":[{"data":"Defragment","floor":7,"key":"SMITH"},{"floor":12,"key":"REST"},{"floor":15,"key":"REST"},{"floor":23,"key":"REST"}],"neow_cost":"","seed_source_timestamp":190250217131727,"circlet_count":0,"master_deck":["Strike_B","Strike_B","Defend_B","Defend_B","Defend_B","Defend_B","Zap","Dualcast","Sweeping Beam","Static Discharge","Defragment+1","Steam","Rebound+1","Consume","Loop","Meteor Strike+1","Heatsinks","Storm","Static Discharge"],"relics":["Cracked Core","Ancient Tea Set","Molten Egg 2","Pen Nib","Mummified Hand","Happy Flower","Nuclear Battery","Nunchaku","Orichalcum"],"potions_floor_usage":[10,14,16],"damage_taken":[{"damage":0,"enemies":"Small Slimes","floor":1,"turns":3},{"damage":1,"enemies":"Cultist","floor":4,"turns":4},{"damage":1,"enemies":"Jaw Worm","floor":5,"turns":3},{"damage":21,"enemies":"Lagavulin","floor":6,"turns":7},{"damage":13,"enemies":"3 Sentries","floor":10,"turns":6},{"damage":10,"enemies":"Lagavulin","floor":13,"turns":4},{"damage":5,"enemies":"Gremlin Gang","floor":14,"turns":2},{"damage":56,"enemies":"The Guardian","floor":16,"turns":8},{"damage":7,"enemies":"Shell Parasite","floor":18,"turns":4},{"damage":11,"enemies":"3 Byrds","floor":19,"turns":3},{"damage":18,"enemies":"Snake Plant","floor":22,"turns":2},{"damage":46,"enemies":"Slavers","floor":24,"turns":5},{"damage":26,"enemies":"Cultist and Chosen","floor":27,"turns":4}],"seed_played":"4515452007179502028","potions_obtained":[{"floor":4,"key":"Block Potion"},{"floor":5,"key":"SteroidPotion"},{"floor":6,"key":"Dexterity Potion"},{"floor":13,"key":"Fire Potion"},{"floor":22,"key":"Strength Potion"}],"is_trial":false,"path_per_floor":["M","$","?","M","M","E","R","?","T","E","$","R","E","M","R","B",null,"M","M","$","?","M","R","E","$","T"],"character_chosen":"DEFECT","items_purchased":["Mummified Hand","Storm"],"campfire_rested":3,"item_purchase_floors":[11,20],"current_hp_per_floor":[75,75,68,67,66,45,45,45,45,32,32,54,44,39,61,5,75,68,57,57,57,39,61,15,15,15,0],"gold":107,"neow_bonus":"","is_prod":false,"is_daily":false,"chose_seed":false,"campfire_upgraded":1,"win_rate":0,"timestamp":1534378725,"path_taken":["M","$","?","M","M","E","R","?","T","E","$","R","E","M","R","BOSS","M","M","$","?","M","R","E","$","T","M"],"build_version":"2018-08-09","purchased_purges":3,"victory":false,"max_hp_per_floor":[75,75,75,75,75,75,75,75,75,75,75,75,75,75,75,75,75,75,75,75,75,75,75,75,75,75,75],"card_choices":[{"not_picked":["Coolheaded","Turbo"],"picked":"Sweeping Beam","floor":1},{"not_picked":["Scrape","Cold Snap"],"picked":"Static Discharge","floor":4},{"not_picked":["Conserve Battery","Auto Shields"],"picked":"Defragment","floor":5},{"not_picked":["Doom and Gloom","Glacier"],"picked":"Steam","floor":6},{"not_picked":["All For One+1","Go for the Eyes+1"],"picked":"Rebound+1","floor":10},{"not_picked":["Sweeping Beam+1","Steam Power"],"picked":"Consume","floor":13},{"not_picked":["Cold Snap+1","Streamline+1"],"picked":"Loop","floor":14},{"not_picked":["Creative AI","Core Surge+1"],"picked":"Meteor Strike+1","floor":16},{"not_picked":["Undo","Redo","Barrage+1"],"picked":"SKIP","floor":18},{"not_picked":["Undo","Sweeping Beam+1"],"picked":"Heatsinks","floor":19},{"not_picked":["Sweeping Beam+1","Rebound+1","Blizzard+1"],"picked":"SKIP","floor":22},{"not_picked":["Reboot","Stack"],"picked":"Static Discharge","floor":24}],"player_experience":621063,"relics_obtained":[{"floor":6,"key":"Ancient Tea Set"},{"floor":9,"key":"Molten Egg 2"},{"floor":10,"key":"Pen Nib"},{"floor":13,"key":"Happy Flower"},{"floor":24,"key":"Nunchaku"},{"floor":26,"key":"Orichalcum"}],"event_choices":[{"event_name":"FaceTrader","player_choice":"Touch","floor":3,"damage_taken":0},{"event_name":"Liars Game","player_choice":"agreed","floor":8,"damage_taken":0},{"event_name":"Drug Dealer","player_choice":"Ignored","floor":21,"damage_taken":0}],"is_beta":false,"boss_relics":[{"not_picked":["Runic Pyramid","Coffee Dripper"],"picked":"Nuclear Battery"}],"items_purged_floors":[2,11,20],"is_endless":false,"potions_floor_spawned":[4,5,6,13,19,22],"killed_by":"Cultist and Chosen","ascension_level":1}