{"gold_per_floor":[113,125,31,42,55,88,88,122,122,154,167,167,177,189,189,189],"floor_reached":16,"playtime":941,"items_purged":[],"score":248,"play_id":"1d67d9c1-2155-4dba-a75b-9e47b6551a17","local_time":"20190515192010","is_ascension_mode":true,"campfire_choices":[{"data":"Sunder","floor":7,"key":"SMITH"},{"data":"Glacier","floor":15,"key":"SMITH"}],"neow_cost":"NONE","seed_source_timestamp":2091719252513755,"circlet_count":0,"master_deck":["AscendersBane","Strike_B","Strike_B","Strike_B","Strike_B","Defend_B","Defend_B","Defend_B","Defend_B","Zap","Dualcast","FTL","Compile Driver","Sunder+1","Coolheaded","BootSequence","Conserve Battery","Glacier+1","Electrodynamics","Self Repair","Ball Lightning","Undo","Sweeping Beam"],"relics":["Cracked Core","Gremlin Horn","Dead Branch","Darkstone Periapt","Cables"],"potions_floor_usage":[10,10,16],"damage_taken":[{"damage":7,"enemies":"Jaw Worm","floor":1,"turns":3},{"damage":0,"enemies":"Cultist","floor":2,"turns":2},{"damage":0,"enemies":"Small Slimes","floor":4,"turns":2},{"damage":1,"enemies":"2 Fungi Beasts","floor":5,"turns":3},{"damage":24,"enemies":"3 Sentries","floor":6,"turns":8},{"damage":3,"enemies":"Lagavulin","floor":8,"turns":6},{"damage":8,"enemies":"Gremlin Nob","floor":10,"turns":4},{"damage":0,"enemies":"Red Slaver","floor":11,"turns":3},{"damage":1,"enemies":"Blue Slaver","floor":13,"turns":3},{"damage":0,"enemies":"Lots of Slimes","floor":14,"turns":2},{"damage":15,"enemies":"Hexaghost","floor":16,"turns":9}],"seed_played":"-7502182241623862935","potions_obtained":[{"floor":4,"key":"Block Potion"},{"floor":6,"key":"SteroidPotion"},{"floor":8,"key":"Weak Potion"},{"floor":13,"key":"PowerPotion"},{"floor":14,"key":"Swift Potion"}],"is_trial":false,"path_per_floor":["M","M","$","M","M","E","R","E","T","E","M","?","M","M","R","B"],"character_chosen":"DEFECT","items_purchased":["Sunder","Coolheaded"],"campfire_rested":0,"item_purchase_floors":[3,3],"current_hp_per_floor":[57,57,57,57,56,32,32,29,29,21,21,11,10,10,10,0],"gold":189,"neow_bonus":"THREE_CARDS","is_prod":false,"is_daily":false,"chose_seed":false,"campfire_upgraded":2,"win_rate":0,"timestamp":1557940810,"path_taken":["M","M","$","M","M","E","R","E","T","E","M","?","?","M","R","BOSS"],"build_version":"2019-05-07","purchased_purges":0,"victory":false,"max_hp_per_floor":[71,71,71,71,71,71,71,71,71,71,71,71,71,71,71,71],"card_choices":[{"not_picked":["Heatsinks","Stack"],"picked":"FTL","floor":0},{"not_picked":["Beam Cell","Rip and Tear"],"picked":"Compile Driver","floor":1},{"not_picked":["Consume","Aggregate","Force Field"],"picked":"SKIP","floor":2},{"not_picked":["Force Field","Lockon"],"picked":"BootSequence","floor":4},{"not_picked":["Melter","Reprogram"],"picked":"Conserve Battery","floor":5},{"not_picked":["Streamline","Coolheaded"],"picked":"Glacier","floor":6},{"not_picked":["Leap","White Noise"],"picked":"Electrodynamics","floor":8},{"not_picked":["Scrape","Capacitor"],"picked":"Self Repair","floor":10},{"not_picked":["Turbo","Gash"],"picked":"Ball Lightning","floor":11},{"not_picked":["Scrape","Turbo"],"picked":"Undo","floor":13},{"not_picked":["Darkness","Beam Cell"],"picked":"Sweeping Beam","floor":14}],"player_experience":1916890,"relics_obtained":[{"floor":6,"key":"Gremlin Horn"},{"floor":8,"key":"Dead Branch"},{"floor":9,"key":"Darkstone Periapt"},{"floor":10,"key":"Cables"}],"event_choices":[{"damage_healed":0,"gold_gain":0,"player_choice":"Damaged","damage_taken":10,"max_hp_gain":0,"max_hp_loss":0,"event_name":"Wheel of Change","floor":12,"gold_loss":0}],"is_beta":true,"boss_relics":[],"items_purged_floors":[],"is_endless":false,"potions_floor_spawned":[4,6,8,13,14],"killed_by":"Hexaghost","ascension_level":20}