{"gold_per_floor":[10,21,37,48,60,92,92,127,154,154],"floor_reached":10,"playtime":594,"items_purged":[],"score":116,"play_id":"0ce479eb-1e77-4378-b36d-420eb1ceaae0","local_time":"20190425204020","is_ascension_mode":true,"campfire_choices":[{"floor":7,"key":"REST"}],"neow_cost":"NO_GOLD","seed_source_timestamp":368875272244465,"circlet_count":0,"master_deck":["Strike_B","Strike_B","Defend_B","Defend_B","Defend_B","Defend_B","Zap","Dualcast","Ball Lightning","Genetic Algorithm","Compile Driver","Coolheaded","Genetic Algorithm","Sweeping Beam","Seek"],"relics":["Cracked Core","Bottled Flame","Darkstone Periapt","Lantern"],"potions_floor_usage":[6,6,10],"damage_taken":[{"damage":1,"enemies":"2 Louse","floor":1,"turns":4},{"damage":0,"enemies":"Cultist","floor":2,"turns":3},{"damage":3,"enemies":"Jaw Worm","floor":3,"turns":4},{"damage":11,"enemies":"Blue Slaver","floor":4,"turns":4},{"damage":2,"enemies":"Looter","floor":5,"turns":3},{"damage":63,"enemies":"Gremlin Nob","floor":6,"turns":5},{"damage":9,"enemies":"3 Sentries","floor":8,"turns":8},{"damage":21,"enemies":"Gremlin Nob","floor":10,"turns":3}],"seed_played":"8861966868158790184","potions_obtained":[{"floor":1,"key":"Regen Potion"},{"floor":5,"key":"SkillPotion"},{"floor":8,"key":"FocusPotion"}],"is_trial":false,"path_per_floor":["M","M","M","M","M","E","R","E","T","E"],"character_chosen":"DEFECT","items_purchased":[],"campfire_rested":1,"item_purchase_floors":[],"current_hp_per_floor":[67,67,64,53,51,2,24,15,15,0],"gold":154,"neow_bonus":"REMOVE_TWO","is_prod":false,"is_daily":false,"chose_seed":false,"campfire_upgraded":0,"win_rate":0,"timestamp":1556217620,"path_taken":["M","M","M","M","M","E","R","E","T","E"],"build_version":"2019-04-23","purchased_purges":0,"victory":false,"max_hp_per_floor":[75,75,75,75,75,75,75,75,75,75],"card_choices":[{"not_picked":["Defragment","Conserve Battery"],"picked":"Ball Lightning","floor":1},{"not_picked":["Force Field","Ball Lightning"],"picked":"Genetic Algorithm","floor":2},{"not_picked":["All For One","Chaos"],"picked":"Compile Driver","floor":3},{"not_picked":["Storm","Barrage"],"picked":"Coolheaded","floor":4},{"not_picked":["Turbo","Barrage"],"picked":"Genetic Algorithm","floor":5},{"not_picked":["Fusion","Reprogram"],"picked":"Sweeping Beam","floor":6},{"not_picked":["Steam","Beam Cell"],"picked":"Seek","floor":8}],"player_experience":1238086,"relics_obtained":[{"floor":6,"key":"Bottled Flame"},{"floor":8,"key":"Darkstone Periapt"},{"floor":9,"key":"Lantern"}],"event_choices":[],"is_beta":true,"boss_relics":[],"items_purged_floors":[],"is_endless":false,"potions_floor_spawned":[1,5,8],"killed_by":"Gremlin Nob","ascension_level":9}