{"path_per_floor":["M","M","M","M","$","E","R","E","T","E","M","R","?","E","R","B",null,"M","$","M","$","M"],"character_chosen":"IRONCLAD","items_purchased":["Apotheosis","Battle Trance","Warcry","Bag of Marbles","True Grit","Pommel Strike"],"gold_per_floor":[362,380,390,409,53,87,87,116,116,151,168,168,343,370,370,467,467,479,188,203,27,45],"floor_reached":23,"campfire_rested":2,"playtime":2340,"current_hp_per_floor":[80,79,79,73,73,61,61,33,33,46,52,79,79,54,81,34,91,67,67,48,48,26],"items_purged":["Writhe","Doubt","Doubt"],"gold":45,"play_id":"b9b75101-86fc-433e-9dbc-d875234e1f4e","is_prod":false,"is_daily":false,"is_ascension_mode":true,"campfire_upgraded":1,"path_taken":["M","M","M","M","$","E","R","E","T","E","M","R","?","E","R","BOSS","M","$","M","$","M","E"],"build_version":"2018-02-01-PROD3","purchased_purges":4,"victory":false,"master_deck":["Strike_R","Strike_R","Strike_R","Strike_R","Strike_R","Defend_R","Defend_R","Defend_R","Defend_R","Bash","Sword Boomerang","Anger","Rampage","Apotheosis+1","Battle Trance","Warcry","Flex","Warcry","Evolve","Offering","Clumsy","Decay","True Grit","Pommel Strike","Seeing Red"],"max_hp_per_floor":[80,80,80,80,80,82,82,84,84,91,91,91,91,91,91,91,91,93,93,95,95,95],"relics":["Burning Blood","Singing Bowl","Gremlin Horn","Sundial","Strawberry","Juzu Bracelet","Calling Bell","Omamori","Blood Vial","Ice Cream","Bag of Marbles"],"card_choices":[{"not_picked":["Shrug It Off","Feel No Pain"],"picked":"Sword Boomerang"},{"not_picked":["Perfected Strike","Warcry"],"picked":"Anger"},{"not_picked":["Havoc","Seeing Red"],"picked":"Rampage"},{"not_picked":["Searing Blow","Clash"],"picked":"Flex"},{"not_picked":["Cleave","Clash"],"picked":"Warcry"},{"not_picked":["Barricade","Flex"],"picked":"Evolve"},{"not_picked":["Double Tap","Brutality"],"picked":"Offering"},{"not_picked":["Flame Barrier","Heavy Blade"],"picked":"Seeing Red"}],"player_experience":386425,"potions_floor_usage":[8,11,14,14,23,23],"damage_taken":[{"damage":1,"enemies":"2 Louse","floor":1,"turns":4},{"damage":7,"enemies":"Jaw Worm","floor":2,"turns":3},{"damage":6,"enemies":"Cultist","floor":3,"turns":3},{"damage":12,"enemies":"Looter","floor":4,"turns":3},{"damage":20,"enemies":"Gremlin Nob","floor":6,"turns":4},{"damage":36,"enemies":"Lagavulin","floor":8,"turns":4},{"damage":0,"enemies":"3 Sentries","floor":10,"turns":6},{"damage":0,"enemies":"Large Slime","floor":11,"turns":4},{"damage":31,"enemies":"Gremlin Nob","floor":14,"turns":4},{"damage":53,"enemies":"The Guardian","floor":16,"turns":8},{"damage":32,"enemies":"Shell Parasite","floor":18,"turns":5},{"damage":29,"enemies":"Chosen","floor":20,"turns":5},{"damage":30,"enemies":"Centurion and Healer","floor":22,"turns":5},{"damage":38,"enemies":"Book of Stabbing","floor":23,"turns":4}],"event_choices":[{"event_name":"Liars Game","player_choice":"agreed","floor":13,"damage_taken":0}],"boss_relics":[{"not_picked":["Pandora\u0027s Box","Runic Cube"],"picked":"Calling Bell"}],"potions_floor_spawned":[3,6,8,10,11,16,20,22],"seed_played":"-2602861303095147800","killed_by":"Book of Stabbing","ascension_level":2,"is_trial":false}