{"gold_per_floor":[411,336,88,108,108,108,123,143,143,143,169,179,213,239,239,239],"floor_reached":16,"playtime":409,"items_purged":["Strike_B"],"score":215,"play_id":"d75662b0-e172-41a8-a96f-71b33fc0528c","local_time":"20190511115306","is_ascension_mode":true,"campfire_choices":[{"data":"Defragment","floor":6,"key":"SMITH"},{"data":"Reinforced Body","floor":10,"key":"SMITH"},{"floor":15,"key":"REST"}],"neow_cost":"CURSE","seed_source_timestamp":1719825973834113,"circlet_count":0,"master_deck":["AscendersBane","Strike_B","Strike_B","Strike_B","Defend_B","Defend_B","Defend_B","Defend_B","Zap","Dualcast","Leap","Reinforced Body+1","Gash","Loop","Defragment+1","Pain","Ball Lightning","FTL","Double Energy+1","Aggregate+1","Auto Shields+1"],"relics":["Cracked Core","Old Coin","WarpedTongs","Singing Bowl","Toxic Egg 2","Shuriken","Bronze Scales"],"potions_floor_usage":[13,13],"damage_taken":[{"damage":6,"enemies":"2 Louse","floor":1,"turns":2},{"damage":0,"enemies":"Cultist","floor":4,"turns":3},{"damage":4,"enemies":"Jaw Worm","floor":7,"turns":4},{"damage":8,"enemies":"Exordium Wildlife","floor":8,"turns":4},{"damage":26,"enemies":"3 Sentries","floor":11,"turns":6},{"damage":2,"enemies":"Blue Slaver","floor":12,"turns":3},{"damage":11,"enemies":"Lagavulin","floor":13,"turns":6},{"damage":28,"enemies":"Slime Boss","floor":16,"turns":5}],"seed_played":"2423156323503220318","potions_obtained":[{"floor":7,"key":"FearPotion"},{"floor":11,"key":"Weak Potion"}],"is_trial":false,"path_per_floor":["M","?","$","M","?","R","M","M","T","R","E","M","E","T","R","B"],"character_chosen":"DEFECT","items_purchased":["Reinforced Body","Gash","Loop"],"campfire_rested":1,"item_purchase_floors":[3,3,3],"current_hp_per_floor":[58,58,58,58,58,58,54,46,46,46,20,18,7,7,28,0],"gold":239,"neow_bonus":"ONE_RARE_RELIC","is_prod":false,"is_daily":false,"chose_seed":false,"campfire_upgraded":2,"win_rate":0,"timestamp":1557568386,"path_taken":["M","?","$","M","?","R","M","?","T","R","E","M","E","?","R","BOSS"],"build_version":"2019-05-07","purchased_purges":1,"victory":false,"max_hp_per_floor":[71,71,71,71,71,71,71,71,71,71,71,71,71,71,71,71],"card_choices":[{"not_picked":["Turbo","Steam"],"picked":"Leap","floor":1},{"not_picked":["Turbo","Streamline"],"picked":"Defragment","floor":4},{"not_picked":["Chill","Reprogram"],"picked":"Ball Lightning","floor":7},{"not_picked":["Reprogram","Redo"],"picked":"FTL","floor":8},{"not_picked":["Turbo","Reprogram"],"picked":"Double Energy","floor":11},{"not_picked":["Heatsinks","Creative AI"],"picked":"Aggregate+1","floor":12},{"not_picked":["Hologram+1","Sunder"],"picked":"Auto Shields+1","floor":13}],"player_experience":1776325,"relics_obtained":[{"floor":9,"key":"Singing Bowl"},{"floor":11,"key":"Toxic Egg 2"},{"floor":13,"key":"Shuriken"},{"floor":14,"key":"Bronze Scales"}],"event_choices":[{"cards_removed":["Pain"],"damage_healed":0,"gold_gain":0,"player_choice":"Card Removal","damage_taken":0,"max_hp_gain":0,"max_hp_loss":0,"event_name":"The Cleric","floor":2,"gold_loss":75},{"damage_healed":0,"gold_gain":0,"player_choice":"Rummage","damage_taken":0,"relics_obtained":["WarpedTongs"],"max_hp_gain":0,"max_hp_loss":0,"event_name":"Accursed Blacksmith","floor":5,"gold_loss":0,"cards_obtained":["Pain"]}],"is_beta":true,"boss_relics":[],"items_purged_floors":[3],"is_endless":false,"potions_floor_spawned":[7,11],"killed_by":"Slime Boss","ascension_level":19}