{"gold_per_floor":[112,112,112,112,127,127,140,140,163,163,194,214,225,241,241,241],"floor_reached":16,"playtime":1153,"items_purged":[],"score":173,"play_id":"46c46f9c-9ca5-462a-bb83-517e7bde01c6","local_time":"20190424000710","is_ascension_mode":true,"campfire_choices":[{"data":"Streamline","floor":6,"key":"SMITH"},{"floor":8,"key":"REST"},{"data":"Zap","floor":10,"key":"SMITH"},{"floor":15,"key":"REST"}],"neow_cost":"PERCENT_DAMAGE","seed_source_timestamp":89973404002100,"circlet_count":0,"master_deck":["AscendersBane","Strike_B+1","Strike_B+1","Strike_B","Strike_B","Defend_B","Defend_B","Defend_B","Defend_B","Zap+1","Dualcast+1","Auto Shields","Streamline+1","Hologram","Skim","Double Energy","Ball Lightning"],"relics":["Cracked Core","Ice Cream","DataDisk","Whetstone"],"potions_floor_usage":[12,14],"damage_taken":[{"damage":0,"enemies":"Small Slimes","floor":1,"turns":4},{"damage":0,"enemies":"2 Louse","floor":5,"turns":3},{"damage":0,"enemies":"Jaw Worm","floor":7,"turns":3},{"damage":14,"enemies":"3 Sentries","floor":11,"turns":9},{"damage":18,"enemies":"Lots of Slimes","floor":12,"turns":3},{"damage":3,"enemies":"Blue Slaver","floor":13,"turns":2},{"damage":20,"enemies":"Gremlin Gang","floor":14,"turns":3},{"damage":35,"enemies":"Slime Boss","floor":16,"turns":5}],"seed_played":"-3760409357848367881","potions_obtained":[{"floor":7,"key":"Swift Potion"},{"floor":11,"key":"SkillPotion"},{"floor":14,"key":"SmokeBomb"}],"is_trial":false,"path_per_floor":["M","?","?","$","M","R","M","R","T","R","E","M","M","M","R","B"],"character_chosen":"DEFECT","items_purchased":[],"campfire_rested":2,"item_purchase_floors":[],"current_hp_per_floor":[46,46,46,46,46,46,46,67,67,67,53,35,32,12,33,0],"gold":241,"neow_bonus":"ONE_RARE_RELIC","is_prod":false,"is_daily":false,"chose_seed":false,"campfire_upgraded":2,"win_rate":0,"timestamp":1556078830,"path_taken":["M","?","?","?","M","R","M","R","T","R","E","M","M","?","R","BOSS"],"build_version":"2019-01-23","purchased_purges":0,"victory":false,"max_hp_per_floor":[71,71,71,71,71,71,71,71,71,71,71,71,71,71,71,71],"card_choices":[{"not_picked":["Streamline","Steam Power"],"picked":"Auto Shields","floor":1},{"not_picked":["Ball Lightning","Conserve Battery"],"picked":"Streamline","floor":5},{"not_picked":["Redo","Sweeping Beam"],"picked":"Hologram","floor":7},{"not_picked":["Heatsinks","Redo"],"picked":"Skim","floor":11},{"not_picked":["Lockon","Multi-Cast"],"picked":"Double Energy","floor":12},{"not_picked":["Steam","Streamline"],"picked":"Ball Lightning","floor":13},{"not_picked":["Stack","Cold Snap","Skim"],"picked":"SKIP","floor":14}],"player_experience":2791825,"relics_obtained":[{"floor":9,"key":"DataDisk"},{"floor":11,"key":"Whetstone"}],"event_choices":[{"damage_healed":0,"gold_gain":0,"player_choice":"Grow","damage_taken":0,"max_hp_gain":0,"max_hp_loss":0,"event_name":"Living Wall","floor":2,"gold_loss":0,"cards_upgraded":["Dualcast"]},{"damage_healed":0,"gold_gain":0,"player_choice":"Ignored","damage_taken":0,"max_hp_gain":0,"max_hp_loss":0,"event_name":"Golden Idol","floor":3,"gold_loss":0}],"is_beta":false,"boss_relics":[],"items_purged_floors":[],"is_endless":false,"potions_floor_spawned":[7,11,14],"killed_by":"Slime Boss","ascension_level":14}