{"gold_per_floor":[112,123,142,13,33,33,59,59,130,130,141,174,186,198,198,276,276,291,60,80,100,100],"floor_reached":22,"playtime":1098,"items_purged":["Strike_R"],"score":370,"play_id":"071002e3-befd-4575-8337-fe38d5a310a4","local_time":"20190503205908","is_ascension_mode":true,"campfire_choices":[{"data":"Whirlwind","floor":6,"key":"SMITH"},{"data":"Uppercut","floor":8,"key":"SMITH"},{"data":"Bash","floor":10,"key":"SMITH"},{"data":"Limit Break","floor":15,"key":"SMITH"}],"neow_cost":"NONE","seed_source_timestamp":1060698962801951,"circlet_count":0,"master_deck":["AscendersBane","Strike_R","Strike_R","Defend_R","Defend_R","Defend_R","Defend_R","Bash+1","Shrug It Off","Uppercut+1","Metallicize","Sword Boomerang","Whirlwind+1","Ghostly Armor","Headbutt","Flame Barrier","Pommel Strike","Limit Break+1","Clothesline","Headbutt","Limit Break","Rupture","Reaper","Metallicize"],"relics":["Burning Blood","Champion Belt","Sundial","Dream Catcher","Empty Cage"],"potions_floor_usage":[7,16,18,18,21,21],"damage_taken":[{"damage":1,"enemies":"Small Slimes","floor":1,"turns":4},{"damage":5,"enemies":"2 Louse","floor":2,"turns":4},{"damage":0,"enemies":"Cultist","floor":3,"turns":3},{"damage":4,"enemies":"Large Slime","floor":5,"turns":4},{"damage":20,"enemies":"Gremlin Nob","floor":7,"turns":5},{"damage":7,"enemies":"3 Louse","floor":11,"turns":3},{"damage":9,"enemies":"Lagavulin","floor":12,"turns":9},{"damage":7,"enemies":"Red Slaver","floor":13,"turns":3},{"damage":7,"enemies":"Exordium Thugs","floor":14,"turns":4},{"damage":46,"enemies":"Slime Boss","floor":16,"turns":11},{"damage":17,"enemies":"Shell Parasite","floor":18,"turns":6},{"damage":28,"enemies":"Chosen","floor":20,"turns":7},{"damage":21,"enemies":"Snake Plant","floor":21,"turns":6},{"damage":21,"enemies":"Centurion and Healer","floor":22,"turns":3}],"seed_played":"-488579424714441705","potions_obtained":[{"floor":2,"key":"Poison Potion"},{"floor":5,"key":"SkillPotion"},{"floor":13,"key":"Strength Potion"},{"floor":16,"key":"AttackPotion"},{"floor":18,"key":"Block Potion"},{"floor":20,"key":"FearPotion"},{"floor":21,"key":"SpeedPotion"}],"is_trial":false,"path_per_floor":["M","M","M","$","M","R","E","R","T","R","M","E","M","M","R","B",null,"M","$","M","M","M"],"character_chosen":"IRONCLAD","items_purchased":["Whirlwind","Ghostly Armor","Reaper"],"campfire_rested":0,"item_purchase_floors":[4,4,19],"current_hp_per_floor":[73,74,75,75,75,75,61,61,61,61,60,57,56,55,55,15,60,49,49,27,12,0],"gold":100,"neow_bonus":"THREE_CARDS","is_prod":false,"is_daily":false,"chose_seed":false,"campfire_upgraded":4,"win_rate":0,"timestamp":1556909948,"path_taken":["M","M","M","$","M","R","E","R","T","R","M","E","M","M","R","BOSS","M","$","M","M","M"],"build_version":"2019-04-23","purchased_purges":1,"victory":false,"max_hp_per_floor":[75,75,75,75,75,75,75,75,75,75,75,75,75,75,75,75,75,75,75,75,75,75],"card_choices":[{"not_picked":["Hemokinesis","Battle Trance"],"picked":"Shrug It Off","floor":0},{"not_picked":["Iron Wave","Shrug It Off"],"picked":"Uppercut","floor":1},{"not_picked":["Second Wind","Evolve"],"picked":"Metallicize","floor":2},{"not_picked":["Body Slam","Power Through"],"picked":"Sword Boomerang","floor":3},{"not_picked":["Rupture","Wild Strike"],"picked":"Headbutt","floor":5},{"not_picked":["Whirlwind","Pommel Strike"],"picked":"Flame Barrier","floor":7},{"not_picked":["Anger","Heavy Blade"],"picked":"Pommel Strike","floor":11},{"not_picked":["Fire Breathing","Rampage"],"picked":"Limit Break","floor":12},{"not_picked":["Reckless Charge","Dual Wield"],"picked":"Clothesline","floor":13},{"not_picked":["Sword Boomerang","Intimidate"],"picked":"Headbutt","floor":14},{"not_picked":["Feed","Impervious"],"picked":"Limit Break","floor":16},{"not_picked":["Anger","Twin Strike"],"picked":"Rupture","floor":18},{"not_picked":["Armaments","Entrench+1","Evolve"],"picked":"SKIP","floor":20},{"not_picked":["Twin Strike+1","Heavy Blade"],"picked":"Metallicize","floor":21}],"player_experience":1476586,"relics_obtained":[{"floor":7,"key":"Champion Belt"},{"floor":9,"key":"Sundial"},{"floor":12,"key":"Dream Catcher"}],"event_choices":[],"is_beta":true,"boss_relics":[{"not_picked":["Pandora\u0027s Box","Sozu"],"picked":"Empty Cage"}],"items_purged_floors":[19],"is_endless":false,"potions_floor_spawned":[2,5,13,16,18,20,21],"killed_by":"Centurion and Healer","ascension_level":17}