{"gold_per_floor":[111,127,147,35,53,53,53,53,53,63,63,87,418,432,432,432],"floor_reached":16,"playtime":462,"items_purged":["Doubt"],"score":199,"play_id":"cb88b0d0-5691-447d-99bd-d552e4bf6137","local_time":"20190512114041","is_ascension_mode":true,"campfire_choices":[{"data":"Perfected Strike","floor":6,"key":"SMITH"},{"data":"Bash","floor":8,"key":"SMITH"},{"data":"Feel No Pain","floor":11,"key":"SMITH"},{"floor":15,"key":"REST"}],"neow_cost":"CURSE","seed_source_timestamp":1805428938628467,"circlet_count":0,"master_deck":["AscendersBane","Strike_R","Strike_R","Strike_R","Strike_R","Strike_R","Defend_R","Defend_R","Defend_R","Defend_R","Bash+1","True Grit","Perfected Strike+1","Wild Strike","Feel No Pain+1","Shrug It Off","Shrug It Off","Bludgeon"],"relics":["Burning Blood","Peace Pipe","Kunai","Odd Mushroom","Old Coin"],"potions_floor_usage":[12],"damage_taken":[{"damage":2,"enemies":"Cultist","floor":1,"turns":4},{"damage":4,"enemies":"Small Slimes","floor":2,"turns":4},{"damage":1,"enemies":"2 Louse","floor":3,"turns":4},{"damage":15,"enemies":"Red Slaver","floor":5,"turns":4},{"damage":0,"enemies":"Exordium Wildlife","floor":10,"turns":1},{"damage":4,"enemies":"The Mushroom Lair","floor":12,"turns":3},{"damage":40,"enemies":"Lagavulin","floor":13,"turns":4},{"damage":24,"enemies":"Exordium Thugs","floor":14,"turns":7},{"damage":75,"enemies":"The Guardian","floor":16,"turns":12}],"seed_played":"2804100911001482680","potions_obtained":[{"floor":2,"key":"Explosive Potion"},{"floor":13,"key":"Ancient Potion"}],"is_trial":false,"path_per_floor":["M","M","M","$","M","R","$","R","T","M","R","?","E","M","R","B"],"character_chosen":"IRONCLAD","items_purchased":["Feel No Pain"],"campfire_rested":1,"item_purchase_floors":[4],"current_hp_per_floor":[72,74,75,75,66,66,66,66,66,72,72,74,40,22,44,0],"gold":432,"neow_bonus":"ONE_RARE_RELIC","is_prod":false,"is_daily":false,"chose_seed":false,"campfire_upgraded":3,"win_rate":0,"timestamp":1557654041,"path_taken":["M","M","M","$","M","R","$","R","T","?","R","?","E","M","R","BOSS"],"build_version":"2019-05-07","purchased_purges":1,"victory":false,"max_hp_per_floor":[75,75,75,75,75,75,75,75,75,75,75,75,75,75,75,75],"card_choices":[{"not_picked":["Dual Wield","Heavy Blade"],"picked":"True Grit","floor":1},{"not_picked":["Armaments","Pommel Strike"],"picked":"Perfected Strike","floor":2},{"not_picked":["Clash","Hemokinesis"],"picked":"Wild Strike","floor":3},{"not_picked":["Clothesline","Thunderclap","Anger"],"picked":"SKIP","floor":5},{"not_picked":["Anger","Reckless Charge"],"picked":"Shrug It Off","floor":10},{"not_picked":["Corruption","Anger"],"picked":"Shrug It Off","floor":13},{"not_picked":["Bloodletting","Entrench"],"picked":"Bludgeon","floor":14}],"player_experience":1839806,"relics_obtained":[{"floor":9,"key":"Kunai"},{"floor":12,"key":"Odd Mushroom"},{"floor":13,"key":"Old Coin"}],"event_choices":[{"damage_healed":0,"gold_gain":0,"player_choice":"Fought Mushrooms","damage_taken":0,"max_hp_gain":0,"max_hp_loss":0,"event_name":"Mushrooms","floor":12,"gold_loss":0}],"is_beta":true,"boss_relics":[],"items_purged_floors":[4],"is_endless":false,"potions_floor_spawned":[2,13],"killed_by":"The Guardian","ascension_level":19}