{"path_per_floor":["M","?","M","M","M","R","$","M","T","M","E","M","?","?","R","B",null,"M","M","$","M","M","E"],"character_chosen":"IRONCLAD","items_purchased":["Lantern","Happy Flower"],"gold_per_floor":[10,10,20,38,51,51,51,69,92,110,140,157,157,157,157,278,278,301,317,16,39,52,83],"floor_reached":24,"campfire_rested":0,"playtime":1392,"current_hp_per_floor":[80,80,80,80,70,70,70,68,68,68,61,57,57,57,57,59,80,69,71,71,65,37,18],"items_purged":[],"gold":83,"play_id":"c3032ea7-ae5a-4380-95bc-7675b2f2d80b","is_prod":false,"is_daily":false,"campfire_rituals":0,"campfire_upgraded":2,"is_hardmode":false,"path_taken":["M","?","M","M","M","R","$","M","T","M","E","M","?","?","R","BOSS","M","M","$","M","M","E","M"],"build_version":"2018-01-18-PROD4","purchased_purges":0,"victory":false,"master_deck":["Strike_R","Strike_R","Strike_R","Strike_R","Strike_R","Defend_R","Bash","Clash","Heavy Blade","Anger","Spot Weakness","Spot Weakness","Clash","Headbutt","Seeing Red","Offering","Sword Boomerang","Rupture","Infernal Blade"],"max_hp_per_floor":[80,80,80,80,80,80,80,80,80,80,80,80,80,80,80,80,80,80,80,80,80,80,80],"relics":["Burning Blood","Omamori","Juzu Bracelet","Golden Idol","Sozu","Lantern","Happy Flower","Matryoshka"],"campfire_meditates":0,"card_choices":[{"not_picked":["Hemokinesis","Perfected Strike"],"picked":"Clash"},{"not_picked":["Sword Boomerang","Wild Strike"],"picked":"Heavy Blade"},{"not_picked":["Body Slam","Dual Wield"],"picked":"Anger"},{"not_picked":["Hemokinesis","Twin Strike"],"picked":"Spot Weakness"},{"not_picked":["Thunderclap","Barricade"],"picked":"Spot Weakness"},{"not_picked":["Iron Wave","Warcry"],"picked":"Clash"},{"not_picked":["Twin Strike","Heavy Blade"],"picked":"Headbutt"},{"not_picked":["True Grit","Hemokinesis"],"picked":"Seeing Red"},{"not_picked":["Fiend Fire","Double Tap"],"picked":"Offering"},{"not_picked":["Perfected Strike","Iron Wave"],"picked":"Sword Boomerang"},{"not_picked":["Pummel","Dropkick"],"picked":"Rupture"},{"not_picked":["Uppercut","Anger"],"picked":"Infernal Blade"}],"player_experience":74021,"potions_floor_usage":[11,16,16],"damage_taken":[{"damage":5,"enemies":"Small Slimes","floor":1,"turns":3},{"damage":0,"enemies":"2 Louse","floor":3,"turns":2},{"damage":6,"enemies":"Cultist","floor":4,"turns":3},{"damage":16,"enemies":"Exordium Wildlife","floor":5,"turns":4},{"damage":8,"enemies":"Red Slaver","floor":8,"turns":2},{"damage":6,"enemies":"3 Louse","floor":10,"turns":2},{"damage":13,"enemies":"Lagavulin","floor":11,"turns":3},{"damage":10,"enemies":"Looter","floor":12,"turns":2},{"damage":4,"enemies":"Slime Boss","floor":16,"turns":5},{"damage":17,"enemies":"3 Byrds","floor":18,"turns":4},{"damage":4,"enemies":"Chosen","floor":19,"turns":2},{"damage":12,"enemies":"Snecko","floor":21,"turns":3},{"damage":34,"enemies":"Centurion and Healer","floor":22,"turns":3},{"damage":25,"enemies":"Book of Stabbing","floor":23,"turns":3},{"damage":21,"enemies":"Snake Plant","floor":24,"turns":2}],"event_choices":[{"event_name":"Living Wall","player_choice":"Forget","floor":2,"damage_taken":0},{"event_name":"Golden Idol","player_choice":"Take Wound","floor":13,"damage_taken":0},{"event_name":"Upgrade Shrine","player_choice":"Upgraded","floor":14,"damage_taken":0}],"boss_relics":[{"not_picked":["Mark of Pain","Ectoplasm"],"picked":"Sozu"}],"potions_floor_spawned":[1,5,12,16,18,21],"seed_played":"-774675276416368365","killed_by":"Snake Plant","is_trial":false}