{"gold_per_floor":[114,114,189,6,6,6,16,16,87,100,113,78,95,125,125,228,228,238,238,253,266,280,280,280,315,351,363],"floor_reached":27,"playtime":943,"items_purged":["Strike_B"],"score":350,"play_id":"b4100863-99e6-4193-bc33-69489f566c24","local_time":"20190318210805","is_ascension_mode":true,"campfire_choices":[{"data":"Dualcast","floor":6,"key":"SMITH"},{"floor":15,"key":"REST"},{"floor":24,"key":"REST"}],"neow_cost":"NONE","seed_source_timestamp":439619724853800,"circlet_count":0,"master_deck":["AscendersBane","Strike_B","Strike_B","Defend_B","Defend_B","Defend_B","Defend_B","Zap","Dualcast+1","Barrage","Chill","Loop","Ball Lightning+1","Compile Driver+1","Static Discharge","BootSequence","Auto Shields","Meteor Strike+1","White Noise+1","Leap","Double Energy"],"relics":["Cracked Core","Molten Egg 2","Blue Candle","Sozu","Calipers","MawBank","Strawberry"],"potions_floor_usage":[22,22,22],"damage_taken":[{"damage":2,"enemies":"Jaw Worm","floor":1,"turns":3},{"damage":5,"enemies":"2 Louse","floor":7,"turns":2},{"damage":0,"enemies":"Small Slimes","floor":10,"turns":2},{"damage":6,"enemies":"Blue Slaver","floor":11,"turns":4},{"damage":8,"enemies":"Exordium Thugs","floor":13,"turns":4},{"damage":15,"enemies":"Lagavulin","floor":14,"turns":5},{"damage":26,"enemies":"The Guardian","floor":16,"turns":10},{"damage":15,"enemies":"2 Thieves","floor":18,"turns":4},{"damage":16,"enemies":"Chosen","floor":20,"turns":5},{"damage":28,"enemies":"Snake Plant","floor":21,"turns":4},{"damage":4,"enemies":"Centurion and Healer","floor":22,"turns":6},{"damage":36,"enemies":"Gremlin Leader","floor":25,"turns":6},{"damage":16,"enemies":"Cultist and Chosen","floor":27,"turns":4}],"seed_played":"-3471326995048959958","potions_obtained":[{"floor":7,"key":"Regen Potion"},{"floor":11,"key":"Dexterity Potion"},{"floor":13,"key":"Explosive Potion"}],"is_trial":false,"path_per_floor":["M","?","?","$","?","R","M","$","T","M","M","$","M","E","R","B",null,"M","?","M","M","M","T","R","E","T","M"],"character_chosen":"DEFECT","items_purchased":["Chill","Loop","Static Discharge"],"campfire_rested":2,"item_purchase_floors":[4,4,12],"current_hp_per_floor":[73,73,62,62,62,62,57,57,57,57,51,51,43,28,52,26,68,53,53,37,9,20,20,44,8,15,0],"gold":363,"neow_bonus":"TEN_PERCENT_HP_BONUS","is_prod":false,"is_daily":false,"chose_seed":false,"campfire_upgraded":1,"win_rate":0,"timestamp":1552957685,"path_taken":["M","?","?","$","?","R","M","?","T","M","?","?","M","E","R","BOSS","M","?","M","?","?","?","R","E","T","M"],"build_version":"2019-01-23","purchased_purges":1,"victory":false,"max_hp_per_floor":[82,82,82,82,82,82,82,82,82,82,82,82,82,82,82,82,82,82,82,82,82,82,82,82,82,89,89],"card_choices":[{"not_picked":["Beam Cell","Compile Driver","Stack"],"picked":"SKIP","floor":1},{"not_picked":["Redo","Steam","Turbo"],"picked":"SKIP","floor":7},{"not_picked":["Recycle","Go for the Eyes+1"],"picked":"Ball Lightning+1","floor":10},{"not_picked":["Heatsinks","Ball Lightning+1"],"picked":"Compile Driver+1","floor":11},{"not_picked":["Consume","Barrage+1"],"picked":"BootSequence","floor":13},{"not_picked":["Fusion","Chaos"],"picked":"Auto Shields","floor":14},{"not_picked":["Reboot","Machine Learning"],"picked":"Meteor Strike+1","floor":16},{"not_picked":["Consume","Genetic Algorithm"],"picked":"White Noise+1","floor":18},{"not_picked":["Sweeping Beam+1","Rebound+1","Steam"],"picked":"SKIP","floor":20},{"not_picked":["Turbo","Gash+1"],"picked":"Leap","floor":21},{"not_picked":["Gash+1","Hologram","Steam"],"picked":"SKIP","floor":22},{"not_picked":["Sweeping Beam+1","Hologram"],"picked":"Double Energy","floor":25}],"player_experience":2496345,"relics_obtained":[{"floor":9,"key":"Molten Egg 2"},{"floor":14,"key":"Blue Candle"},{"floor":23,"key":"Calipers"},{"floor":25,"key":"MawBank"},{"floor":26,"key":"Strawberry"}],"event_choices":[{"damage_healed":0,"gold_gain":0,"cards_transformed":["Strike_B"],"player_choice":"Change","damage_taken":0,"max_hp_gain":0,"max_hp_loss":0,"event_name":"Living Wall","floor":2,"gold_loss":0,"cards_obtained":["Barrage"]},{"damage_healed":0,"gold_gain":75,"player_choice":"Gather Gold","damage_taken":11,"max_hp_gain":0,"max_hp_loss":0,"event_name":"World of Goop","floor":3,"gold_loss":0},{"damage_healed":0,"gold_gain":0,"player_choice":"Leave","damage_taken":0,"max_hp_gain":0,"max_hp_loss":0,"event_name":"The Cleric","floor":5,"gold_loss":0},{"damage_healed":0,"gold_gain":0,"player_choice":"Got Potions","damage_taken":0,"max_hp_gain":0,"max_hp_loss":0,"event_name":"Lab","floor":19,"gold_loss":0}],"is_beta":false,"boss_relics":[{"not_picked":["Orrery","Runic Pyramid"],"picked":"Sozu"}],"items_purged_floors":[4],"is_endless":false,"potions_floor_spawned":[7,11,13,14,25],"killed_by":"Cultist and Chosen","ascension_level":10}