{"gold_per_floor":[117,39,50,50,66,66,66,84,152,182,182],"floor_reached":11,"playtime":363,"items_purged":[],"score":95,"play_id":"2fdaacd4-a890-4efc-a8b5-99c17b61d4dd","local_time":"20190121231511","is_ascension_mode":true,"campfire_choices":[{"data":"Zap","floor":6,"key":"SMITH"}],"neow_cost":"PERCENT_DAMAGE","seed_source_timestamp":15134764725200,"circlet_count":0,"master_deck":["Strike_B","Strike_B","Strike_B","Defend_B","Defend_B","Defend_B","Defend_B","Zap+1","Dualcast","Conserve Battery","Doom and Gloom","Chaos","Regret","Melter","Glacier","Capacitor"],"relics":["Cracked Core","Unceasing Top","Boot","Matryoshka","DataDisk"],"potions_floor_usage":[10,11,11],"damage_taken":[{"damage":8,"enemies":"2 Louse","floor":1,"turns":2},{"damage":1,"enemies":"Cultist","floor":3,"turns":4},{"damage":7,"enemies":"Jaw Worm","floor":5,"turns":3},{"damage":13,"enemies":"3 Louse","floor":8,"turns":3},{"damage":20,"enemies":"Lagavulin","floor":10,"turns":7},{"damage":3,"enemies":"Gremlin Gang","floor":11,"turns":1}],"seed_played":"-6268223859820996250","potions_obtained":[{"floor":5,"key":"Ancient Potion"},{"floor":8,"key":"SpeedPotion"},{"floor":10,"key":"FocusPotion"}],"is_trial":false,"path_per_floor":["M","$","M","?","M","R","?","M","T","E","M"],"character_chosen":"DEFECT","items_purchased":["Doom and Gloom"],"campfire_rested":0,"item_purchase_floors":[2],"current_hp_per_floor":[42,42,41,41,34,34,34,21,21,1,0],"gold":182,"neow_bonus":"ONE_RARE_RELIC","is_prod":false,"is_daily":false,"chose_seed":false,"campfire_upgraded":1,"win_rate":0,"timestamp":1548130511,"path_taken":["M","$","M","?","M","R","?","?","T","E","M"],"build_version":"2019-01-17v2","purchased_purges":0,"victory":false,"max_hp_per_floor":[75,75,75,75,75,75,75,75,75,75,75],"card_choices":[{"not_picked":["Rip and Tear","Stack"],"picked":"Conserve Battery","floor":1},{"not_picked":["Sweeping Beam","Genetic Algorithm"],"picked":"Chaos","floor":3},{"not_picked":["Barrage","Beam Cell"],"picked":"Melter","floor":5},{"not_picked":["Reprogram","Compile Driver"],"picked":"Glacier","floor":8},{"not_picked":["Conserve Battery","Melter"],"picked":"Capacitor","floor":10}],"player_experience":1835317,"relics_obtained":[{"floor":9,"key":"Matryoshka"},{"floor":10,"key":"DataDisk"}],"event_choices":[{"damage_healed":0,"gold_gain":0,"player_choice":"Box","damage_taken":0,"relics_obtained":["Boot"],"max_hp_gain":0,"max_hp_loss":0,"event_name":"Big Fish","floor":4,"gold_loss":0,"cards_obtained":["Regret"]},{"cards_removed":["Strike_B"],"damage_healed":0,"gold_gain":0,"player_choice":"Offered Basic","damage_taken":0,"max_hp_gain":0,"max_hp_loss":0,"event_name":"Bonfire Elementals","floor":7,"gold_loss":0}],"is_beta":false,"boss_relics":[],"items_purged_floors":[],"is_endless":false,"potions_floor_spawned":[5,8,10],"killed_by":"Gremlin Gang","ascension_level":6}