{"gold_per_floor":[117,134,134,309,60,60,89,100,100,100,125,144,157,89,89,188,188,198,198,129,148,73,73,73],"floor_reached":24,"playtime":6505,"items_purged":["Doubt"],"score":296,"play_id":"1ec80f8f-baae-418e-bc6a-16baccfc465b","local_time":"20190102211453","is_ascension_mode":true,"campfire_choices":[{"data":"Apotheosis","floor":6,"key":"SMITH"},{"floor":10,"key":"REST"},{"data":"Barricade","floor":15,"key":"SMITH"},{"data":"Uppercut","floor":23,"key":"SMITH"}],"neow_cost":"CURSE","seed_source_timestamp":248215890404900,"circlet_count":0,"master_deck":["Strike_R","Strike_R","Strike_R","Strike_R","Defend_R","Defend_R","Defend_R","Defend_R","Bash","Barricade+1","Uppercut+1","Evolve","Apotheosis+1","Body Slam","Thunderclap","Entrench","Flame Barrier","Demon Form+1","Dark Embrace+1","Feel No Pain+1","Metallicize+1","Pommel Strike"],"relics":["Burning Blood","Art of War","Frozen Egg 2","Paper Frog","Bottled Tornado","Eternal Feather"],"potions_floor_usage":[11,12,12,16,16,24],"damage_taken":[{"damage":4,"enemies":"Jaw Worm","floor":1,"turns":4},{"damage":7,"enemies":"2 Louse","floor":2,"turns":3},{"damage":38,"enemies":"Gremlin Nob","floor":7,"turns":5},{"damage":0,"enemies":"Cultist","floor":8,"turns":4},{"damage":1,"enemies":"Lagavulin","floor":11,"turns":8},{"damage":1,"enemies":"Gremlin Gang","floor":12,"turns":2},{"damage":11,"enemies":"Looter","floor":13,"turns":3},{"damage":22,"enemies":"Slime Boss","floor":16,"turns":11},{"damage":27,"enemies":"Chosen","floor":18,"turns":7},{"damage":13,"enemies":"Spheric Guardian","floor":21,"turns":10},{"damage":65,"enemies":"Gremlin Leader","floor":24,"turns":5}],"seed_played":"-3819651543684129382","potions_obtained":[{"floor":2,"key":"Weak Potion"},{"floor":7,"key":"Explosive Potion"},{"floor":11,"key":"PowerPotion"},{"floor":12,"key":"Regen Potion"},{"floor":13,"key":"Poison Potion"},{"floor":18,"key":"Poison Potion"}],"is_trial":false,"path_per_floor":["M","M","?","?","$","R","E","M","T","R","E","M","M","$","R","B",null,"M","?","$","M","?","R","E"],"character_chosen":"IRONCLAD","items_purchased":["Apotheosis","Demon Form+1","Metallicize+1"],"campfire_rested":1,"item_purchase_floors":[5,14,20],"current_hp_per_floor":[74,73,40,40,40,40,8,14,14,38,43,48,43,43,43,42,71,50,50,50,43,43,55,0],"gold":73,"neow_bonus":"THREE_RARE_CARDS","is_prod":false,"is_daily":false,"chose_seed":false,"campfire_upgraded":3,"win_rate":0,"timestamp":1546481693,"path_taken":["M","M","?","?","?","R","E","M","T","R","E","?","?","$","R","BOSS","M","?","$","M","?","R","E"],"build_version":"2018-12-20","purchased_purges":1,"victory":false,"max_hp_per_floor":[80,80,80,80,80,80,80,80,80,80,80,80,80,80,80,80,80,80,80,80,80,80,80,80],"card_choices":[{"not_picked":["Offering","Impervious"],"picked":"Barricade","floor":0},{"not_picked":["Wild Strike","Thunderclap"],"picked":"Uppercut","floor":1},{"not_picked":["Uppercut","Heavy Blade"],"picked":"Evolve","floor":2},{"not_picked":["Dual Wield","Blood for Blood","Twin Strike"],"picked":"SKIP","floor":7},{"not_picked":["Clothesline","Uppercut"],"picked":"Body Slam","floor":8},{"not_picked":["True Grit","Anger"],"picked":"Thunderclap","floor":11},{"not_picked":["Headbutt","Twin Strike"],"picked":"Entrench","floor":12},{"not_picked":["Blood for Blood","Whirlwind"],"picked":"Flame Barrier","floor":13},{"not_picked":["Immolate","Exhume"],"picked":"Dark Embrace+1","floor":16},{"not_picked":["Clothesline","Headbutt+1"],"picked":"Feel No Pain+1","floor":18},{"not_picked":["Cleave+1","Carnage"],"picked":"Pommel Strike","floor":21}],"player_experience":1649264,"relics_obtained":[{"floor":7,"key":"Frozen Egg 2"},{"floor":9,"key":"Paper Frog"},{"floor":11,"key":"Bottled Tornado"}],"event_choices":[{"damage_healed":0,"gold_gain":0,"player_choice":"Success","damage_taken":33,"relics_obtained":["Art of War"],"max_hp_gain":0,"max_hp_loss":0,"event_name":"Scrap Ooze","floor":3,"gold_loss":0},{"damage_healed":0,"gold_gain":175,"player_choice":"AGREE","damage_taken":0,"max_hp_gain":0,"max_hp_loss":0,"event_name":"Liars Game","floor":4,"gold_loss":0,"cards_obtained":["Doubt"]},{"cards_removed":["Doubt"],"damage_healed":0,"gold_gain":0,"player_choice":"Elegance","damage_taken":0,"max_hp_gain":0,"max_hp_loss":0,"event_name":"Back to Basics","floor":19,"gold_loss":0},{"cards_removed":["Strike_R"],"damage_healed":0,"gold_gain":0,"player_choice":"Gave Gold","damage_taken":0,"max_hp_gain":0,"max_hp_loss":0,"event_name":"Beggar","floor":22,"gold_loss":75}],"is_beta":false,"boss_relics":[{"not_picked":["Philosopher\u0027s Stone","Snecko Eye"],"picked":"Eternal Feather"}],"items_purged_floors":[5],"is_endless":false,"potions_floor_spawned":[2,7,11,12,13,18],"killed_by":"Gremlin Leader","ascension_level":9}