{"gold_per_floor":[20,70,86,104,124,124,138,169,221,140,140,140,290,315,315,315],"floor_reached":16,"playtime":590,"items_purged":[],"score":193,"play_id":"1a36601e-8c6d-4979-ba71-7ad8fdd7f50d","local_time":"20190427194217","is_ascension_mode":true,"campfire_choices":[{"data":"Zap","floor":6,"key":"SMITH"},{"floor":11,"key":"REST"},{"floor":15,"key":"REST"}],"neow_cost":"NO_GOLD","seed_source_timestamp":420208248891900,"circlet_count":0,"master_deck":["AscendersBane","Strike_B","Strike_B","Defend_B","Defend_B","Defend_B","Defend_B","Zap+1","Dualcast","Barrage","Lockon","BootSequence","Cold Snap","Tempest","Leap","Hologram","Capacitor","Doubt","Sweeping Beam"],"relics":["Cracked Core","Regal Pillow","PreservedInsect","Mercury Hourglass"],"potions_floor_usage":[5,7],"damage_taken":[{"damage":5,"enemies":"2 Louse","floor":1,"turns":2},{"damage":1,"enemies":"Cultist","floor":3,"turns":3},{"damage":0,"enemies":"Small Slimes","floor":4,"turns":3},{"damage":1,"enemies":"2 Fungi Beasts","floor":5,"turns":3},{"damage":17,"enemies":"Lots of Slimes","floor":7,"turns":3},{"damage":12,"enemies":"3 Sentries","floor":8,"turns":8},{"damage":29,"enemies":"Lagavulin","floor":14,"turns":7},{"damage":65,"enemies":"Hexaghost","floor":16,"turns":9}],"seed_played":"4681690061343128637","potions_obtained":[{"floor":1,"key":"PowerPotion"},{"floor":3,"key":"Block Potion"},{"floor":14,"key":"Fire Potion"}],"is_trial":false,"path_per_floor":["M","?","M","M","M","R","M","E","T","$","R","$","?","E","R","B"],"character_chosen":"DEFECT","items_purchased":["Capacitor"],"campfire_rested":2,"item_purchase_floors":[10],"current_hp_per_floor":[59,52,51,51,50,50,33,21,21,21,57,57,57,28,64,0],"gold":315,"neow_bonus":"TRANSFORM_TWO_CARDS","is_prod":false,"is_daily":false,"chose_seed":false,"campfire_upgraded":1,"win_rate":0,"timestamp":1556408537,"path_taken":["M","?","M","M","?","R","M","E","T","?","R","$","?","E","R","BOSS"],"build_version":"2019-01-23","purchased_purges":0,"victory":false,"max_hp_per_floor":[71,71,71,71,71,71,71,71,71,71,71,71,71,71,71,71],"card_choices":[{"not_picked":["Turbo","Streamline"],"picked":"BootSequence","floor":1},{"not_picked":["Barrage","Steam"],"picked":"Cold Snap","floor":3},{"not_picked":["Machine Learning","Turbo"],"picked":"Tempest","floor":4},{"not_picked":["Turbo","Go for the Eyes"],"picked":"Leap","floor":5},{"not_picked":["Streamline","Sunder","Aggregate"],"picked":"SKIP","floor":7},{"not_picked":["Go for the Eyes","Steam Power"],"picked":"Hologram","floor":8},{"not_picked":["Go for the Eyes","Genetic Algorithm"],"picked":"Sweeping Beam","floor":14}],"player_experience":2855102,"relics_obtained":[{"floor":8,"key":"Regal Pillow"},{"floor":9,"key":"PreservedInsect"},{"floor":14,"key":"Mercury Hourglass"}],"event_choices":[{"damage_healed":0,"gold_gain":50,"player_choice":"Touch","damage_taken":7,"max_hp_gain":0,"max_hp_loss":0,"event_name":"FaceTrader","floor":2,"gold_loss":0},{"damage_healed":0,"gold_gain":150,"player_choice":"AGREE","damage_taken":0,"max_hp_gain":0,"max_hp_loss":0,"event_name":"Liars Game","floor":13,"gold_loss":0,"cards_obtained":["Doubt"]}],"is_beta":false,"boss_relics":[],"items_purged_floors":[],"is_endless":false,"potions_floor_spawned":[1,3,4,14],"killed_by":"Hexaghost","ascension_level":15}