{"gold_per_floor":[18,93,111,286,236,236,263,263,263,290,354,354,381,393,393,464,464,484,120,131,131,131,131,163,163,190,190],"floor_reached":27,"playtime":918,"items_purged":["Strike_R"],"score":388,"play_id":"4bc07339-6b25-4650-beba-d27a077d3c41","local_time":"20190428111645","is_ascension_mode":true,"campfire_choices":[{"data":"Bloodletting","floor":6,"key":"SMITH"},{"data":"Bash","floor":8,"key":"SMITH"},{"floor":12,"key":"REST"},{"floor":15,"key":"REST"},{"floor":23,"key":"REST"},{"data":"Flame Barrier","floor":25,"key":"SMITH"}],"neow_cost":"NO_GOLD","seed_source_timestamp":593935797835227,"circlet_count":0,"master_deck":["AscendersBane","Strike_R","Strike_R","Strike_R","Strike_R","Defend_R","Defend_R","Defend_R","Defend_R","Bash+1","Bludgeon","Bloodletting+1","Thunderclap","Clothesline+1","Flame Barrier+1","Iron Wave+1","Iron Wave+1","Shrug It Off","Shrug It Off"],"relics":["Burning Blood","Darkstone Periapt","Strawberry","Molten Egg 2","Unceasing Top","Odd Mushroom","Sozu","Kunai","Matryoshka","Paper Frog","Frozen Egg 2","Boot"],"potions_floor_usage":[13,16,24],"damage_taken":[{"damage":2,"enemies":"Small Slimes","floor":1,"turns":4},{"damage":3,"enemies":"2 Louse","floor":3,"turns":4},{"damage":19,"enemies":"Gremlin Nob","floor":7,"turns":3},{"damage":28,"enemies":"Lagavulin","floor":10,"turns":6},{"damage":34,"enemies":"Gremlin Nob","floor":11,"turns":5},{"damage":14,"enemies":"The Mushroom Lair","floor":13,"turns":3},{"damage":7,"enemies":"Jaw Worm","floor":14,"turns":3},{"damage":29,"enemies":"The Guardian","floor":16,"turns":13},{"damage":25,"enemies":"Spheric Guardian","floor":18,"turns":4},{"damage":20,"enemies":"Shell Parasite","floor":20,"turns":9},{"damage":15,"enemies":"Book of Stabbing","floor":24,"turns":5},{"damage":41,"enemies":"Gremlin Leader","floor":27,"turns":5}],"seed_played":"2124165265035365345","potions_obtained":[{"floor":7,"key":"Fire Potion"},{"floor":14,"key":"Block Potion"},{"floor":16,"key":"Energy Potion"}],"is_trial":false,"path_per_floor":["M","?","M","?","?","R","E","R","T","E","?","R","?","M","R","B",null,"M","$","M","?","T","R","E","R","T","E"],"character_chosen":"IRONCLAD","items_purchased":["Shrug It Off","Kunai"],"campfire_rested":3,"item_purchase_floors":[19,19],"current_hp_per_floor":[76,65,68,68,68,68,55,55,62,40,12,38,30,29,55,32,73,54,54,40,23,23,50,41,41,41,0],"gold":190,"neow_bonus":"THREE_RARE_CARDS","is_prod":false,"is_daily":false,"chose_seed":false,"campfire_upgraded":3,"win_rate":0,"timestamp":1556443005,"path_taken":["M","?","M","?","?","R","E","R","T","E","?","R","?","M","R","BOSS","M","$","M","?","?","R","E","R","T","E"],"build_version":"2019-04-23","purchased_purges":1,"victory":false,"max_hp_per_floor":[80,80,80,80,80,80,80,80,87,87,87,87,87,87,87,87,87,87,87,87,92,92,92,92,92,92,92],"card_choices":[{"not_picked":["Impervious","Exhume"],"picked":"Bludgeon","floor":0},{"not_picked":["Anger","Fire Breathing","Heavy Blade"],"picked":"SKIP","floor":1},{"not_picked":["Thunderclap","Spot Weakness"],"picked":"Bloodletting","floor":3},{"not_picked":["Inflame","Juggernaut"],"picked":"Thunderclap","floor":7},{"not_picked":["Feel No Pain","Havoc"],"picked":"Clothesline","floor":10},{"not_picked":["Searing Blow+1","Battle Trance"],"picked":"Flame Barrier","floor":13},{"not_picked":["Pommel Strike+1","Shrug It Off"],"picked":"Iron Wave+1","floor":14},{"not_picked":["Infernal Blade","Spot Weakness"],"picked":"Iron Wave+1","floor":18},{"not_picked":["Twin Strike+1","Clothesline+1","Corruption"],"picked":"SKIP","floor":20},{"not_picked":["Flex","Carnage+1"],"picked":"Shrug It Off","floor":24}],"player_experience":1268117,"relics_obtained":[{"floor":7,"key":"Darkstone Periapt"},{"floor":9,"key":"Strawberry"},{"floor":10,"key":"Molten Egg 2"},{"floor":11,"key":"Unceasing Top"},{"floor":13,"key":"Odd Mushroom"},{"floor":22,"key":"Matryoshka"},{"floor":24,"key":"Paper Frog"},{"floor":26,"key":"Frozen Egg 2"},{"floor":26,"key":"Boot"}],"event_choices":[{"damage_healed":0,"gold_gain":75,"player_choice":"Gather Gold","damage_taken":11,"max_hp_gain":0,"max_hp_loss":0,"event_name":"World of Goop","floor":2,"gold_loss":0},{"damage_healed":0,"gold_gain":175,"player_choice":"AGREE","damage_taken":0,"max_hp_gain":0,"max_hp_loss":0,"event_name":"Liars Game","floor":4,"gold_loss":0,"cards_obtained":["Doubt"]},{"cards_removed":["Doubt"],"damage_healed":0,"gold_gain":0,"player_choice":"Card Removal","damage_taken":0,"max_hp_gain":0,"max_hp_loss":0,"event_name":"The Cleric","floor":5,"gold_loss":50},{"damage_healed":0,"gold_gain":30,"player_choice":"Searched \u00272\u0027 times","damage_taken":0,"max_hp_gain":0,"max_hp_loss":0,"event_name":"Dead Adventurer","floor":11,"gold_loss":0},{"damage_healed":0,"gold_gain":0,"player_choice":"Fought Mushrooms","damage_taken":0,"max_hp_gain":0,"max_hp_loss":0,"event_name":"Mushrooms","floor":13,"gold_loss":0},{"damage_healed":0,"gold_gain":0,"player_choice":"Shed Blood","damage_taken":22,"max_hp_gain":5,"max_hp_loss":0,"event_name":"Forgotten Altar","floor":21,"gold_loss":0}],"is_beta":true,"boss_relics":[{"not_picked":["Eternal Feather","Black Blood"],"picked":"Sozu"}],"items_purged_floors":[19],"is_endless":false,"potions_floor_spawned":[7,14,16,18],"killed_by":"Gremlin Leader","ascension_level":13}