{"gold_per_floor":[113,131,131,131,131,131,161,173,200,213,240,240,259,63,63,180,180,197,122,155,155,70,70,124,140,167,167,167,212,212,248,248,248],"floor_reached":33,"playtime":1413,"items_purged":["Pain"],"score":468,"play_id":"c23200d3-9092-4ae7-8640-575c607a0af4","local_time":"20190120154517","is_ascension_mode":true,"campfire_choices":[{"data":"Cleave","floor":6,"key":"SMITH"},{"data":"Bash","floor":12,"key":"SMITH"},{"floor":15,"key":"REST"},{"data":"HandOfGreed","floor":23,"key":"SMITH"},{"data":"Uppercut","floor":27,"key":"SMITH"},{"floor":30,"key":"REST"},{"floor":32,"key":"REST"}],"neow_cost":"NONE","seed_source_timestamp":62255311254800,"circlet_count":0,"master_deck":["AscendersBane","Strike_R","Strike_R","Strike_R","Strike_R","Strike_R","Defend_R","Defend_R","Defend_R","Defend_R","Bash+1","Flame Barrier","Cleave+1","Rupture","Warcry","Uppercut+1","HandOfGreed+1","Dark Embrace","Corruption+1","Intimidate+1","Inflame","Shrug It Off","True Grit"],"relics":["Burning Blood","Ancient Tea Set","WarpedTongs","Omamori","PreservedInsect","Gambling Chip","Mark of Pain","Enchiridion","Meat on the Bone","Smiling Mask","Art of War","Boot"],"potions_floor_usage":[7,16,16,33,33],"damage_taken":[{"damage":18,"enemies":"Cultist","floor":1,"turns":6},{"damage":5,"enemies":"Small Slimes","floor":2,"turns":3},{"damage":9,"enemies":"3 Sentries","floor":7,"turns":7},{"damage":6,"enemies":"2 Louse","floor":8,"turns":3},{"damage":12,"enemies":"Looter","floor":10,"turns":4},{"damage":26,"enemies":"Gremlin Nob","floor":11,"turns":4},{"damage":10,"enemies":"Gremlin Gang","floor":13,"turns":4},{"damage":10,"enemies":"Slime Boss","floor":16,"turns":10},{"damage":8,"enemies":"Chosen","floor":18,"turns":4},{"damage":10,"enemies":"3 Byrds","floor":20,"turns":6},{"damage":35,"enemies":"Slavers","floor":24,"turns":4},{"damage":1,"enemies":"Snecko","floor":25,"turns":3},{"damage":39,"enemies":"Centurion and Healer","floor":29,"turns":4},{"damage":8,"enemies":"Snake Plant","floor":31,"turns":3},{"damage":80,"enemies":"Champ","floor":33,"turns":7}],"seed_played":"-3017947832145303816","potions_obtained":[{"floor":2,"key":"SkillPotion"},{"floor":7,"key":"SteroidPotion"},{"floor":11,"key":"Strength Potion"},{"floor":20,"key":"Energy Potion"},{"floor":25,"key":"Explosive Potion"}],"is_trial":false,"path_per_floor":["M","M","?","?","?","R","E","M","T","M","E","R","M","$","R","B",null,"M","$","M","?","?","R","E","M","T","R","T","M","R","M","R","B"],"character_chosen":"IRONCLAD","items_purchased":["HandOfGreed"],"campfire_rested":3,"item_purchase_floors":[14],"current_hp_per_floor":[63,64,64,64,64,64,61,61,61,55,35,35,31,31,55,51,74,72,72,68,52,52,52,35,52,52,52,52,31,55,53,77,0],"gold":248,"neow_bonus":"TEN_PERCENT_HP_BONUS","is_prod":false,"is_daily":false,"chose_seed":false,"campfire_upgraded":4,"win_rate":0,"timestamp":1548017117,"path_taken":["M","?","?","?","?","R","E","M","T","M","E","R","M","$","R","BOSS","M","$","?","?","?","R","E","M","T","R","?","M","R","M","R","BOSS"],"build_version":"2019-01-17v2","purchased_purges":1,"victory":false,"max_hp_per_floor":[82,82,82,82,82,82,82,82,82,82,82,82,82,82,82,82,82,82,82,82,82,82,82,82,82,82,82,82,82,82,82,82,82],"card_choices":[{"not_picked":["Thunderclap","Carnage"],"picked":"Flame Barrier","floor":1},{"not_picked":["Fire Breathing","Whirlwind"],"picked":"Cleave","floor":2},{"not_picked":["Anger","Clash","Combust"],"picked":"SKIP","floor":7},{"not_picked":["Clash","Searing Blow"],"picked":"Rupture","floor":8},{"not_picked":["Disarm","Entrench"],"picked":"Warcry","floor":10},{"not_picked":["Heavy Blade","Rampage","Thunderclap"],"picked":"SKIP","floor":11},{"not_picked":["Perfected Strike","Flex"],"picked":"Uppercut","floor":13},{"not_picked":["Berserk","Immolate"],"picked":"Dark Embrace","floor":16},{"not_picked":["Havoc","Wild Strike"],"picked":"Corruption+1","floor":18},{"not_picked":["Heavy Blade","True Grit"],"picked":"Intimidate+1","floor":20},{"not_picked":["Warcry","Perfected Strike+1"],"picked":"Inflame","floor":24},{"not_picked":["Searing Blow","Rage"],"picked":"Shrug It Off","floor":25},{"not_picked":["Wild Strike+1","Body Slam"],"picked":"True Grit","floor":29},{"not_picked":["Pommel Strike","Corruption","Berserk"],"picked":"SKIP","floor":31}],"player_experience":1807729,"relics_obtained":[{"floor":7,"key":"Omamori"},{"floor":9,"key":"PreservedInsect"},{"floor":11,"key":"Gambling Chip"},{"floor":21,"key":"Enchiridion"},{"floor":24,"key":"Smiling Mask"},{"floor":26,"key":"Art of War"},{"floor":28,"key":"Boot"}],"event_choices":[{"damage_healed":0,"gold_gain":0,"player_choice":"Box","damage_taken":0,"relics_obtained":["Ancient Tea Set"],"max_hp_gain":0,"max_hp_loss":0,"event_name":"Big Fish","floor":3,"gold_loss":0,"cards_obtained":["Regret"]},{"cards_removed":["Regret"],"damage_healed":0,"gold_gain":0,"player_choice":"Forget","damage_taken":0,"max_hp_gain":0,"max_hp_loss":0,"event_name":"Living Wall","floor":4,"gold_loss":0},{"damage_healed":0,"gold_gain":0,"player_choice":"Rummage","damage_taken":0,"relics_obtained":["WarpedTongs"],"max_hp_gain":0,"max_hp_loss":0,"event_name":"Accursed Blacksmith","floor":5,"gold_loss":0,"cards_obtained":["Pain"]},{"damage_healed":0,"gold_gain":0,"player_choice":"Obtained Book","damage_taken":16,"max_hp_gain":0,"max_hp_loss":0,"event_name":"Cursed Tome","floor":21,"gold_loss":0},{"damage_healed":0,"gold_gain":0,"player_choice":"Obtained Relic","damage_taken":0,"relics_obtained":["Meat on the Bone"],"max_hp_gain":0,"max_hp_loss":0,"event_name":"Addict","floor":22,"gold_loss":85}],"is_beta":false,"boss_relics":[{"not_picked":["Coffee Dripper","Black Blood"],"picked":"Mark of Pain"}],"items_purged_floors":[19],"is_endless":false,"potions_floor_spawned":[2,7,11,20,25,31],"killed_by":"Champ","ascension_level":14}