{"gold_per_floor":[114,128,78,89,104,131,153,196,233,245,277,289,319,350,362,471,483,512,534,562,600,622,634,676,688,727,739,761,773,799,825,837,947,959,990,1002,1014],"floor_reached":37,"playtime":3038,"items_purged":[],"score":590,"play_id":"c8072279-188e-42f3-b0ba-91ff7d38a99b","local_time":"20190426173550","is_ascension_mode":true,"campfire_choices":[{"floor":10,"key":"REST"},{"floor":15,"key":"REST"},{"data":"Coolheaded","floor":23,"key":"SMITH"},{"floor":25,"key":"REST"},{"data":"Redo","floor":27,"key":"SMITH"},{"floor":29,"key":"REST"},{"floor":32,"key":"REST"}],"neow_cost":"NONE","seed_source_timestamp":441759124978522,"circlet_count":0,"master_deck":["Strike_B+1","Defend_B","Defend_B","Defend_B","Zap","Dualcast","Cold Snap","Hologram","Glacier","Streamline+1","Reinforced Body","Redo+1","Consume","Conserve Battery","FTL","White Noise","Electrodynamics","Reinforced Body+1","Genetic Algorithm+1","Thunder Strike+1","Compile Driver","Coolheaded+1","Loop+1","Capacitor","Go for the Eyes","Barrage+1","Fusion+1","Coolheaded+1","Echo Form"],"relics":["Cracked Core","Pen Nib","MawBank","Potion Belt","Whetstone","Astrolabe","Boot","Dream Catcher","Bag of Marbles","Sozu"],"potions_floor_usage":[8,8,16,16,16,24,24,24,28,31,33,33,33],"damage_taken":[{"damage":13,"enemies":"Jaw Worm","floor":1,"turns":4},{"damage":0,"enemies":"Small Slimes","floor":2,"turns":2},{"damage":1,"enemies":"Cultist","floor":4,"turns":4},{"damage":9,"enemies":"Large Slime","floor":5,"turns":8},{"damage":28,"enemies":"Gremlin Nob","floor":6,"turns":4},{"damage":0,"enemies":"Looter","floor":7,"turns":4},{"damage":4,"enemies":"3 Sentries","floor":8,"turns":9},{"damage":3,"enemies":"2 Fungi Beasts","floor":11,"turns":5},{"damage":12,"enemies":"Exordium Wildlife","floor":13,"turns":4},{"damage":10,"enemies":"Lots of Slimes","floor":14,"turns":6},{"damage":2,"enemies":"The Guardian","floor":16,"turns":16},{"damage":9,"enemies":"Shell Parasite","floor":18,"turns":10},{"damage":7,"enemies":"Chosen","floor":19,"turns":4},{"damage":4,"enemies":"Snecko","floor":20,"turns":9},{"damage":0,"enemies":"3 Cultists","floor":22,"turns":3},{"damage":31,"enemies":"Slavers","floor":24,"turns":9},{"damage":21,"enemies":"Sentry and Sphere","floor":28,"turns":6},{"damage":5,"enemies":"Centurion and Healer","floor":30,"turns":7},{"damage":27,"enemies":"Shelled Parasite and Fungi","floor":31,"turns":8},{"damage":12,"enemies":"Champ","floor":33,"turns":13},{"damage":21,"enemies":"3 Shapes","floor":35,"turns":4},{"damage":43,"enemies":"2 Orb Walkers","floor":37,"turns":5}],"seed_played":"1264396447621481253","potions_obtained":[{"floor":2,"key":"Block Potion"},{"floor":4,"key":"Swift Potion"},{"floor":5,"key":"Weak Potion"},{"floor":11,"key":"Strength Potion"},{"floor":12,"key":"FearPotion"},{"floor":12,"key":"Block Potion"},{"floor":12,"key":"Ancient Potion"},{"floor":13,"key":"Weak Potion"},{"floor":18,"key":"Dexterity Potion"},{"floor":20,"key":"Dexterity Potion"},{"floor":22,"key":"Fire Potion"},{"floor":24,"key":"Fire Potion"},{"floor":28,"key":"Weak Potion"},{"floor":31,"key":"AttackPotion"}],"is_trial":false,"path_per_floor":["M","M","?","M","M","E","M","E","T","R","M","?","M","M","R","B",null,"M","M","M","T","M","R","E","R","T","R","M","R","M","M","R","B",null,"M","?","?"],"character_chosen":"DEFECT","items_purchased":[],"campfire_rested":5,"item_purchase_floors":[],"current_hp_per_floor":[55,55,55,54,45,17,17,13,13,35,32,32,20,10,32,30,64,55,48,44,44,44,44,13,35,35,35,14,36,31,4,26,14,60,39,39,0],"gold":1014,"neow_bonus":"RANDOM_COMMON_RELIC","is_prod":false,"is_daily":false,"chose_seed":false,"campfire_upgraded":2,"win_rate":0,"timestamp":1556292950,"path_taken":["M","M","?","M","M","E","M","E","T","R","M","?","M","M","R","BOSS","M","M","M","?","M","R","E","R","T","R","M","R","M","M","R","BOSS","M","?","?"],"build_version":"2019-04-23","purchased_purges":0,"victory":false,"max_hp_per_floor":[75,75,75,75,75,75,75,75,75,75,75,75,75,75,75,75,75,75,75,75,75,75,75,75,75,75,75,75,75,75,75,75,75,75,75,75,75],"card_choices":[{"not_picked":["Leap","BootSequence"],"picked":"Cold Snap","floor":1},{"not_picked":["Steam","Sunder"],"picked":"Hologram","floor":2},{"not_picked":["Force Field","Lockon"],"picked":"Glacier","floor":4},{"not_picked":["Skim","Scrape"],"picked":"Streamline","floor":5},{"not_picked":["Machine Learning","Steam"],"picked":"Reinforced Body","floor":6},{"not_picked":["Glacier","Leap"],"picked":"Redo","floor":7},{"not_picked":["Streamline","Hello World"],"picked":"Consume","floor":8},{"not_picked":["Redo","BootSequence"],"picked":"Conserve Battery","floor":11},{"not_picked":["Tempest","All For One"],"picked":"FTL","floor":13},{"not_picked":["Streamline","BootSequence"],"picked":"White Noise","floor":14},{"not_picked":["Buffer","Meteor Strike"],"picked":"Electrodynamics","floor":16},{"not_picked":["Aggregate","Turbo+1","Melter"],"picked":"SKIP","floor":18},{"not_picked":["Steam","Static Discharge"],"picked":"Compile Driver","floor":19},{"not_picked":["BootSequence+1","Beam Cell"],"picked":"Coolheaded","floor":20},{"not_picked":["Multi-Cast","Cold Snap+1","Reprogram"],"picked":"SKIP","floor":22},{"not_picked":["Multi-Cast","Cold Snap+1","Reprogram"],"picked":"SKIP","floor":22},{"not_picked":["Genetic Algorithm","Turbo"],"picked":"Loop+1","floor":24},{"not_picked":["Reprogram","Coolheaded"],"picked":"Capacitor","floor":25},{"not_picked":["Static Discharge","Redo"],"picked":"Go for the Eyes","floor":28},{"not_picked":["Ball Lightning","Rebound"],"picked":"Barrage+1","floor":30},{"not_picked":["Chill+1","Doom and Gloom"],"picked":"Fusion+1","floor":31},{"not_picked":["Rebound","Loop"],"picked":"Coolheaded+1","floor":32},{"not_picked":["Biased Cognition","Meteor Strike"],"picked":"Echo Form","floor":33},{"not_picked":["Turbo","Streamline+1","Hello World+1"],"picked":"SKIP","floor":35}],"player_experience":1244778,"relics_obtained":[{"floor":6,"key":"MawBank"},{"floor":8,"key":"Potion Belt"},{"floor":9,"key":"Whetstone"},{"floor":21,"key":"Boot"},{"floor":24,"key":"Dream Catcher"},{"floor":26,"key":"Bag of Marbles"}],"event_choices":[{"cards_removed":["Strike_B"],"damage_healed":0,"gold_gain":0,"player_choice":"Card Removal","damage_taken":0,"max_hp_gain":0,"max_hp_loss":0,"event_name":"The Cleric","floor":3,"gold_loss":50},{"damage_healed":0,"gold_gain":0,"player_choice":"Got Potions","damage_taken":0,"max_hp_gain":0,"max_hp_loss":0,"event_name":"Lab","floor":12,"gold_loss":0},{"damage_healed":0,"gold_gain":0,"player_choice":"Memory 1","damage_taken":0,"max_hp_gain":0,"max_hp_loss":0,"event_name":"SensoryStone","floor":36,"gold_loss":0},{"damage_healed":0,"gold_gain":0,"player_choice":"Fight","damage_taken":0,"max_hp_gain":0,"max_hp_loss":0,"event_name":"Mysterious Sphere","floor":37,"gold_loss":0}],"is_beta":true,"boss_relics":[{"not_picked":["Busted Crown","White Beast Statue"],"picked":"Astrolabe"},{"not_picked":["Velvet Choker","Tiny House"],"picked":"Sozu"}],"items_purged_floors":[],"is_endless":false,"potions_floor_spawned":[2,4,5,11,13,14,18,20,22,24,28,31,35],"killed_by":"2 Orb Walkers","ascension_level":9}