{"gold_per_floor":[116,116,116,66,66,94,94,124,151,183,193,206,225,225,225,324,324,343,343,343,52,66,66,84,100,100,117,117,150,150,24,24,119,119,132,142,154,154,154,154],"floor_reached":40,"playtime":2163,"items_purged":["Strike_G"],"score":758,"play_id":"084c2500-dfa0-4aa0-a0f6-cefa225a578d","local_time":"20190428152539","is_ascension_mode":true,"campfire_choices":[{"data":"Poisoned Stab","floor":7,"key":"SMITH"},{"floor":15,"key":"REST"},{"floor":23,"key":"REST"},{"floor":30,"key":"REST"},{"data":"Footwork","floor":32,"key":"SMITH"}],"neow_cost":"NONE","seed_source_timestamp":607625045090110,"circlet_count":0,"master_deck":["AscendersBane","Defend_G","Defend_G","Defend_G","Defend_G","Defend_G","Strike_G+1","Strike_G","Survivor","Neutralize+1","Poisoned Stab","Poisoned Stab+1","Crippling Poison+1","Prepared+1","Acrobatics+1","Blade Dance+1","Flying Knee","Corpse Explosion+1","PiercingWail+1","Well Laid Plans","Noxious Fumes","PiercingWail+1","Acrobatics+1","Noxious Fumes","Footwork+1","PiercingWail+1","After Image","Footwork+1"],"relics":["Ring of the Snake","NeowsBlessing","Ornamental Fan","Snake Skull","Vajra","Pen Nib","Toxic Egg 2","Cursed Key","Shuriken","Singing Bowl","Black Star"],"potions_floor_usage":[33,37,37],"damage_taken":[{"damage":0,"enemies":"Cultist","floor":1,"turns":1},{"damage":0,"enemies":"Lagavulin","floor":6,"turns":1},{"damage":0,"enemies":"Gremlin Nob","floor":8,"turns":1},{"damage":7,"enemies":"Lagavulin","floor":10,"turns":6},{"damage":0,"enemies":"Small Slimes","floor":11,"turns":3},{"damage":4,"enemies":"2 Louse","floor":12,"turns":2},{"damage":3,"enemies":"Red Slaver","floor":13,"turns":3},{"damage":18,"enemies":"Slime Boss","floor":16,"turns":11},{"damage":10,"enemies":"Shell Parasite","floor":18,"turns":4},{"damage":2,"enemies":"Chosen","floor":22,"turns":3},{"damage":2,"enemies":"Sentry and Sphere","floor":24,"turns":3},{"damage":10,"enemies":"Snake Plant","floor":25,"turns":3},{"damage":9,"enemies":"Shelled Parasite and Fungi","floor":27,"turns":4},{"damage":16,"enemies":"Slavers","floor":29,"turns":3},{"damage":20,"enemies":"Champ","floor":33,"turns":10},{"damage":10,"enemies":"3 Darklings","floor":35,"turns":2},{"damage":9,"enemies":"Orb Walker","floor":36,"turns":5},{"damage":13,"enemies":"Writhing Mass","floor":37,"turns":6},{"damage":70,"enemies":"Giant Head","floor":40,"turns":9}],"seed_played":"-7443557574459502731","potions_obtained":[{"floor":1,"key":"LiquidBronze"},{"floor":8,"key":"Strength Potion"},{"floor":33,"key":"GhostInAJar"}],"is_trial":false,"path_per_floor":["M","?","?","?","T","E","R","E","T","E","M","M","M","?","R","B",null,"M","?","?","$","M","R","M","M","T","M","?","E","R","$","R","B",null,"M","M","M","?","?","E"],"character_chosen":"THE_SILENT","items_purchased":["Shuriken","Well Laid Plans","PiercingWail+1"],"campfire_rested":3,"item_purchase_floors":[21,21,31],"current_hp_per_floor":[63,68,68,68,68,68,68,68,68,61,61,57,54,39,61,43,67,57,43,43,43,41,65,63,53,53,44,44,28,52,52,52,32,68,60,53,40,40,40,0],"gold":154,"neow_bonus":"THREE_ENEMY_KILL","is_prod":false,"is_daily":false,"chose_seed":false,"campfire_upgraded":2,"win_rate":0,"timestamp":1556457939,"path_taken":["M","?","?","?","?","E","R","E","T","E","M","M","?","?","R","BOSS","M","?","?","$","M","R","M","?","T","M","?","E","R","?","R","BOSS","M","M","M","?","?","E"],"build_version":"2019-04-23","purchased_purges":1,"victory":false,"max_hp_per_floor":[70,75,75,75,75,75,75,75,75,75,75,75,75,75,75,75,75,75,80,80,80,80,80,80,80,80,80,80,80,80,80,80,80,80,82,84,84,84,84,84],"card_choices":[{"not_picked":["Flying Knee","Prepared"],"picked":"Poisoned Stab","floor":1},{"not_picked":["Dagger Spray","Corpse Explosion"],"picked":"Poisoned Stab","floor":6},{"not_picked":["Setup","Skewer"],"picked":"Crippling Poison","floor":8},{"not_picked":["Wraith Form v2","Reflex"],"picked":"Prepared","floor":10},{"not_picked":["Dagger Throw","Dodge and Roll+1"],"picked":"Acrobatics+1","floor":11},{"not_picked":["Reflex+1","Quick Slash"],"picked":"Blade Dance+1","floor":12},{"not_picked":["Dagger Throw","Slice"],"picked":"Flying Knee","floor":13},{"not_picked":["Storm of Steel+1","A Thousand Cuts"],"picked":"Corpse Explosion+1","floor":16},{"not_picked":["Blade Dance+1","Bane+1"],"picked":"PiercingWail+1","floor":18},{"not_picked":["Sucker Punch","PiercingWail+1"],"picked":"Noxious Fumes","floor":22},{"not_picked":["Deadly Poison+1","Dagger Spray"],"picked":"PiercingWail+1","floor":24},{"not_picked":["Calculated Gamble+1","Sucker Punch"],"picked":"Blade Dance+1","floor":25},{"not_picked":["Underhanded Strike","Deflect+1"],"picked":"Acrobatics+1","floor":27},{"not_picked":["Tools of the Trade","Deadly Poison+1"],"picked":"Footwork","floor":29},{"not_picked":["Envenom","Unload"],"picked":"After Image","floor":33},{"not_picked":["Deflect+1","Dagger Throw","Slice"],"picked":"Singing Bowl","floor":35},{"not_picked":["Infinite Blades","Slice","Escape Plan+1"],"picked":"Singing Bowl","floor":36},{"not_picked":["Bane","Infinite Blades"],"picked":"Footwork+1","floor":37}],"player_experience":1281513,"relics_obtained":[{"floor":5,"key":"Ornamental Fan"},{"floor":6,"key":"Snake Skull"},{"floor":8,"key":"Vajra"},{"floor":9,"key":"Pen Nib"},{"floor":10,"key":"Toxic Egg 2"},{"floor":29,"key":"Singing Bowl"}],"event_choices":[{"damage_healed":0,"gold_gain":0,"player_choice":"Donut","damage_taken":0,"max_hp_gain":5,"max_hp_loss":0,"event_name":"Big Fish","floor":2,"gold_loss":0},{"damage_healed":0,"gold_gain":0,"player_choice":"Grow","damage_taken":0,"max_hp_gain":0,"max_hp_loss":0,"event_name":"Living Wall","floor":3,"gold_loss":0,"cards_upgraded":["Neutralize"]},{"cards_removed":["Strike_G"],"damage_healed":0,"gold_gain":0,"player_choice":"Card Removal","damage_taken":0,"max_hp_gain":0,"max_hp_loss":0,"event_name":"The Cleric","floor":4,"gold_loss":50},{"damage_healed":0,"gold_gain":0,"player_choice":"Entered Light","damage_taken":15,"max_hp_gain":0,"max_hp_loss":0,"event_name":"Shining Light","floor":14,"gold_loss":0,"cards_upgraded":["Strike_G","Crippling Poison"]},{"damage_healed":0,"gold_gain":0,"player_choice":"Shed Blood","damage_taken":19,"max_hp_gain":5,"max_hp_loss":0,"event_name":"Forgotten Altar","floor":19,"gold_loss":0},{"cards_removed":["Strike_G"],"damage_healed":0,"gold_gain":0,"player_choice":"Offered Basic","damage_taken":0,"max_hp_gain":0,"max_hp_loss":0,"event_name":"Bonfire Elementals","floor":20,"gold_loss":0},{"damage_healed":0,"gold_gain":0,"player_choice":"Copied","damage_taken":0,"max_hp_gain":0,"max_hp_loss":0,"event_name":"Duplicator","floor":28,"gold_loss":0,"cards_obtained":["Noxious Fumes"]},{"damage_healed":0,"gold_gain":0,"player_choice":"Ignored","damage_taken":0,"max_hp_gain":0,"max_hp_loss":0,"event_name":"Mysterious Sphere","floor":38,"gold_loss":0},{"cards_removed":["Blade Dance"],"damage_healed":0,"gold_gain":0,"player_choice":"Removed Skill","damage_taken":0,"max_hp_gain":0,"max_hp_loss":0,"event_name":"Falling","floor":39,"gold_loss":0}],"is_beta":true,"boss_relics":[{"not_picked":["Runic Pyramid","White Beast Statue"],"picked":"Cursed Key"},{"not_picked":["Sozu","Orrery"],"picked":"Black Star"}],"items_purged_floors":[31],"is_endless":false,"potions_floor_spawned":[1,8,11,12,16,22,27,33,35],"killed_by":"Giant Head","ascension_level":12}