{"gold_per_floor":[113,58,74,74,74,101,122,122],"floor_reached":8,"playtime":222,"items_purged":[],"score":146,"play_id":"6efe0697-3971-4ba5-8fa8-720c12c06985","local_time":"20190504123826","is_ascension_mode":true,"campfire_choices":[],"neow_cost":"NONE","seed_source_timestamp":1117933579374930,"circlet_count":0,"master_deck":["AscendersBane","Defend_G","Defend_G","Defend_G","Defend_G","Defend_G","Strike_G","Strike_G","Strike_G","Strike_G","Strike_G","Survivor","Neutralize+1","Cloak And Dagger","Cloak And Dagger","Sucker Punch","Blade Dance","Flying Knee"],"relics":["Ring of the Snake","NeowsBlessing","Prayer Wheel","Potion Belt","Odd Mushroom"],"potions_floor_usage":[],"damage_taken":[{"damage":0,"enemies":"Cultist","floor":1,"turns":1},{"damage":0,"enemies":"Small Slimes","floor":3,"turns":1},{"damage":0,"enemies":"Gremlin Nob","floor":6,"turns":1},{"damage":21,"enemies":"The Mushroom Lair","floor":7,"turns":6},{"damage":33,"enemies":"3 Sentries","floor":8,"turns":6}],"seed_played":"-844894908659704569","potions_obtained":[{"floor":7,"key":"Weak Potion"}],"is_trial":false,"path_per_floor":["M","$","M","?","?","E","?","E"],"character_chosen":"THE_SILENT","items_purchased":["Cloak And Dagger"],"campfire_rested":0,"item_purchase_floors":[2],"current_hp_per_floor":[59,59,59,54,54,54,33,0],"gold":122,"neow_bonus":"THREE_ENEMY_KILL","is_prod":false,"is_daily":false,"chose_seed":false,"campfire_upgraded":0,"win_rate":0,"timestamp":1556966306,"path_taken":["M","$","?","?","?","E","?","E"],"build_version":"2019-04-23","purchased_purges":0,"victory":false,"max_hp_per_floor":[66,66,66,66,66,66,66,66],"card_choices":[{"not_picked":["Infinite Blades","Expertise"],"picked":"Cloak And Dagger","floor":1},{"not_picked":["Backflip","Prepared"],"picked":"Sucker Punch","floor":3},{"not_picked":["Underhanded Strike","Deadly Poison"],"picked":"Blade Dance","floor":6},{"not_picked":["Sucker Punch","Underhanded Strike"],"picked":"Flying Knee","floor":7}],"player_experience":1486564,"relics_obtained":[{"floor":6,"key":"Potion Belt"},{"floor":7,"key":"Odd Mushroom"}],"event_choices":[{"damage_healed":0,"gold_gain":0,"player_choice":"Success","damage_taken":5,"relics_obtained":["Prayer Wheel"],"max_hp_gain":0,"max_hp_loss":0,"event_name":"Scrap Ooze","floor":4,"gold_loss":0},{"damage_healed":0,"gold_gain":0,"player_choice":"Grow","damage_taken":0,"max_hp_gain":0,"max_hp_loss":0,"event_name":"Living Wall","floor":5,"gold_loss":0,"cards_upgraded":["Neutralize"]},{"damage_healed":0,"gold_gain":0,"player_choice":"Fought Mushrooms","damage_taken":0,"max_hp_gain":0,"max_hp_loss":0,"event_name":"Mushrooms","floor":7,"gold_loss":0}],"is_beta":true,"boss_relics":[],"items_purged_floors":[],"is_endless":false,"potions_floor_spawned":[7],"killed_by":"3 Sentries","ascension_level":17}