{"gold_per_floor":[364,43,56,56,56,56,85,102,102,127,127,145,145,164,164,164],"floor_reached":16,"playtime":591,"items_purged":[],"score":138,"play_id":"58ba9a8b-0c66-4a17-8b12-1e0fbb4b1750","local_time":"20180929193757","is_ascension_mode":true,"campfire_choices":[{"floor":6,"key":"REST"},{"floor":11,"key":"REST"},{"data":"Searing Blow","floor":13,"key":"SMITH"},{"data":"Searing Blow+1","floor":15,"key":"SMITH"}],"neow_cost":"CURSE","seed_source_timestamp":209535423203720,"circlet_count":0,"master_deck":["Strike_R","Strike_R","Strike_R","Strike_R","Defend_R","Defend_R","Defend_R","Defend_R","Bash","Decay","Heavy Blade","Panache","Twin Strike","Shrug It Off","Searing Blow+2","Twin Strike","Headbutt"],"relics":["Burning Blood","Bronze Scales","Sundial","Blood Vial","The Courier","Juzu Bracelet"],"potions_floor_usage":[7,7,16,16],"damage_taken":[{"damage":13,"enemies":"Jaw Worm","floor":1,"turns":5},{"damage":6,"enemies":"2 Louse","floor":3,"turns":3},{"damage":24,"enemies":"3 Sentries","floor":7,"turns":7},{"damage":10,"enemies":"Small Slimes","floor":8,"turns":3},{"damage":22,"enemies":"Gremlin Nob","floor":10,"turns":4},{"damage":13,"enemies":"Looter","floor":12,"turns":2},{"damage":9,"enemies":"2 Fungi Beasts","floor":14,"turns":2},{"damage":76,"enemies":"Hexaghost","floor":16,"turns":9}],"seed_played":"-5318508572871449619","potions_obtained":[{"floor":1,"key":"AttackPotion"},{"floor":3,"key":"BloodPotion"},{"floor":10,"key":"EssenceOfSteel"},{"floor":12,"key":"SpeedPotion"},{"floor":14,"key":"BloodPotion"}],"is_trial":false,"path_per_floor":["M","$","M","?","?","R","E","M","T","E","R","M","R","M","R"],"character_chosen":"IRONCLAD","items_purchased":["Panache","Bronze Scales"],"campfire_rested":2,"item_purchase_floors":[2,2],"current_hp_per_floor":[73,73,73,55,48,72,62,60,60,46,70,65,65,64,64,0],"gold":164,"neow_bonus":"TWO_FIFTY_GOLD","is_prod":false,"is_daily":false,"chose_seed":false,"campfire_upgraded":2,"win_rate":0,"timestamp":1538264277,"path_taken":["M","$","M","?","?","R","E","M","T","E","R","M","R","M","R","BOSS"],"build_version":"2018-09-27","purchased_purges":0,"victory":false,"max_hp_per_floor":[80,80,80,80,80,80,80,80,80,80,80,80,80,80,80,80],"card_choices":[{"not_picked":["Headbutt","Reckless Charge"],"picked":"Heavy Blade","floor":1},{"not_picked":["Wild Strike","Impervious"],"picked":"Twin Strike","floor":3},{"not_picked":["Rupture","Burning Pact"],"picked":"Shrug It Off","floor":7},{"not_picked":["Carnage","Perfected Strike"],"picked":"Searing Blow","floor":8},{"not_picked":["Anger","Hemokinesis"],"picked":"Twin Strike","floor":10},{"not_picked":["Clothesline","Perfected Strike","Carnage"],"picked":"SKIP","floor":12},{"not_picked":["Reckless Charge","Pommel Strike"],"picked":"Headbutt","floor":14}],"player_experience":1082323,"relics_obtained":[{"floor":7,"key":"Blood Vial"},{"floor":9,"key":"The Courier"},{"floor":10,"key":"Juzu Bracelet"}],"event_choices":[{"event_name":"Scrap Ooze","player_choice":"success","floor":4,"damage_taken":18},{"event_name":"Golden Wing","player_choice":"Card Removal","floor":5,"damage_taken":0}],"is_beta":false,"boss_relics":[],"items_purged_floors":[],"is_endless":false,"potions_floor_spawned":[1,3,10,12,14],"killed_by":"Hexaghost","ascension_level":5}