{"gold_per_floor":[369,384,140,140,140,140,173,173,196,196,215,225,240,240,240,315,315,332,342,392,411,260,260,260],"floor_reached":24,"playtime":2485,"items_purged":["Defend_B"],"score":353,"play_id":"876bb43b-c4a7-4f87-8972-b3131981c647","local_time":"20190513211956","is_ascension_mode":true,"campfire_choices":[{"data":"Capacitor","floor":6,"key":"SMITH"},{"data":"Loop","floor":8,"key":"SMITH"},{"data":"Chill","floor":10,"key":"SMITH"},{"floor":15,"key":"REST"},{"floor":23,"key":"REST"}],"neow_cost":"TEN_PERCENT_HP_LOSS","seed_source_timestamp":980848735230600,"circlet_count":0,"master_deck":["AscendersBane","Strike_B","Defend_B","Defend_B","Defend_B","Zap","Dualcast","Chill+1","Static Discharge+1","Capacitor+1","Loop+1","Conserve Battery","Coolheaded","Multi-Cast","Amplify","Reprogram","Ball Lightning+1","Heatsinks"],"relics":["Cracked Core","PreservedInsect","Matryoshka","Happy Flower","Bag of Preparation","Empty Cage"],"potions_floor_usage":[24],"damage_taken":[{"damage":0,"enemies":"Small Slimes","floor":1,"turns":3},{"damage":0,"enemies":"Cultist","floor":2,"turns":4},{"damage":14,"enemies":"3 Sentries","floor":7,"turns":7},{"damage":3,"enemies":"2 Louse","floor":11,"turns":3},{"damage":0,"enemies":"Lots of Slimes","floor":12,"turns":7},{"damage":17,"enemies":"Gremlin Gang","floor":13,"turns":6},{"damage":19,"enemies":"Hexaghost","floor":16,"turns":10},{"damage":5,"enemies":"Chosen","floor":18,"turns":10},{"damage":21,"enemies":"Spheric Guardian","floor":19,"turns":3},{"damage":20,"enemies":"Snecko","floor":21,"turns":10},{"damage":29,"enemies":"Book of Stabbing","floor":24,"turns":3}],"seed_played":"-638432694030937922","potions_obtained":[{"floor":1,"key":"SteroidPotion"},{"floor":11,"key":"FearPotion"},{"floor":12,"key":"LiquidBronze"}],"is_trial":false,"path_per_floor":["M","M","$","?","?","R","E","R","T","R","M","M","M","$","R","B",null,"M","M","?","M","$","R","E"],"character_chosen":"DEFECT","items_purchased":["PreservedInsect","Capacitor","Heatsinks"],"campfire_rested":2,"item_purchase_floors":[3,3,22],"current_hp_per_floor":[64,64,64,57,57,57,43,43,43,43,40,40,23,23,42,23,54,49,28,28,8,8,27,0],"gold":260,"neow_bonus":"TWO_FIFTY_GOLD","is_prod":false,"is_daily":false,"chose_seed":false,"campfire_upgraded":3,"win_rate":0,"timestamp":1557796796,"path_taken":["M","M","$","?","?","R","E","R","T","R","M","M","?","$","R","BOSS","M","M","?","M","$","R","E"],"build_version":"2019-01-23","purchased_purges":1,"victory":false,"max_hp_per_floor":[64,64,64,64,64,64,64,64,64,64,64,64,64,64,64,64,64,64,64,64,64,64,64,64],"card_choices":[{"not_picked":["Chaos","Turbo"],"picked":"Chill","floor":1},{"not_picked":["Heatsinks","Lockon"],"picked":"Static Discharge","floor":2},{"not_picked":["Conserve Battery","Double Energy"],"picked":"Loop","floor":7},{"not_picked":["Skim","Turbo"],"picked":"Conserve Battery","floor":11},{"not_picked":["Leap","Turbo"],"picked":"Coolheaded","floor":12},{"not_picked":["Barrage","Rip and Tear"],"picked":"Multi-Cast","floor":13},{"not_picked":["Core Surge","Hyperbeam"],"picked":"Amplify","floor":16},{"not_picked":["Turbo","Aggregate"],"picked":"Reprogram","floor":18},{"not_picked":["Go for the Eyes","Leap","Compile Driver"],"picked":"SKIP","floor":19},{"not_picked":["Sweeping Beam","Barrage"],"picked":"Ball Lightning+1","floor":21}],"player_experience":2910795,"relics_obtained":[{"floor":7,"key":"Matryoshka"},{"floor":9,"key":"Happy Flower"},{"floor":9,"key":"Bag of Preparation"}],"event_choices":[{"cards_removed":["Strike_B"],"damage_healed":0,"gold_gain":0,"player_choice":"Card Removal","damage_taken":7,"max_hp_gain":0,"max_hp_loss":0,"event_name":"Golden Wing","floor":4,"gold_loss":0},{"damage_healed":0,"gold_gain":0,"player_choice":"Upgraded","damage_taken":0,"max_hp_gain":0,"max_hp_loss":0,"event_name":"Upgrade Shrine","floor":5,"gold_loss":0,"cards_upgraded":["Static Discharge"]},{"damage_healed":0,"gold_gain":50,"player_choice":"Pray","damage_taken":0,"max_hp_gain":0,"max_hp_loss":0,"event_name":"Golden Shrine","floor":20,"gold_loss":0}],"is_beta":false,"boss_relics":[{"not_picked":["Calling Bell","Lizard Tail"],"picked":"Empty Cage"}],"items_purged_floors":[22],"is_endless":false,"potions_floor_spawned":[1,11,12,16,18],"killed_by":"Book of Stabbing","ascension_level":16}