{"gold_per_floor":[117,117,23,42,61,95,95,95,95,95,95,95,95,47,47,143,143,154,154,154,40,40,40,58,87,110,110,126,126,126,146,146,249,249,267,267,99,109,127,127,147,166,192,223,235,261,273,314,326,338],"floor_reached":50,"playtime":4363,"items_purged":["Strike_R+1"],"score":488,"play_id":"9cb1f96c-c885-4f38-82ed-59e97bc0c166","local_time":"20181020231248","is_ascension_mode":false,"campfire_choices":[{"data":"Battle Trance","floor":7,"key":"SMITH"},{"floor":10,"key":"REST"},{"data":"Cleave","floor":13,"key":"SMITH"},{"floor":15,"key":"REST"},{"data":"Rupture","floor":23,"key":"SMITH"},{"floor":27,"key":"REST"},{"floor":29,"key":"REST"},{"floor":32,"key":"REST"},{"data":"Clothesline","floor":40,"key":"SMITH"},{"floor":45,"key":"REST"},{"data":"Juggernaut","floor":47,"key":"SMITH"},{"floor":49,"key":"REST"}],"neow_cost":"NONE","seed_source_timestamp":227986086484331,"circlet_count":0,"master_deck":["Strike_R+1","Strike_R+1","Defend_R+1","Defend_R+1","Defend_R+1","Defend_R+1","Bash+1","Battle Trance+1","Combust","Shrug It Off","Cleave+1","Clothesline+1","Juggernaut+1","Dual Wield+1","Rupture+1","Ghostly Armor","Impervious","Barricade+1","Rage+1","Madness","Shrug It Off+1","Metallicize+1","Pommel Strike+1","Body Slam"],"relics":["Burning Blood","Omamori","Dodecahedron","PreservedInsect","Sozu","Pen Nib","Frozen Egg 2","Red Skull","Runic Cube","Self Forming Clay","MawBank","Girya"],"potions_floor_usage":[19],"damage_taken":[{"damage":0,"enemies":"2 Louse","floor":1,"turns":3},{"damage":5,"enemies":"Small Slimes","floor":4,"turns":3},{"damage":0,"enemies":"Cultist","floor":5,"turns":3},{"damage":43,"enemies":"Lagavulin","floor":6,"turns":6},{"damage":32,"enemies":"Slime Boss","floor":16,"turns":8},{"damage":0,"enemies":"Chosen","floor":18,"turns":4},{"damage":23,"enemies":"Colosseum Slavers","floor":19,"turns":3},{"damage":11,"enemies":"Spheric Guardian","floor":24,"turns":4},{"damage":34,"enemies":"Book of Stabbing","floor":25,"turns":6},{"damage":14,"enemies":"Snake Plant","floor":28,"turns":4},{"damage":12,"enemies":"Centurion and Healer","floor":31,"turns":6},{"damage":65,"enemies":"Automaton","floor":33,"turns":9},{"damage":2,"enemies":"3 Shapes","floor":35,"turns":4},{"damage":0,"enemies":"Orb Walker","floor":38,"turns":6},{"damage":7,"enemies":"Sphere and 2 Shapes","floor":39,"turns":4},{"damage":10,"enemies":"Maw","floor":41,"turns":12},{"damage":38,"enemies":"Spire Growth","floor":42,"turns":7},{"damage":5,"enemies":"Writhing Mass","floor":44,"turns":9},{"damage":0,"enemies":"Maw","floor":46,"turns":9},{"damage":42,"enemies":"Reptomancer","floor":48,"turns":6},{"damage":66,"enemies":"Awakened One","floor":50,"turns":20}],"seed_played":"-8157591175535683700","potions_obtained":[{"floor":6,"key":"Energy Potion"}],"is_trial":false,"path_per_floor":["M","?","$","M","M","E","R","?","T","R","?","T","R","$","R","B",null,"M","?","?","$","?","R","M","E","T","R","M","R","?","M","R","B",null,"M","T","$","M","M","R","M","M","T","M","R","M","R","E","R"],"character_chosen":"IRONCLAD","items_purchased":["Combust","Shrug It Off","Clothesline","Rupture","Ghostly Armor","Madness"],"campfire_rested":7,"item_purchase_floors":[3,3,14,21,21,37],"current_hp_per_floor":[80,80,80,80,80,43,43,43,43,67,67,67,67,67,80,54,80,80,63,63,63,63,63,58,30,30,54,46,70,54,48,72,13,80,80,80,80,80,79,79,75,43,43,44,68,74,74,38,62,0],"gold":338,"neow_bonus":"TRANSFORM_CARD","is_prod":false,"is_daily":false,"chose_seed":false,"campfire_upgraded":5,"win_rate":0.0,"timestamp":1540069968,"path_taken":["M","?","$","M","?","E","R","?","T","R","?","?","R","$","R","BOSS","M","?","?","$","?","R","?","E","T","R","M","R","?","M","R","BOSS","M","?","$","M","M","R","M","M","T","M","R","M","R","E","R","BOSS"],"build_version":"2018-10-18","purchased_purges":1,"victory":false,"max_hp_per_floor":[80,80,80,80,80,80,80,80,80,80,80,80,80,80,80,80,80,80,80,80,80,80,80,80,80,80,80,80,80,80,80,80,80,80,80,80,80,80,80,80,80,80,80,80,80,80,80,80,80,80],"card_choices":[{"not_picked":["True Grit","Warcry","Thunderclap"],"picked":"SKIP","floor":1},{"not_picked":["Iron Wave","Dark Embrace","Thunderclap"],"picked":"SKIP","floor":4},{"not_picked":["True Grit","Corruption","Warcry"],"picked":"SKIP","floor":5},{"not_picked":["Shrug It Off","Intimidate"],"picked":"Cleave","floor":6},{"not_picked":["Double Tap","Impervious"],"picked":"Juggernaut","floor":16},{"not_picked":["Sword Boomerang+1","Pommel Strike+1"],"picked":"Dual Wield+1","floor":18},{"not_picked":["Whirlwind","Pommel Strike","Armaments"],"picked":"SKIP","floor":24},{"not_picked":["Sword Boomerang","Whirlwind"],"picked":"Impervious","floor":25},{"not_picked":["True Grit","Anger","Sword Boomerang"],"picked":"SKIP","floor":28},{"not_picked":["Dual Wield+1","Iron Wave","Carnage"],"picked":"SKIP","floor":31},{"not_picked":["Reaper","Demon Form+1"],"picked":"Barricade+1","floor":33},{"not_picked":["Armaments+1","Reckless Charge"],"picked":"Rage+1","floor":35},{"not_picked":["Perfected Strike+1","Anger","Shockwave"],"picked":"SKIP","floor":38},{"not_picked":["Warcry","Cleave","Clash+1"],"picked":"SKIP","floor":39},{"not_picked":["Dual Wield+1","Cleave+1"],"picked":"Shrug It Off+1","floor":41},{"not_picked":["Flex","Heavy Blade+1"],"picked":"Metallicize+1","floor":42},{"not_picked":["Clash","Heavy Blade+1"],"picked":"Pommel Strike+1","floor":44},{"not_picked":["Seeing Red","Power Through","Clothesline+1"],"picked":"SKIP","floor":46},{"not_picked":["Warcry+1","Uppercut+1"],"picked":"Body Slam","floor":48}],"player_experience":78970,"relics_obtained":[{"floor":6,"key":"Omamori"},{"floor":9,"key":"Dodecahedron"},{"floor":12,"key":"PreservedInsect"},{"floor":25,"key":"Frozen Egg 2"},{"floor":26,"key":"Red Skull"},{"floor":36,"key":"Self Forming Clay"},{"floor":43,"key":"MawBank"},{"floor":48,"key":"Girya"}],"event_choices":[{"damage_healed":0,"gold_gain":0,"player_choice":"Ignored","damage_taken":0,"max_hp_gain":0,"max_hp_loss":0,"event_name":"Golden Idol","floor":2,"gold_loss":0},{"damage_healed":0,"gold_gain":0,"player_choice":"Upgraded","damage_taken":0,"max_hp_gain":0,"max_hp_loss":0,"event_name":"Upgrade Shrine","floor":8,"gold_loss":0,"cards_upgraded":["Bash"]},{"cards_removed":["Strike_R"],"damage_healed":0,"gold_gain":0,"player_choice":"Forget","damage_taken":0,"max_hp_gain":0,"max_hp_loss":0,"event_name":"Living Wall","floor":11,"gold_loss":0},{"damage_healed":0,"gold_gain":0,"player_choice":"Fight","damage_taken":0,"max_hp_gain":0,"max_hp_loss":0,"event_name":"Colosseum","floor":19,"gold_loss":0},{"damage_healed":0,"gold_gain":0,"player_choice":"Fled From Nobs","damage_taken":0,"max_hp_gain":0,"max_hp_loss":0,"event_name":"Colosseum","floor":19,"gold_loss":0},{"damage_healed":0,"gold_gain":0,"player_choice":"Simplicity","damage_taken":0,"max_hp_gain":0,"max_hp_loss":0,"event_name":"Back to Basics","floor":20,"gold_loss":0,"cards_upgraded":["Strike_R","Strike_R","Strike_R","Defend_R","Defend_R","Defend_R","Defend_R"]},{"damage_healed":0,"gold_gain":0,"player_choice":"Stole Relic","damage_taken":0,"relics_obtained":["Pen Nib"],"max_hp_gain":0,"max_hp_loss":0,"event_name":"Addict","floor":22,"gold_loss":0,"cards_obtained":["Shame"]},{"damage_healed":0,"gold_gain":0,"player_choice":"Obtained Book","damage_taken":16,"max_hp_gain":0,"max_hp_loss":0,"event_name":"Cursed Tome","floor":30,"gold_loss":0}],"is_beta":false,"boss_relics":[{"not_picked":["Empty Cage","Coffee Dripper"],"picked":"Sozu"},{"not_picked":["Black Blood","Black Star"],"picked":"Runic Cube"}],"items_purged_floors":[37],"is_endless":false,"potions_floor_spawned":[6,18,25,31,33,39,41,44,46],"killed_by":"Awakened One","ascension_level":0}