{"gold_per_floor":[109,126,140,38,48,79,79,97,97,117,151,151,151,151,151,228,228,245,245,256,276,24,57,57,57,83,83,94,113,144,156,156,234,234,244,26,26,375,375,375,375],"floor_reached":41,"playtime":1764,"items_purged":["Strike_R"],"score":792,"play_id":"a8ae166c-ce87-4299-9dd2-ceb647f1ed65","local_time":"20190429222755","is_ascension_mode":true,"campfire_choices":[{"data":"Bash","floor":7,"key":"SMITH"},{"data":"Disarm","floor":13,"key":"SMITH"},{"data":"Iron Wave","floor":15,"key":"SMITH"},{"data":"Flame Barrier","floor":24,"key":"SMITH"},{"data":"Iron Wave","floor":27,"key":"SMITH"},{"data":"Limit Break","floor":32,"key":"SMITH"},{"floor":40,"key":"REST"}],"neow_cost":"NONE","seed_source_timestamp":719759419900365,"circlet_count":0,"master_deck":["AscendersBane","Strike_R","Strike_R","Strike_R","Defend_R","Defend_R","Defend_R","Defend_R","Bash+1","Iron Wave+1","Iron Wave+1","Clothesline+1","Shrug It Off","Headbutt","Shrug It Off","Disarm+1","Limit Break+1","Sword Boomerang","Dropkick","Immolate","Reaper","Flame Barrier+1","Shame","Thunderclap+1","Uppercut+1","Inflame","Inflame","Cleave+1","Heavy Blade+1","Writhe","Iron Wave+1"],"relics":["Burning Blood","Juzu Bracelet","Meat on the Bone","Question Card","Sozu","Molten Egg 2","Paper Frog","Bronze Scales","Bag of Preparation","Matryoshka","Runic Pyramid","Orichalcum","Old Coin"],"potions_floor_usage":[23,38],"damage_taken":[{"damage":9,"enemies":"Jaw Worm","floor":1,"turns":4},{"damage":0,"enemies":"Small Slimes","floor":2,"turns":5},{"damage":3,"enemies":"2 Louse","floor":3,"turns":3},{"damage":3,"enemies":"Looter","floor":5,"turns":4},{"damage":39,"enemies":"Gremlin Nob","floor":6,"turns":6},{"damage":10,"enemies":"Gremlin Gang","floor":8,"turns":6},{"damage":0,"enemies":"Blue Slaver","floor":10,"turns":5},{"damage":23,"enemies":"Lagavulin","floor":11,"turns":7},{"damage":22,"enemies":"Hexaghost","floor":16,"turns":12},{"damage":14,"enemies":"3 Byrds","floor":18,"turns":4},{"damage":16,"enemies":"Shell Parasite","floor":20,"turns":7},{"damage":40,"enemies":"Snecko","floor":21,"turns":7},{"damage":32,"enemies":"Book of Stabbing","floor":23,"turns":8},{"damage":22,"enemies":"3 Cultists","floor":28,"turns":5},{"damage":9,"enemies":"Snake Plant","floor":29,"turns":3},{"damage":29,"enemies":"Gremlin Leader","floor":30,"turns":6},{"damage":8,"enemies":"Chosen and Byrds","floor":31,"turns":5},{"damage":39,"enemies":"Champ","floor":33,"turns":10},{"damage":19,"enemies":"3 Shapes","floor":35,"turns":3},{"damage":68,"enemies":"2 Orb Walkers","floor":38,"turns":5},{"damage":55,"enemies":"Reptomancer","floor":41,"turns":3}],"seed_played":"4634101785377428391","potions_obtained":[{"floor":3,"key":"PowerPotion"},{"floor":5,"key":"SteroidPotion"}],"is_trial":false,"path_per_floor":["M","M","M","$","M","E","R","M","T","M","E","?","R","?","R","B",null,"M","?","M","M","$","E","R","?","T","R","M","M","E","M","R","B",null,"M","$","?","?","?","R","E"],"character_chosen":"IRONCLAD","items_purchased":["Headbutt","Shrug It Off","Paper Frog","Orichalcum"],"campfire_rested":1,"item_purchase_floors":[4,4,22,36],"current_hp_per_floor":[65,71,74,74,75,42,42,38,38,44,39,32,32,32,32,28,63,65,65,59,37,37,27,27,27,27,27,23,32,21,39,39,31,64,62,62,75,33,33,55,0],"gold":375,"neow_bonus":"THREE_CARDS","is_prod":false,"is_daily":false,"chose_seed":false,"campfire_upgraded":6,"win_rate":0,"timestamp":1556569675,"path_taken":["M","M","M","$","M","E","R","M","T","M","E","?","R","?","R","BOSS","M","?","M","M","$","E","R","?","T","R","M","M","E","M","R","BOSS","M","$","?","?","?","R","E"],"build_version":"2019-04-23","purchased_purges":1,"victory":false,"max_hp_per_floor":[75,75,75,75,75,75,75,75,75,75,75,75,75,75,75,75,75,75,75,75,75,75,75,75,75,75,75,75,75,75,75,75,75,75,75,75,75,75,75,75,75],"card_choices":[{"not_picked":["Burning Pact","Wild Strike"],"picked":"Iron Wave","floor":0},{"not_picked":["Wild Strike","Thunderclap"],"picked":"Iron Wave","floor":1},{"not_picked":["Wild Strike","Evolve"],"picked":"Clothesline","floor":2},{"not_picked":["Armaments","Clothesline"],"picked":"Shrug It Off","floor":3},{"not_picked":["True Grit","Iron Wave"],"picked":"Disarm","floor":5},{"not_picked":["True Grit","Wild Strike"],"picked":"Limit Break","floor":6},{"not_picked":["Metallicize","Body Slam"],"picked":"Sword Boomerang","floor":8},{"not_picked":["Infernal Blade","Sever Soul"],"picked":"Dropkick","floor":10},{"not_picked":["Rupture","Warcry"],"picked":"Immolate","floor":11},{"not_picked":["Limit Break","Brutality","Offering"],"picked":"Reaper","floor":16},{"not_picked":["Feel No Pain","Warcry","Perfected Strike"],"picked":"Flame Barrier","floor":18},{"not_picked":["Wild Strike+1","Combust","Evolve","Havoc"],"picked":"SKIP","floor":20},{"not_picked":["Heavy Blade+1","Exhume","Clothesline+1"],"picked":"Thunderclap+1","floor":21},{"not_picked":["Flex","Clothesline+1","Limit Break"],"picked":"Uppercut+1","floor":23},{"not_picked":["Hemokinesis+1","Cleave+1","Thunderclap+1"],"picked":"Inflame","floor":28},{"not_picked":["Power Through","Pummel+1","Pommel Strike+1"],"picked":"Inflame","floor":29},{"not_picked":["Havoc","Twin Strike+1","Thunderclap+1"],"picked":"Cleave+1","floor":30},{"not_picked":["Cleave+1","Corruption","Twin Strike+1"],"picked":"Heavy Blade+1","floor":31},{"not_picked":["Rage","Shrug It Off","Havoc","Second Wind"],"picked":"SKIP","floor":35},{"not_picked":["Thunderclap+1","Feel No Pain","Twin Strike+1"],"picked":"Iron Wave+1","floor":38}],"player_experience":1340336,"relics_obtained":[{"floor":6,"key":"Juzu Bracelet"},{"floor":9,"key":"Meat on the Bone"},{"floor":11,"key":"Question Card"},{"floor":23,"key":"Bronze Scales"},{"floor":26,"key":"Bag of Preparation"},{"floor":30,"key":"Matryoshka"},{"floor":38,"key":"Old Coin"}],"event_choices":[{"cards_removed":["Strike_R"],"damage_healed":0,"gold_gain":0,"player_choice":"Card Removal","damage_taken":7,"max_hp_gain":0,"max_hp_loss":0,"event_name":"Golden Wing","floor":12,"gold_loss":0},{"damage_healed":0,"gold_gain":0,"player_choice":"Grow","damage_taken":0,"max_hp_gain":0,"max_hp_loss":0,"event_name":"Living Wall","floor":14,"gold_loss":0,"cards_upgraded":["Clothesline"]},{"damage_healed":0,"gold_gain":0,"player_choice":"Stole Relic","damage_taken":0,"relics_obtained":["Molten Egg 2"],"max_hp_gain":0,"max_hp_loss":0,"event_name":"Addict","floor":19,"gold_loss":0,"cards_obtained":["Shame"]},{"damage_healed":0,"gold_gain":0,"player_choice":"Ignored","damage_taken":0,"max_hp_gain":0,"max_hp_loss":0,"event_name":"Beggar","floor":25,"gold_loss":0},{"damage_healed":19,"gold_gain":0,"player_choice":"Writhe","damage_taken":0,"max_hp_gain":0,"max_hp_loss":0,"event_name":"Winding Halls","floor":37,"gold_loss":0,"cards_obtained":["Writhe"]},{"damage_healed":0,"gold_gain":0,"player_choice":"Fight","damage_taken":0,"max_hp_gain":0,"max_hp_loss":0,"event_name":"Mysterious Sphere","floor":38,"gold_loss":0},{"damage_healed":0,"gold_gain":0,"player_choice":"Ignored","damage_taken":0,"max_hp_gain":0,"max_hp_loss":0,"event_name":"Tomb of Lord Red Mask","floor":39,"gold_loss":0}],"is_beta":true,"boss_relics":[{"not_picked":["Lizard Tail","Runic Dome"],"picked":"Sozu"},{"not_picked":["Calling Bell","Cursed Key"],"picked":"Runic Pyramid"}],"items_purged_floors":[36],"is_endless":false,"potions_floor_spawned":[3,5,6,11,20,28,29,33,35,38],"killed_by":"Reptomancer","ascension_level":14}