{"gold_per_floor":[116,116,132,98,98,98,61,61,84,84,98,113,125,158,158,158],"floor_reached":16,"playtime":34624,"items_purged":[],"score":175,"play_id":"089930e8-8729-44b3-9a4d-3642cb21940d","local_time":"20190424213822","is_ascension_mode":true,"campfire_choices":[{"data":"Static Discharge","floor":6,"key":"SMITH"},{"data":"Zap","floor":8,"key":"SMITH"},{"data":"Heatsinks","floor":10,"key":"SMITH"},{"floor":15,"key":"REST"}],"neow_cost":"TEN_PERCENT_HP_LOSS","seed_source_timestamp":133819817779000,"circlet_count":0,"master_deck":["AscendersBane","Strike_B","Strike_B","Strike_B","Defend_B","Defend_B","Defend_B","Zap+1","Dualcast+1","Auto Shields","Steam Power","Melter","Static Discharge+1","Heatsinks+1","Hello World","Reinforced Body","Stack"],"relics":["Cracked Core","Ancient Tea Set","Blue Candle"],"potions_floor_usage":[14,14],"damage_taken":[{"damage":7,"enemies":"2 Louse","floor":1,"turns":2},{"damage":1,"enemies":"Cultist","floor":3,"turns":3},{"damage":7,"enemies":"Jaw Worm","floor":11,"turns":2},{"damage":14,"enemies":"Exordium Thugs","floor":12,"turns":4},{"damage":18,"enemies":"Lots of Slimes","floor":13,"turns":5},{"damage":15,"enemies":"Lagavulin","floor":14,"turns":6},{"damage":25,"enemies":"Hexaghost","floor":16,"turns":9}],"seed_played":"-7692401265212811896","potions_obtained":[{"floor":1,"key":"FocusPotion"},{"floor":11,"key":"SteroidPotion"},{"floor":13,"key":"PowerPotion"}],"is_trial":false,"path_per_floor":["M","?","M","$","?","R","$","R","T","R","M","M","M","E","R","B"],"character_chosen":"DEFECT","items_purchased":["Heatsinks","Hello World"],"campfire_rested":1,"item_purchase_floors":[4,7],"current_hp_per_floor":[57,57,56,56,56,56,56,56,56,56,49,35,17,2,21,0],"gold":158,"neow_bonus":"TRANSFORM_TWO_CARDS","is_prod":false,"is_daily":false,"chose_seed":false,"campfire_upgraded":3,"win_rate":0,"timestamp":1556156302,"path_taken":["M","?","?","$","?","R","?","R","T","R","M","M","?","E","R","BOSS"],"build_version":"2019-01-23","purchased_purges":0,"victory":false,"max_hp_per_floor":[64,64,64,64,64,64,64,64,64,64,64,64,64,64,64,64],"card_choices":[{"not_picked":["Aggregate","Conserve Battery"],"picked":"Melter","floor":1},{"not_picked":["Genetic Algorithm","Go for the Eyes"],"picked":"Static Discharge","floor":3},{"not_picked":["Steam","Conserve Battery"],"picked":"Reinforced Body","floor":11},{"not_picked":["Gash","Stack","Steam Power"],"picked":"SKIP","floor":12},{"not_picked":["Sunder","FTL","Turbo"],"picked":"SKIP","floor":13},{"not_picked":["Turbo","Sweeping Beam"],"picked":"Stack","floor":14}],"player_experience":2805460,"relics_obtained":[{"floor":9,"key":"Ancient Tea Set"},{"floor":14,"key":"Blue Candle"}],"event_choices":[{"damage_healed":0,"gold_gain":0,"player_choice":"Upgraded","damage_taken":0,"max_hp_gain":0,"max_hp_loss":0,"event_name":"Upgrade Shrine","floor":2,"gold_loss":0,"cards_upgraded":["Dualcast"]},{"damage_healed":0,"gold_gain":0,"player_choice":"Ignored","damage_taken":0,"max_hp_gain":0,"max_hp_loss":0,"event_name":"Shining Light","floor":5,"gold_loss":0}],"is_beta":false,"boss_relics":[],"items_purged_floors":[],"is_endless":false,"potions_floor_spawned":[1,11,13],"killed_by":"Hexaghost","ascension_level":15}