{"gold_per_floor":[119,194,194,211,3,29,29,46,72,102,117,117,131,146,146,242,242,223,223,238,12,24,54,54,54,54,54,70,70,70,90,90,185,185,195,211,221,221,233,233,55,84,84,94,94,126,126,126,126,126],"floor_reached":51,"playtime":2748,"items_purged":["Strike_R","Defend_R"],"score":1331,"play_id":"35309dfa-fc82-44f9-84a7-cdaec9516d0e","local_time":"20190114012058","is_ascension_mode":true,"campfire_choices":[{"data":"Armaments","floor":7,"key":"SMITH"},{"floor":12,"key":"REST"},{"data":"Barricade","floor":15,"key":"SMITH"},{"data":"Heavy Blade","floor":24,"key":"SMITH"},{"data":"Bash","floor":27,"key":"SMITH"},{"data":"Body Slam","floor":29,"key":"SMITH"},{"floor":32,"key":"REST"},{"data":"Body Slam","floor":40,"key":"SMITH"},{"floor":45,"key":"DIG"},{"floor":47,"key":"DIG"},{"floor":49,"key":"DIG"}],"neow_cost":"NONE","seed_source_timestamp":1217117369446300,"circlet_count":0,"master_deck":["AscendersBane","Strike_R+1","Strike_R+1","Defend_R","Defend_R+1","Defend_R+1","Bash+1","Inflame","Armaments+1","Shrug It Off","Shrug It Off","Pommel Strike","Heavy Blade+1","Barricade+1","Feed","Ghostly Armor+1","Body Slam","Rage+1","Body Slam+1","Inflame+1","Battle Trance+1","Body Slam+1","Entrench","Shrug It Off+1","Pain","Headbutt","Mayhem","Good Instincts","Magnetism"],"relics":["Burning Blood","Frozen Eye","Bag of Preparation","Whetstone","Pantograph","Velvet Choker","Incense Burner","Vajra","StoneCalendar","Self Forming Clay","Gremlin Horn","Cursed Key","Shovel","Meat on the Bone","Potion Belt","War Paint","Turnip","Du-Vu Doll"],"potions_floor_usage":[10,11,20,22,31,50,50,50,50,50],"damage_taken":[{"damage":7,"enemies":"2 Louse","floor":1,"turns":3},{"damage":3,"enemies":"Small Slimes","floor":4,"turns":5},{"damage":47,"enemies":"Lagavulin","floor":6,"turns":8},{"damage":2,"enemies":"Jaw Worm","floor":8,"turns":5},{"damage":23,"enemies":"3 Sentries","floor":10,"turns":12},{"damage":2,"enemies":"Red Slaver","floor":11,"turns":6},{"damage":3,"enemies":"3 Louse","floor":13,"turns":5},{"damage":1,"enemies":"2 Fungi Beasts","floor":14,"turns":4},{"damage":36,"enemies":"The Guardian","floor":16,"turns":14},{"damage":15,"enemies":"2 Thieves","floor":18,"turns":4},{"damage":3,"enemies":"3 Byrds","floor":20,"turns":4},{"damage":16,"enemies":"3 Cultists","floor":22,"turns":9},{"damage":22,"enemies":"Gremlin Leader","floor":23,"turns":10},{"damage":0,"enemies":"Centurion and Healer","floor":28,"turns":7},{"damage":11,"enemies":"Snecko","floor":31,"turns":5},{"damage":0,"enemies":"Champ","floor":33,"turns":7},{"damage":5,"enemies":"Orb Walker","floor":35,"turns":4},{"damage":0,"enemies":"3 Darklings","floor":36,"turns":4},{"damage":4,"enemies":"Sphere and 2 Shapes","floor":37,"turns":4},{"damage":0,"enemies":"4 Shapes","floor":39,"turns":5},{"damage":0,"enemies":"Giant Head","floor":42,"turns":6},{"damage":8,"enemies":"3 Darklings","floor":44,"turns":5},{"damage":22,"enemies":"Nemesis","floor":46,"turns":5},{"damage":6,"enemies":"Time Eater","floor":50,"turns":8}],"seed_played":"-7323974505122572176","potions_obtained":[{"floor":1,"key":"SteroidPotion"},{"floor":10,"key":"BloodPotion"},{"floor":13,"key":"LiquidBronze"},{"floor":16,"key":"SpeedPotion"},{"floor":23,"key":"Ancient Potion"},{"floor":28,"key":"SpeedPotion"},{"floor":35,"key":"GamblersBrew"},{"floor":42,"key":"EntropicBrew"},{"floor":44,"key":"Weak Potion"}],"is_trial":false,"path_per_floor":["M","?","?","M","$","E","R","M","T","E","M","R","M","M","R","B",null,"M","T","M","$","M","E","R","?","T","R","M","R","?","M","R","B",null,"M","M","M","?","M","R","$","E","T","M","R","E","R","?","R","B",null],"character_chosen":"IRONCLAD","items_purchased":["Frozen Eye","Vajra","Entrench"],"campfire_rested":2,"item_purchase_floors":[5,21,41],"current_hp_per_floor":[79,68,61,64,64,23,23,27,27,10,22,48,51,56,56,51,79,73,73,79,79,73,57,57,57,57,57,63,63,43,38,68,99,102,103,107,107,107,110,110,110,110,110,108,108,92,92,82,82,107],"gold":126,"neow_bonus":"TEN_PERCENT_HP_BONUS","is_prod":false,"is_daily":false,"chose_seed":false,"campfire_upgraded":6,"win_rate":0,"timestamp":1547446858,"path_taken":["M","?","?","M","?","E","R","M","T","E","M","R","M","?","R","BOSS","M","?","M","$","M","E","R","?","T","R","M","R","?","M","R","BOSS","M","M","M","?","M","R","$","E","T","?","R","E","R","?","R","BOSS"],"build_version":"2019-01-10","purchased_purges":2,"victory":true,"max_hp_per_floor":[88,88,88,88,88,88,88,88,88,88,88,88,88,88,88,88,88,91,91,94,94,98,98,98,98,98,98,98,98,103,103,103,103,103,103,107,107,107,110,110,110,110,110,110,110,110,110,110,110,110],"card_choices":[{"not_picked":["Sever Soul","Headbutt"],"picked":"Inflame","floor":1},{"not_picked":["Disarm","True Grit"],"picked":"Armaments","floor":4},{"not_picked":["Second Wind","Rage","Reckless Charge"],"picked":"SKIP","floor":6},{"not_picked":["Sever Soul","Armaments"],"picked":"Shrug It Off","floor":8},{"not_picked":["Pommel Strike","Ghostly Armor"],"picked":"Shrug It Off","floor":10},{"not_picked":["Cleave","Anger"],"picked":"Pommel Strike","floor":11},{"not_picked":["Perfected Strike","Seeing Red"],"picked":"Heavy Blade","floor":13},{"not_picked":["Inflame","Body Slam"],"picked":"Barricade","floor":14},{"not_picked":["Immolate","Bludgeon"],"picked":"Feed","floor":16},{"not_picked":["Armaments","Thunderclap"],"picked":"Ghostly Armor+1","floor":18},{"not_picked":["Rupture","Clash","Perfected Strike"],"picked":"SKIP","floor":20},{"not_picked":["Anger","Wild Strike+1"],"picked":"Body Slam","floor":22},{"not_picked":["Sword Boomerang+1","Wild Strike+1"],"picked":"Rage+1","floor":23},{"not_picked":["Clothesline","Searing Blow"],"picked":"Body Slam","floor":28},{"not_picked":["Blood for Blood","Bludgeon","Sword Boomerang"],"picked":"SKIP","floor":31},{"not_picked":["Hemokinesis","Warcry"],"picked":"Inflame+1","floor":35},{"not_picked":["Seeing Red+1","Combust+1"],"picked":"Battle Trance+1","floor":36},{"not_picked":["Flex","Heavy Blade"],"picked":"Body Slam","floor":37},{"not_picked":["Anger","Iron Wave","Twin Strike"],"picked":"SKIP","floor":39},{"not_picked":["Twin Strike+1","Iron Wave+1"],"picked":"Shrug It Off+1","floor":42},{"not_picked":["Berserk","Battle Trance"],"picked":"Headbutt","floor":44},{"not_picked":["Thunderclap+1","Flex","Body Slam"],"picked":"SKIP","floor":46},{"not_picked":["Madness","Deep Breath"],"picked":"Mayhem","floor":48},{"not_picked":["Purity","Dramatic Entrance"],"picked":"Good Instincts","floor":48},{"not_picked":["Good Instincts","Swift Strike"],"picked":"Magnetism","floor":48}],"player_experience":1756754,"relics_obtained":[{"floor":6,"key":"Bag of Preparation"},{"floor":9,"key":"Whetstone"},{"floor":10,"key":"Pantograph"},{"floor":19,"key":"Incense Burner"},{"floor":23,"key":"StoneCalendar"},{"floor":26,"key":"Gremlin Horn"},{"floor":42,"key":"Shovel"},{"floor":43,"key":"Meat on the Bone"},{"floor":45,"key":"Potion Belt"},{"floor":46,"key":"War Paint"},{"floor":47,"key":"Turnip"},{"floor":49,"key":"Du-Vu Doll"}],"event_choices":[{"damage_healed":0,"gold_gain":75,"player_choice":"Gather Gold","damage_taken":11,"max_hp_gain":0,"max_hp_loss":0,"event_name":"World of Goop","floor":2,"gold_loss":0},{"cards_removed":["Strike_R"],"damage_healed":0,"gold_gain":0,"player_choice":"Card Removal","damage_taken":7,"max_hp_gain":0,"max_hp_loss":0,"event_name":"Golden Wing","floor":3,"gold_loss":0},{"damage_healed":0,"gold_gain":0,"player_choice":"Opened","damage_taken":0,"relics_obtained":["Self Forming Clay"],"max_hp_gain":0,"max_hp_loss":0,"event_name":"The Mausoleum","floor":25,"gold_loss":0},{"damage_healed":0,"gold_gain":0,"player_choice":"Shed Blood","damage_taken":25,"max_hp_gain":5,"max_hp_loss":0,"event_name":"Forgotten Altar","floor":30,"gold_loss":0},{"cards_removed":["Strike_R"],"damage_healed":0,"gold_gain":0,"player_choice":"Offered Basic","damage_taken":0,"max_hp_gain":0,"max_hp_loss":0,"event_name":"Bonfire Elementals","floor":38,"gold_loss":0},{"damage_healed":0,"gold_gain":0,"player_choice":"Memory 3","damage_taken":10,"max_hp_gain":0,"max_hp_loss":0,"event_name":"SensoryStone","floor":48,"gold_loss":0}],"is_beta":false,"boss_relics":[{"not_picked":["Runic Dome","Ectoplasm"],"picked":"Velvet Choker"},{"not_picked":["Eternal Feather","Runic Pyramid"],"picked":"Cursed Key"}],"items_purged_floors":[21,41],"is_endless":false,"potions_floor_spawned":[1,10,13,16,23,28,35,42,44],"ascension_level":10}