{"gold_per_floor":[365,123,134,153,168,168,180,180,180,180,191,218,218,235,235,307,307,280,205,218,218,218],"floor_reached":22,"playtime":1052,"items_purged":["Strike_G"],"score":407,"play_id":"7cbf24d8-0aac-4d1a-aa73-80f8fb68b7f6","local_time":"20190507221317","is_ascension_mode":true,"campfire_choices":[{"data":"Cloak And Dagger","floor":6,"key":"SMITH"},{"floor":8,"key":"REST"},{"floor":15,"key":"REST"}],"neow_cost":"PERCENT_DAMAGE","seed_source_timestamp":1410793929666268,"circlet_count":0,"master_deck":["AscendersBane","Defend_G","Defend_G","Defend_G","Defend_G","Defend_G","Strike_G","Strike_G","Survivor","Neutralize","Choke","Infinite Blades","Blade Dance","Backflip","Cloak And Dagger+1","Cloak And Dagger","Footwork","Prepared","Noxious Fumes","Backflip","Malaise","Caltrops","Accuracy","Blade Dance","Choke","Cloak And Dagger","Cloak And Dagger","Blade Dance"],"relics":["Ring of the Snake","Torii","Mango","Orrery","CultistMask"],"potions_floor_usage":[11,12,12],"damage_taken":[{"damage":3,"enemies":"Cultist","floor":1,"turns":5},{"damage":3,"enemies":"Small Slimes","floor":3,"turns":4},{"damage":2,"enemies":"Jaw Worm","floor":4,"turns":4},{"damage":5,"enemies":"Exordium Thugs","floor":5,"turns":4},{"damage":9,"enemies":"3 Louse","floor":7,"turns":3},{"damage":7,"enemies":"Large Slime","floor":11,"turns":6},{"damage":28,"enemies":"Gremlin Nob","floor":12,"turns":4},{"damage":1,"enemies":"Blue Slaver","floor":14,"turns":6},{"damage":34,"enemies":"Slime Boss","floor":16,"turns":13},{"damage":32,"enemies":"2 Thieves","floor":18,"turns":4},{"damage":26,"enemies":"Shell Parasite","floor":20,"turns":10},{"damage":16,"enemies":"Snake Plant","floor":22,"turns":4}],"seed_played":"-5628486814457042578","potions_obtained":[{"floor":1,"key":"SpeedPotion"},{"floor":4,"key":"SteroidPotion"},{"floor":7,"key":"Fruit Juice"},{"floor":11,"key":"SpeedPotion"}],"is_trial":false,"path_per_floor":["M","$","M","M","M","R","M","R","T","?","M","E","?","M","R","B",null,"M","?","M","?","M"],"character_chosen":"THE_SILENT","items_purchased":["Infinite Blades","Blade Dance","Backflip"],"campfire_rested":2,"item_purchase_floors":[2,2,2],"current_hp_per_floor":[41,41,38,36,31,31,22,41,41,41,39,25,25,24,49,15,68,36,36,10,10,0],"gold":218,"neow_bonus":"TWO_FIFTY_GOLD","is_prod":false,"is_daily":false,"chose_seed":false,"campfire_upgraded":1,"win_rate":0,"timestamp":1557259997,"path_taken":["M","$","M","M","M","R","M","R","T","?","?","E","?","M","R","BOSS","M","?","M","?","M"],"build_version":"2019-04-23","purchased_purges":1,"victory":false,"max_hp_per_floor":[66,66,66,66,66,66,66,66,66,66,71,85,85,85,85,85,85,85,85,85,85,85],"card_choices":[{"not_picked":["Calculated Gamble","Distraction"],"picked":"Choke","floor":1},{"not_picked":["Deflect","Concentrate"],"picked":"Cloak And Dagger","floor":3},{"not_picked":["Quick Slash","Expertise"],"picked":"Cloak And Dagger","floor":4},{"not_picked":["Poisoned Stab","Terror","Eviscerate"],"picked":"SKIP","floor":5},{"not_picked":["Sucker Punch","Wraith Form v2"],"picked":"Footwork","floor":7},{"not_picked":["Bane","Catalyst"],"picked":"Prepared","floor":11},{"not_picked":["Riddle With Holes","Outmaneuver"],"picked":"Noxious Fumes","floor":12},{"not_picked":["Skewer","Outmaneuver"],"picked":"Backflip","floor":14},{"not_picked":["Grand Finale","Corpse Explosion"],"picked":"Malaise","floor":16},{"not_picked":["Deflect","Heel Hook"],"picked":"Caltrops","floor":17},{"not_picked":["Flying Knee","Terror"],"picked":"Accuracy","floor":17},{"not_picked":["Terror","Quick Slash"],"picked":"Blade Dance","floor":17},{"not_picked":["Quick Slash","Prepared"],"picked":"Choke","floor":17},{"not_picked":["Underhanded Strike","Heel Hook"],"picked":"Cloak And Dagger","floor":17},{"not_picked":["Riddle With Holes","Underhanded Strike"],"picked":"Cloak And Dagger","floor":18},{"not_picked":["Bullet Time","Escape Plan"],"picked":"Blade Dance","floor":20}],"player_experience":1579567,"relics_obtained":[{"floor":9,"key":"Torii"},{"floor":12,"key":"Mango"}],"event_choices":[{"cards_removed":["Strike_G"],"damage_healed":0,"gold_gain":0,"player_choice":"Purged","damage_taken":0,"max_hp_gain":0,"max_hp_loss":0,"event_name":"Purifier","floor":10,"gold_loss":0},{"damage_healed":0,"gold_gain":0,"player_choice":"Searched \u00270\u0027 times","damage_taken":0,"max_hp_gain":0,"max_hp_loss":0,"event_name":"Dead Adventurer","floor":13,"gold_loss":0},{"cards_removed":["Strike_G"],"damage_healed":0,"gold_gain":0,"player_choice":"Gave Gold","damage_taken":0,"max_hp_gain":0,"max_hp_loss":0,"event_name":"Beggar","floor":19,"gold_loss":75},{"damage_healed":0,"gold_gain":0,"player_choice":"Trade","damage_taken":0,"relics_obtained":["CultistMask"],"max_hp_gain":0,"max_hp_loss":0,"event_name":"FaceTrader","floor":21,"gold_loss":0}],"is_beta":true,"boss_relics":[{"not_picked":["Philosopher\u0027s Stone","Astrolabe"],"picked":"Orrery"}],"items_purged_floors":[2],"is_endless":false,"potions_floor_spawned":[1,4,7,11],"killed_by":"Snake Plant","ascension_level":18}