{"gold_per_floor":[10,20,36,62,82,82,116,116,197,197,4,22,32,46,46,149,179,193,205,222,222],"floor_reached":21,"playtime":1713,"items_purged":[],"score":210,"play_id":"e291816d-dab0-4fde-a8b5-9965e0e7b576","local_time":"20180624171956","is_ascension_mode":false,"campfire_choices":[{"data":"Bloodletting","floor":6,"key":"SMITH"},{"floor":8,"key":"REST"},{"floor":10,"key":"REST"},{"data":"Whirlwind","floor":15,"key":"SMITH"}],"neow_cost":"NO_GOLD","seed_source_timestamp":80019953896692,"circlet_count":0,"master_deck":["Strike_R","Strike_R","Strike_R","Strike_R","Strike_R","Defend_R+1","Defend_R","Defend_R","Defend_R+1","Bash","Iron Wave","Whirlwind+1","Flex+1","Bloodletting+1","Pommel Strike","Transmutation","Seeing Red","Demon Form","Intimidate","Dark Embrace","Sword Boomerang","Perfected Strike","Feel No Pain+1","Pommel Strike"],"relics":["Burning Blood","War Paint","Boot","Bottled Lightning","Tiny House"],"potions_floor_usage":[16,16,18,20,21],"damage_taken":[{"damage":3,"enemies":"Cultist","floor":1,"turns":6},{"damage":3,"enemies":"2 Louse","floor":2,"turns":3},{"damage":10,"enemies":"Jaw Worm","floor":3,"turns":4},{"damage":7,"enemies":"Blue Slaver","floor":5,"turns":4},{"damage":60,"enemies":"Lagavulin","floor":7,"turns":9},{"damage":3,"enemies":"Large Slime","floor":12,"turns":3},{"damage":3,"enemies":"3 Louse","floor":13,"turns":1},{"damage":3,"enemies":"Lots of Slimes","floor":14,"turns":1},{"damage":37,"enemies":"The Guardian","floor":16,"turns":9},{"damage":55,"enemies":"Spheric Guardian","floor":18,"turns":6},{"damage":32,"enemies":"3 Byrds","floor":19,"turns":6},{"damage":23,"enemies":"Centurion and Healer","floor":20,"turns":7},{"damage":22,"enemies":"Snake Plant","floor":21,"turns":4}],"seed_played":"8817208044358630209","potions_obtained":[{"floor":3,"key":"Poison Potion"},{"floor":5,"key":"Strength Potion"},{"floor":7,"key":"EssenceOfSteel"},{"floor":13,"key":"Regen Potion"},{"floor":17,"key":"Poison Potion"},{"floor":19,"key":"Weak Potion"}],"is_trial":false,"path_per_floor":["M","M","M","T","M","R","E","R","T","R","$","M","M","M","R","B",null,"M","M","M"],"character_chosen":"IRONCLAD","items_purchased":["Transmutation"],"campfire_rested":2,"item_purchase_floors":[11],"current_hp_per_floor":[96,96,92,92,91,91,37,65,65,93,93,96,96,96,96,65,101,64,38,21,0],"gold":222,"neow_bonus":"TWENTY_PERCENT_HP_BONUS","is_prod":false,"is_daily":false,"chose_seed":false,"campfire_upgraded":2,"win_rate":0.0,"timestamp":1529875196,"path_taken":["M","M","M","?","M","R","E","R","T","R","$","M","M","M","R","BOSS","M","M","M","M"],"build_version":"2018-06-21v2","purchased_purges":0,"victory":false,"max_hp_per_floor":[96,96,96,96,96,96,96,96,96,96,96,96,96,96,96,96,101,101,101,101,101],"card_choices":[{"not_picked":["Clash","Wild Strike"],"picked":"Iron Wave","floor":1},{"not_picked":["Reckless Charge","Wild Strike"],"picked":"Whirlwind","floor":2},{"not_picked":["Dual Wield","Twin Strike"],"picked":"Flex","floor":3},{"not_picked":["Perfected Strike","Hemokinesis"],"picked":"Bloodletting","floor":5},{"not_picked":["Reckless Charge","Power Through"],"picked":"Pommel Strike","floor":7},{"not_picked":["Twin Strike","Warcry"],"picked":"Seeing Red","floor":12},{"not_picked":["Warcry","Battle Trance"],"picked":"Demon Form","floor":13},{"not_picked":["Heavy Blade","Cleave"],"picked":"Intimidate","floor":14},{"not_picked":["Offering","Bludgeon"],"picked":"Dark Embrace","floor":16},{"not_picked":["Iron Wave","Wild Strike"],"picked":"Sword Boomerang","floor":17},{"not_picked":["Wild Strike","Corruption+1"],"picked":"Perfected Strike","floor":18},{"not_picked":["Headbutt+1","True Grit"],"picked":"Feel No Pain+1","floor":19},{"not_picked":["True Grit+1","Uppercut"],"picked":"Pommel Strike","floor":20}],"player_experience":60826,"relics_obtained":[{"floor":4,"key":"War Paint"},{"floor":7,"key":"Boot"},{"floor":9,"key":"Bottled Lightning"}],"event_choices":[],"boss_relics":[{"not_picked":["Snecko Eye","Coffee Dripper"],"picked":"Tiny House"}],"items_purged_floors":[],"is_endless":false,"potions_floor_spawned":[3,5,7,13,19],"killed_by":"Snake Plant","ascension_level":0}