{"gold_per_floor":[119,138,156,173,21,21,55,55,134,168,168,201,214,273,273,347,347,363,30,46,60,71,99,99,124,198,225,244,244,244,258,258,330,380,393,409,456,46,46,81,93,93,175,198,198,225,225,241,241,241],"floor_reached":51,"playtime":3251,"items_purged":["Strike_R","Strike_R"],"score":1486,"play_id":"93dea9cc-5944-4270-aba5-98d97ece4933","local_time":"20190502191010","is_ascension_mode":true,"campfire_choices":[{"data":"Shrug It Off","floor":6,"key":"SMITH"},{"data":"Pommel Strike","floor":8,"key":"SMITH"},{"floor":11,"key":"REST"},{"data":"Uppercut","floor":15,"key":"SMITH"},{"floor":24,"key":"REST"},{"floor":32,"key":"REST"},{"floor":42,"key":"REST"},{"floor":45,"key":"REST"},{"floor":47,"key":"REST"},{"floor":49,"key":"DIG"}],"neow_cost":"NONE","seed_source_timestamp":965597730780103,"circlet_count":0,"master_deck":["AscendersBane","Strike_R+1","Strike_R","Strike_R","Defend_R","Defend_R","Defend_R","Defend_R","Bash+1","Sword Boomerang","Shrug It Off+1","Disarm","Headbutt+1","Feed","Pommel Strike+1","Iron Wave","Uppercut+1","Battle Trance","Limit Break","Cleave","Battle Trance","Armaments","Inflame","Rampage+1","Exhume","Pommel Strike+1","Finesse","Flame Barrier","Armaments+1","Immolate+1"],"relics":["Burning Blood","Whetstone","FossilizedHelix","Kunai","Pen Nib","The Courier","Tiny Chest","Fusion Hammer","Incense Burner","Gremlin Horn","Omamori","Paper Frog","Bag of Preparation","Molten Egg 2","Tiny House","Shovel","Smiling Mask","Frozen Egg 2","Strawberry","Bottled Flame","Bottled Tornado"],"potions_floor_usage":[10,12,23,23,33,36,37,40,40],"damage_taken":[{"damage":1,"enemies":"Cultist","floor":1,"turns":3},{"damage":1,"enemies":"2 Louse","floor":2,"turns":3},{"damage":9,"enemies":"Jaw Worm","floor":3,"turns":4},{"damage":27,"enemies":"Exordium Thugs","floor":4,"turns":7},{"damage":20,"enemies":"Gremlin Nob","floor":7,"turns":4},{"damage":16,"enemies":"3 Sentries","floor":10,"turns":10},{"damage":0,"enemies":"Lagavulin","floor":12,"turns":5},{"damage":1,"enemies":"Large Slime","floor":13,"turns":6},{"damage":10,"enemies":"3 Sentries","floor":14,"turns":9},{"damage":47,"enemies":"Hexaghost","floor":16,"turns":12},{"damage":0,"enemies":"3 Byrds","floor":18,"turns":5},{"damage":0,"enemies":"Shell Parasite","floor":20,"turns":4},{"damage":25,"enemies":"Cultist and Chosen","floor":21,"turns":8},{"damage":14,"enemies":"Centurion and Healer","floor":22,"turns":8},{"damage":45,"enemies":"Slavers","floor":23,"turns":7},{"damage":16,"enemies":"Gremlin Leader","floor":25,"turns":6},{"damage":39,"enemies":"Slavers","floor":27,"turns":5},{"damage":1,"enemies":"Snake Plant","floor":28,"turns":5},{"damage":0,"enemies":"3 Cultists","floor":31,"turns":4},{"damage":42,"enemies":"Automaton","floor":33,"turns":12},{"damage":1,"enemies":"Orb Walker","floor":35,"turns":3},{"damage":13,"enemies":"3 Darklings","floor":36,"turns":4},{"damage":98,"enemies":"2 Orb Walkers","floor":37,"turns":7},{"damage":66,"enemies":"Giant Head","floor":40,"turns":8},{"damage":11,"enemies":"Writhing Mass","floor":41,"turns":7},{"damage":21,"enemies":"Nemesis","floor":46,"turns":7},{"damage":0,"enemies":"4 Shapes","floor":48,"turns":4},{"damage":30,"enemies":"Awakened One","floor":50,"turns":18}],"seed_played":"1435367670953644834","potions_obtained":[{"floor":2,"key":"Swift Potion"},{"floor":7,"key":"Poison Potion"},{"floor":12,"key":"GamblersBrew"},{"floor":16,"key":"Ancient Potion"},{"floor":20,"key":"Weak Potion"},{"floor":28,"key":"PowerPotion"},{"floor":31,"key":"Fire Potion"},{"floor":33,"key":"BloodPotion"},{"floor":34,"key":"Fruit Juice"},{"floor":37,"key":"Regen Potion"},{"floor":46,"key":"GamblersBrew"}],"is_trial":false,"path_per_floor":["M","M","M","M","$","R","E","R","T","E","R","E","M","E","R","B",null,"M","$","M","M","M","E","R","E","T","E","M","?","T","M","R","B",null,"M","M","?","$","?","E","M","R","T","T","R","E","R","M","R","B",null],"character_chosen":"IRONCLAD","items_purchased":["Feed","Incense Burner","Shovel","Regen Potion"],"campfire_rested":6,"item_purchase_floors":[5,19,38,38],"current_hp_per_floor":[73,75,72,51,51,51,40,40,40,33,57,66,74,73,73,35,79,88,88,97,81,76,37,68,58,58,28,36,36,36,42,75,39,98,103,101,24,24,24,13,8,45,45,52,91,76,115,124,124,100],"gold":241,"neow_bonus":"RANDOM_COMMON_RELIC","is_prod":false,"is_daily":false,"chose_seed":false,"campfire_upgraded":3,"win_rate":0,"timestamp":1556817010,"path_taken":["M","M","M","M","?","R","E","R","T","E","R","E","M","E","R","BOSS","M","$","M","M","M","E","R","E","T","E","M","?","?","?","R","BOSS","M","M","?","$","?","E","M","R","T","?","R","E","R","M","R","BOSS"],"build_version":"2019-04-23","purchased_purges":2,"victory":true,"max_hp_per_floor":[75,75,75,75,75,75,78,78,78,81,81,84,87,90,90,93,93,96,96,99,102,105,105,105,105,105,108,111,111,111,111,111,111,116,116,121,124,124,124,124,124,124,124,131,131,131,131,134,134,134],"card_choices":[{"not_picked":["Twin Strike","Flex"],"picked":"Sword Boomerang","floor":1},{"not_picked":["Hemokinesis","Pommel Strike"],"picked":"Shrug It Off","floor":2},{"not_picked":["Twin Strike","Perfected Strike"],"picked":"Disarm","floor":3},{"not_picked":["Warcry","Rampage"],"picked":"Headbutt","floor":4},{"not_picked":["Dual Wield","Seeing Red"],"picked":"Pommel Strike","floor":7},{"not_picked":["Heavy Blade","Warcry","Reckless Charge"],"picked":"SKIP","floor":10},{"not_picked":["Fiend Fire","Sword Boomerang"],"picked":"Iron Wave","floor":12},{"not_picked":["Fire Breathing","Headbutt"],"picked":"Uppercut","floor":13},{"not_picked":["Pommel Strike","Disarm"],"picked":"Battle Trance","floor":14},{"not_picked":["Offering","Bludgeon"],"picked":"Limit Break","floor":16},{"not_picked":["True Grit","Sword Boomerang","Wild Strike"],"picked":"SKIP","floor":18},{"not_picked":["Flex","Rage"],"picked":"Cleave","floor":20},{"not_picked":["Sentinel+1","Pummel"],"picked":"Battle Trance","floor":21},{"not_picked":["Berserk","Perfected Strike"],"picked":"Armaments","floor":22},{"not_picked":["Havoc","Whirlwind"],"picked":"Inflame","floor":23},{"not_picked":["Pommel Strike","Iron Wave","Twin Strike"],"picked":"SKIP","floor":25},{"not_picked":["Twin Strike","Corruption","Feel No Pain+1"],"picked":"SKIP","floor":27},{"not_picked":["Sever Soul","Blood for Blood","Sentinel"],"picked":"SKIP","floor":28},{"not_picked":["Clash+1","True Grit+1"],"picked":"Rampage+1","floor":31},{"not_picked":["Immolate+1","Double Tap"],"picked":"Exhume","floor":33},{"not_picked":["Sword Boomerang+1","Anger+1"],"picked":"Pommel Strike+1","floor":34},{"not_picked":["Rage","Clash+1","Warcry"],"picked":"SKIP","floor":35},{"not_picked":["Dual Wield","Power Through","Headbutt+1"],"picked":"SKIP","floor":36},{"not_picked":["Trip","Chrysalis"],"picked":"Finesse","floor":39},{"not_picked":["Anger+1","Headbutt+1"],"picked":"Flame Barrier","floor":40},{"not_picked":["Warcry","Clothesline+1"],"picked":"Armaments+1","floor":41},{"not_picked":["Clothesline+1","Juggernaut+1"],"picked":"Immolate+1","floor":46},{"not_picked":["Clash+1","Warcry","Wild Strike+1"],"picked":"SKIP","floor":48}],"player_experience":1434550,"relics_obtained":[{"floor":7,"key":"FossilizedHelix"},{"floor":9,"key":"Kunai"},{"floor":10,"key":"Pen Nib"},{"floor":12,"key":"The Courier"},{"floor":14,"key":"Tiny Chest"},{"floor":23,"key":"Gremlin Horn"},{"floor":25,"key":"Omamori"},{"floor":26,"key":"Paper Frog"},{"floor":27,"key":"Bag of Preparation"},{"floor":30,"key":"Molten Egg 2"},{"floor":40,"key":"Smiling Mask"},{"floor":43,"key":"Frozen Egg 2"},{"floor":44,"key":"Strawberry"},{"floor":46,"key":"Bottled Flame"},{"floor":49,"key":"Bottled Tornado"}],"event_choices":[{"damage_healed":0,"gold_gain":0,"player_choice":"Ignored","damage_taken":0,"max_hp_gain":0,"max_hp_loss":0,"event_name":"Ghosts","floor":29,"gold_loss":0},{"damage_healed":0,"gold_gain":0,"player_choice":"Fight","damage_taken":0,"max_hp_gain":0,"max_hp_loss":0,"event_name":"Mysterious Sphere","floor":37,"gold_loss":0},{"damage_healed":0,"gold_gain":0,"player_choice":"Memory 1","damage_taken":0,"max_hp_gain":0,"max_hp_loss":0,"event_name":"SensoryStone","floor":39,"gold_loss":0}],"is_beta":true,"boss_relics":[{"not_picked":["Eternal Feather","Calling Bell"],"picked":"Fusion Hammer"},{"not_picked":["Velvet Choker","Pandora\u0027s Box"],"picked":"Tiny House"}],"items_purged_floors":[19,38],"is_endless":false,"potions_floor_spawned":[2,7,12,16,20,28,31,33,35,37,46],"ascension_level":16}