{"gold_per_floor":[110,110,110,110,120,152,152,179,243,255,267,279,308,320,332,441,453,476,503,515,540,562,574],"floor_reached":23,"playtime":609,"items_purged":[],"score":258,"play_id":"54e02a56-5bb5-40d8-83a7-7cf8a5c47ab7","local_time":"20190421192020","is_ascension_mode":true,"campfire_choices":[{"data":"Dualcast","floor":10,"key":"SMITH"},{"floor":12,"key":"REST"},{"data":"Sweeping Beam","floor":15,"key":"SMITH"}],"neow_cost":"NONE","seed_source_timestamp":18459790202245,"circlet_count":0,"master_deck":["Strike_B","Strike_B+1","Strike_B+1","Strike_B","Defend_B","Defend_B","Defend_B","Defend_B","Zap+1","Dualcast+1","Coolheaded+1","Sweeping Beam+1","Auto Shields","Buffer","Hologram","Streamline+1","Echo Form"],"relics":["Cracked Core","NeowsBlessing","Omamori","Singing Bowl","Symbiotic Virus","MawBank","Whetstone","Sozu"],"potions_floor_usage":[23,23],"damage_taken":[{"damage":0,"enemies":"Jaw Worm","floor":1,"turns":1},{"damage":0,"enemies":"2 Louse","floor":5,"turns":1},{"damage":0,"enemies":"Gremlin Nob","floor":6,"turns":1},{"damage":25,"enemies":"Lagavulin","floor":8,"turns":6},{"damage":0,"enemies":"Small Slimes","floor":13,"turns":2},{"damage":12,"enemies":"Slime Boss","floor":16,"turns":5},{"damage":6,"enemies":"Spheric Guardian","floor":18,"turns":4},{"damage":17,"enemies":"2 Thieves","floor":19,"turns":3},{"damage":34,"enemies":"Snake Plant","floor":21,"turns":4},{"damage":3,"enemies":"3 Cultists","floor":22,"turns":4},{"damage":36,"enemies":"Book of Stabbing","floor":23,"turns":3}],"seed_played":"-3236601533456392540","potions_obtained":[{"floor":5,"key":"LiquidBronze"},{"floor":8,"key":"Poison Potion"},{"floor":13,"key":"Ancient Potion"}],"is_trial":false,"path_per_floor":["M","?","T","?","M","E","?","E","T","R","$","R","M","?","R","B",null,"M","M","?","M","M","E"],"character_chosen":"DEFECT","items_purchased":[],"campfire_rested":1,"item_purchase_floors":[],"current_hp_per_floor":[75,75,75,57,57,57,62,37,37,37,37,61,63,63,63,51,82,76,59,59,27,24,0],"gold":574,"neow_bonus":"THREE_ENEMY_KILL","is_prod":false,"is_daily":false,"chose_seed":false,"campfire_upgraded":2,"win_rate":0,"timestamp":1555867220,"path_taken":["M","?","?","?","?","E","?","E","T","R","$","R","M","?","R","BOSS","M","M","?","?","M","E"],"build_version":"2019-04-20","purchased_purges":0,"victory":false,"max_hp_per_floor":[75,75,75,75,75,75,80,80,80,80,80,80,82,82,82,82,82,82,82,82,84,84,84],"card_choices":[{"not_picked":["Gash","Go for the Eyes","Turbo"],"picked":"SKIP","floor":1},{"not_picked":["Conserve Battery","Tempest"],"picked":"Coolheaded","floor":5},{"not_picked":["Go for the Eyes","Steam"],"picked":"Sweeping Beam","floor":6},{"not_picked":["Doom and Gloom","Stack"],"picked":"Auto Shields","floor":8},{"not_picked":["Heatsinks","Amplify","Skim"],"picked":"Singing Bowl","floor":13},{"not_picked":["Thunder Strike","Seek"],"picked":"Buffer","floor":16},{"not_picked":["Auto Shields","Conserve Battery+1"],"picked":"Hologram","floor":18},{"not_picked":["Consume","Stack"],"picked":"Streamline+1","floor":19},{"not_picked":["Streamline","Beam Cell","Gash+1"],"picked":"Singing Bowl","floor":21},{"not_picked":["Rip and Tear+1","Hologram"],"picked":"Echo Form","floor":22}],"player_experience":1150496,"relics_obtained":[{"floor":3,"key":"Omamori"},{"floor":6,"key":"Symbiotic Virus"},{"floor":8,"key":"MawBank"},{"floor":9,"key":"Whetstone"}],"event_choices":[{"damage_healed":0,"gold_gain":0,"player_choice":"Grow","damage_taken":0,"max_hp_gain":0,"max_hp_loss":0,"event_name":"Living Wall","floor":2,"gold_loss":0,"cards_upgraded":["Zap"]},{"damage_healed":0,"gold_gain":0,"player_choice":"Success","damage_taken":18,"relics_obtained":["Singing Bowl"],"max_hp_gain":0,"max_hp_loss":0,"event_name":"Scrap Ooze","floor":4,"gold_loss":0},{"damage_healed":0,"gold_gain":0,"player_choice":"Donut","damage_taken":0,"max_hp_gain":5,"max_hp_loss":0,"event_name":"Big Fish","floor":7,"gold_loss":0},{"damage_healed":0,"gold_gain":0,"player_choice":"Forge","damage_taken":0,"max_hp_gain":0,"max_hp_loss":0,"event_name":"Accursed Blacksmith","floor":14,"gold_loss":0,"cards_upgraded":["Coolheaded"]},{"damage_healed":0,"gold_gain":0,"player_choice":"Cursed","damage_taken":0,"max_hp_gain":0,"max_hp_loss":0,"event_name":"Wheel of Change","floor":20,"gold_loss":0,"cards_obtained":["Decay"]}],"is_beta":true,"boss_relics":[{"not_picked":["Ectoplasm","White Beast Statue"],"picked":"Sozu"}],"items_purged_floors":[],"is_endless":false,"potions_floor_spawned":[5,8,13,18,19],"killed_by":"Book of Stabbing","ascension_level":3}