{"gold_per_floor":[112,128,144,162,4,4,4,17,17,17,47,47,73,54,54,133,133,148,161,161,161,161,161,180,213,213,20,32,46,46,78,78,78],"floor_reached":33,"playtime":2028,"items_purged":["Strike_R"],"score":541,"play_id":"16354168-0538-424a-997b-440c394ecc02","local_time":"20190501133511","is_ascension_mode":true,"campfire_choices":[{"data":"Uppercut","floor":6,"key":"SMITH"},{"data":"Feed","floor":10,"key":"SMITH"},{"data":"Iron Wave","floor":12,"key":"SMITH"},{"data":"Double Tap","floor":15,"key":"SMITH"},{"data":"Bash","floor":23,"key":"SMITH"},{"floor":30,"key":"REST"},{"floor":32,"key":"REST"}],"neow_cost":"NONE","seed_source_timestamp":860332072342235,"circlet_count":0,"master_deck":["AscendersBane","Strike_R","Strike_R","Strike_R","Defend_R","Defend_R","Defend_R","Defend_R","Bash+1","Trip","Uppercut+1","Headbutt","Iron Wave+1","Feed+1","Cleave","Anger","Double Tap+1","Pommel Strike","Barricade","Shrug It Off","Ghostly Armor","Shrug It Off","Infernal Blade+1","Seeing Red"],"relics":["Burning Blood","The Courier","Nunchaku","Mercury Hourglass","Philosopher\u0027s Stone","Enchiridion","Shuriken","Centennial Puzzle","Pen Nib","Oddly Smooth Stone","Mummified Hand"],"potions_floor_usage":[8,25,29,31],"damage_taken":[{"damage":0,"enemies":"Small Slimes","floor":1,"turns":3},{"damage":4,"enemies":"Jaw Worm","floor":2,"turns":4},{"damage":0,"enemies":"Cultist","floor":3,"turns":3},{"damage":3,"enemies":"3 Louse","floor":4,"turns":4},{"damage":11,"enemies":"2 Fungi Beasts","floor":8,"turns":3},{"damage":29,"enemies":"Gremlin Nob","floor":11,"turns":5},{"damage":8,"enemies":"3 Sentries","floor":13,"turns":7},{"damage":42,"enemies":"The Guardian","floor":16,"turns":11},{"damage":7,"enemies":"2 Thieves","floor":18,"turns":4},{"damage":2,"enemies":"Chosen","floor":19,"turns":3},{"damage":18,"enemies":"Snake Plant","floor":24,"turns":3},{"damage":40,"enemies":"Slavers","floor":25,"turns":4},{"damage":0,"enemies":"Snecko","floor":28,"turns":3},{"damage":15,"enemies":"Shelled Parasite and Fungi","floor":29,"turns":4},{"damage":25,"enemies":"Book of Stabbing","floor":31,"turns":4},{"damage":60,"enemies":"Champ","floor":33,"turns":6}],"seed_played":"-4329553029376114575","potions_obtained":[{"floor":1,"key":"Ancient Potion"},{"floor":11,"key":"SteroidPotion"},{"floor":16,"key":"SkillPotion"},{"floor":25,"key":"Dexterity Potion"},{"floor":28,"key":"PowerPotion"}],"is_trial":false,"path_per_floor":["M","M","M","M","$","R","?","M","T","R","E","R","E","$","R","B",null,"M","M","?","T","?","R","M","E","T","$","M","M","R","E","R","B"],"character_chosen":"IRONCLAD","items_purchased":["Feed","Pommel Strike","Shrug It Off","Oddly Smooth Stone"],"campfire_rested":2,"item_purchase_floors":[5,14,27,27],"current_hp_per_floor":[74,75,75,75,75,75,75,73,73,73,54,54,56,56,56,24,74,77,81,60,60,60,60,48,18,18,18,24,19,49,30,60,0],"gold":78,"neow_bonus":"RANDOM_COLORLESS","is_prod":false,"is_daily":false,"chose_seed":false,"campfire_upgraded":5,"win_rate":0,"timestamp":1556710511,"path_taken":["M","M","M","M","$","R","?","M","T","R","E","R","E","$","R","BOSS","M","M","?","?","?","R","M","E","T","$","M","?","R","E","R","BOSS"],"build_version":"2019-04-23","purchased_purges":1,"victory":false,"max_hp_per_floor":[75,75,75,75,75,75,75,78,78,78,82,82,86,86,86,90,90,94,94,94,94,94,94,94,98,98,98,98,102,102,102,102,102],"card_choices":[{"not_picked":["Sword Boomerang","Clothesline"],"picked":"Uppercut","floor":1},{"not_picked":["Havoc","Warcry"],"picked":"Headbutt","floor":2},{"not_picked":["Body Slam","Pummel","Clash"],"picked":"SKIP","floor":3},{"not_picked":["Wild Strike","Headbutt"],"picked":"Iron Wave","floor":4},{"not_picked":["Sword Boomerang","Wild Strike"],"picked":"Cleave","floor":8},{"not_picked":["Thunderclap","Rampage"],"picked":"Anger","floor":11},{"not_picked":["Warcry","Sword Boomerang"],"picked":"Double Tap","floor":13},{"not_picked":["Juggernaut","Limit Break"],"picked":"Barricade","floor":16},{"not_picked":["Twin Strike","Heavy Blade"],"picked":"Shrug It Off","floor":18},{"not_picked":["Anger","Headbutt"],"picked":"Ghostly Armor","floor":19},{"not_picked":["Clash","Thunderclap","Armaments"],"picked":"SKIP","floor":24},{"not_picked":["Cleave","Armaments","Pummel"],"picked":"SKIP","floor":25},{"not_picked":["Flex","Double Tap"],"picked":"Infernal Blade+1","floor":28},{"not_picked":["Anger","Warcry"],"picked":"Seeing Red","floor":29},{"not_picked":["Headbutt","Infernal Blade","Intimidate"],"picked":"SKIP","floor":31}],"player_experience":1389691,"relics_obtained":[{"floor":9,"key":"The Courier"},{"floor":11,"key":"Nunchaku"},{"floor":13,"key":"Mercury Hourglass"},{"floor":20,"key":"Enchiridion"},{"floor":21,"key":"Shuriken"},{"floor":25,"key":"Centennial Puzzle"},{"floor":26,"key":"Pen Nib"},{"floor":31,"key":"Mummified Hand"}],"event_choices":[{"damage_healed":0,"gold_gain":0,"player_choice":"Ignored","damage_taken":0,"max_hp_gain":0,"max_hp_loss":0,"event_name":"Liars Game","floor":7,"gold_loss":0},{"damage_healed":0,"gold_gain":0,"player_choice":"Obtained Book","damage_taken":21,"max_hp_gain":0,"max_hp_loss":0,"event_name":"Cursed Tome","floor":20,"gold_loss":0},{"cards_removed":["Strike_R"],"damage_healed":0,"gold_gain":0,"player_choice":"Purged","damage_taken":0,"max_hp_gain":0,"max_hp_loss":0,"event_name":"Purifier","floor":22,"gold_loss":0}],"is_beta":true,"boss_relics":[{"not_picked":["Astrolabe","Cursed Key"],"picked":"Philosopher\u0027s Stone"}],"items_purged_floors":[27],"is_endless":false,"potions_floor_spawned":[1,11,16,25,28],"killed_by":"Champ","ascension_level":15}