{"gold_per_floor":[117,42,42,60,60,60,60,60,87,87,101,101,113,113,113,113],"floor_reached":16,"playtime":435,"items_purged":["Shame"],"score":150,"play_id":"85de3102-3f9f-4c9f-992e-3b68f17d594b","local_time":"20190410223206","is_ascension_mode":true,"campfire_choices":[{"data":"Sweeping Beam","floor":6,"key":"SMITH"},{"data":"Seek","floor":8,"key":"SMITH"},{"data":"Dualcast","floor":12,"key":"SMITH"},{"data":"Zap","floor":15,"key":"SMITH"}],"neow_cost":"CURSE","seed_source_timestamp":390646634712500,"circlet_count":0,"master_deck":["AscendersBane","Strike_B","Strike_B","Strike_B","Defend_B","Defend_B","Defend_B","Defend_B","Zap+1","Dualcast+1","Sweeping Beam+1","Storm","Seek+1","Conserve Battery+1","Coolheaded+1"],"relics":["Cracked Core","Unceasing Top","FossilizedHelix","Smiling Mask","Toxic Egg 2"],"potions_floor_usage":[16,16],"damage_taken":[{"damage":0,"enemies":"Cultist","floor":1,"turns":3},{"damage":0,"enemies":"2 Louse","floor":4,"turns":2},{"damage":2,"enemies":"Jaw Worm","floor":11,"turns":3},{"damage":0,"enemies":"2 Fungi Beasts","floor":13,"turns":2},{"damage":64,"enemies":"Hexaghost","floor":16,"turns":14}],"seed_played":"8519854219674835925","potions_obtained":[{"floor":1,"key":"Ancient Potion"},{"floor":4,"key":"Explosive Potion"}],"is_trial":false,"path_per_floor":["M","$","?","M","$","R","?","R","T","T","M","R","M","?","R","B"],"character_chosen":"DEFECT","items_purchased":[],"campfire_rested":0,"item_purchase_floors":[],"current_hp_per_floor":[64,64,64,64,64,64,64,64,64,64,62,62,62,55,55,0],"gold":113,"neow_bonus":"ONE_RARE_RELIC","is_prod":false,"is_daily":false,"chose_seed":false,"campfire_upgraded":4,"win_rate":0,"timestamp":1554949926,"path_taken":["M","$","?","M","$","R","?","R","T","?","M","R","M","?","R","BOSS"],"build_version":"2019-01-23","purchased_purges":1,"victory":false,"max_hp_per_floor":[71,71,71,71,71,71,71,71,71,71,71,71,71,71,71,71],"card_choices":[{"not_picked":["Stack","Lockon"],"picked":"Sweeping Beam","floor":1},{"not_picked":["Sweeping Beam","Conserve Battery"],"picked":"Seek","floor":4},{"not_picked":["Doom and Gloom","Sweeping Beam"],"picked":"Conserve Battery+1","floor":11},{"not_picked":["Beam Cell","Steam+1"],"picked":"Coolheaded+1","floor":13}],"player_experience":2633027,"relics_obtained":[{"floor":9,"key":"Smiling Mask"},{"floor":10,"key":"Toxic Egg 2"}],"event_choices":[{"damage_healed":0,"gold_gain":0,"cards_transformed":["Strike_B"],"player_choice":"Change","damage_taken":0,"max_hp_gain":0,"max_hp_loss":0,"event_name":"Living Wall","floor":3,"gold_loss":0,"cards_obtained":["Storm"]},{"damage_healed":0,"gold_gain":0,"player_choice":"Box","damage_taken":0,"relics_obtained":["FossilizedHelix"],"max_hp_gain":0,"max_hp_loss":0,"event_name":"Big Fish","floor":7,"gold_loss":0,"cards_obtained":["Regret"]},{"cards_removed":["Regret"],"damage_healed":0,"gold_gain":0,"player_choice":"Card Removal","damage_taken":7,"max_hp_gain":0,"max_hp_loss":0,"event_name":"Golden Wing","floor":14,"gold_loss":0}],"is_beta":false,"boss_relics":[],"items_purged_floors":[2],"is_endless":false,"potions_floor_spawned":[1,4],"killed_by":"Hexaghost","ascension_level":14}