{"gold_per_floor":[121,146,158,189,219,231,259,271,306,318,363,453,465],"floor_reached":13,"playtime":684,"items_purged":[],"score":166,"play_id":"26dff619-f84a-4d94-8b3a-ad9ec850869e","local_time":"20190512112137","is_ascension_mode":true,"campfire_choices":[{"data":"Perfected Strike","floor":6,"key":"SMITH"},{"data":"Bash","floor":10,"key":"SMITH"}],"neow_cost":"NONE","seed_source_timestamp":1804063235513284,"circlet_count":0,"master_deck":["AscendersBane","Strike_R","Strike_R","Strike_R","Strike_R","Strike_R","Defend_R","Defend_R","Defend_R","Defend_R","Bash+1","Perfected Strike+1","Disarm","Feel No Pain","Brutality","Intimidate"],"relics":["Burning Blood","MawBank","Centennial Puzzle","Dream Catcher","Strawberry"],"potions_floor_usage":[13],"damage_taken":[{"damage":13,"enemies":"Cultist","floor":1,"turns":5},{"damage":6,"enemies":"2 Louse","floor":2,"turns":3},{"damage":13,"enemies":"Small Slimes","floor":4,"turns":5},{"damage":9,"enemies":"Blue Slaver","floor":5,"turns":4},{"damage":13,"enemies":"3 Louse","floor":7,"turns":5},{"damage":43,"enemies":"3 Sentries","floor":11,"turns":11},{"damage":21,"enemies":"Gremlin Nob","floor":13,"turns":3}],"seed_played":"-3026138887311024358","potions_obtained":[{"floor":2,"key":"EssenceOfSteel"},{"floor":4,"key":"Ancient Potion"},{"floor":5,"key":"PowerPotion"}],"is_trial":false,"path_per_floor":["M","M","?","M","M","R","M","?","T","R","E","?","E"],"character_chosen":"IRONCLAD","items_purchased":[],"campfire_rested":0,"item_purchase_floors":[],"current_hp_per_floor":[61,61,61,54,51,51,44,44,44,44,14,14,0],"gold":465,"neow_bonus":"RANDOM_COMMON_RELIC","is_prod":false,"is_daily":false,"chose_seed":false,"campfire_upgraded":2,"win_rate":0,"timestamp":1557652897,"path_taken":["M","?","?","?","M","R","M","?","T","R","E","?","E"],"build_version":"2019-05-07","purchased_purges":0,"victory":false,"max_hp_per_floor":[75,75,75,75,75,75,75,75,75,75,82,82,82],"card_choices":[{"not_picked":["Twin Strike","Cleave"],"picked":"Perfected Strike","floor":1},{"not_picked":["True Grit","Clothesline"],"picked":"Disarm","floor":2},{"not_picked":["Dual Wield","Havoc"],"picked":"Feel No Pain","floor":4},{"not_picked":["Body Slam","True Grit","Sword Boomerang"],"picked":"SKIP","floor":5},{"not_picked":["Entrench","Reckless Charge"],"picked":"Brutality","floor":7},{"not_picked":["Thunderclap","Headbutt"],"picked":"Intimidate","floor":11}],"player_experience":1838461,"relics_obtained":[{"floor":9,"key":"Dream Catcher"},{"floor":11,"key":"Strawberry"}],"event_choices":[{"damage_healed":0,"gold_gain":0,"player_choice":"Gave Potion","damage_taken":0,"relics_obtained":["Centennial Puzzle"],"max_hp_gain":0,"max_hp_loss":0,"event_name":"WeMeetAgain","floor":3,"gold_loss":0},{"damage_healed":0,"gold_gain":0,"player_choice":"Ignored","damage_taken":0,"max_hp_gain":0,"max_hp_loss":0,"event_name":"Liars Game","floor":8,"gold_loss":0},{"damage_healed":0,"gold_gain":78,"player_choice":"Gained Gold","damage_taken":0,"max_hp_gain":0,"max_hp_loss":0,"event_name":"Golden Wing","floor":12,"gold_loss":0}],"is_beta":true,"boss_relics":[],"items_purged_floors":[],"is_endless":false,"potions_floor_spawned":[2,4,5],"killed_by":"Gremlin Nob","ascension_level":19}