{"path_per_floor":["M","$","M","M","?","E","R","M","T","?","R","?","M","M","R","B",null,"M","?","?","M","$","R","?","E","T","M","R","M","?","E","R","B",null,"M","$","M","M","M","R","M","E","T","M","R","M","?","M","R","B"],"character_chosen":"IRONCLAD","items_purchased":["Headbutt","Blue Candle","Pommel Strike","Hemokinesis","Strawberry"],"gold_per_floor":[111,11,21,39,39,67,67,83,164,164,164,339,352,369,369,471,471,487,387,657,668,63,63,63,89,89,108,108,120,80,107,107,203,203,219,94,108,125,141,141,153,188,188,201,201,214,314,331,331,331],"floor_reached":51,"campfire_rested":2,"playtime":2966,"current_hp_per_floor":[70,70,72,76,76,37,37,43,43,43,43,43,46,52,52,42,80,80,80,48,34,41,41,41,30,30,34,34,32,32,18,36,22,60,60,60,56,54,49,49,49,30,30,41,41,43,43,25,43,12],"items_purged":["Strike_R","Doubt","Clumsy"],"gold":331,"play_id":"b9488cac-d6a7-44f2-9069-811c4f5fd15c","is_prod":false,"is_daily":false,"is_ascension_mode":true,"campfire_upgraded":7,"path_taken":["M","$","M","?","?","E","R","M","T","?","R","?","M","M","R","BOSS","M","?","?","?","$","R","?","E","T","M","R","?","?","E","R","BOSS","M","$","M","M","M","R","M","E","T","M","R","M","?","M","R","BOSS"],"build_version":"2018-02-01-PROD3","purchased_purges":3,"victory":true,"master_deck":["Defend_R","Defend_R","Defend_R","Bash+1","Rupture+1","Headbutt","Flex","Flex","Impervious","Shrug It Off+1","Heavy Blade+1","Spot Weakness","Pummel","Limit Break+1","Flame Barrier","J.A.X.","Bloodletting","Pommel Strike","Hemokinesis","Bite","Bite","Bite","Bite","Bite","Inflame","Cleave","Whirlwind+1","Double Tap+1","True Grit+1","Dropkick+1","Regret","Thunderclap","Pommel Strike+1"],"max_hp_per_floor":[80,80,80,80,80,80,80,80,80,80,80,80,80,80,80,80,80,80,80,80,80,87,87,60,60,60,60,60,60,60,60,60,60,60,60,60,60,60,60,60,60,60,60,60,60,60,60,60,60,60],"relics":["Burning Blood","Bag of Marbles","Red Skull","Self Forming Clay","Cursed Key","Blue Candle","Strawberry","Happy Flower","Lantern","Bag of Preparation","Mark of Pain","Vajra","Torii"],"card_choices":[{"not_picked":["True Grit","Second Wind"],"picked":"Rupture"},{"not_picked":["Shrug It Off","Body Slam"],"picked":"Flex"},{"not_picked":["Headbutt","Dual Wield"],"picked":"Flex"},{"not_picked":["Feed","Carnage"],"picked":"Shrug It Off"},{"not_picked":["Havoc","Headbutt"],"picked":"Heavy Blade"},{"not_picked":["Dual Wield","Ghostly Armor"],"picked":"Spot Weakness"},{"not_picked":["Sword Boomerang","Clash"],"picked":"Pummel"},{"not_picked":["Juggernaut","Reaper"],"picked":"Limit Break"},{"not_picked":["Headbutt","Warcry"],"picked":"Flame Barrier"},{"not_picked":["Anger","Havoc"],"picked":"Bloodletting"},{"not_picked":["Wild Strike","Twin Strike"],"picked":"Inflame"},{"not_picked":["Intimidate","Perfected Strike"],"picked":"Cleave"},{"not_picked":["Feel No Pain","Heavy Blade"],"picked":"Whirlwind"},{"not_picked":["Demon Form","Barricade"],"picked":"Double Tap"},{"not_picked":["Headbutt","Second Wind"],"picked":"True Grit"},{"not_picked":["Dark Embrace","True Grit"],"picked":"Dropkick"},{"not_picked":["Pommel Strike","Havoc"],"picked":"Thunderclap"},{"not_picked":["Cleave","Bloodletting"],"picked":"Pommel Strike"}],"player_experience":410281,"potions_floor_usage":[6,14,16,18,25,31,31,35,38,39,42,42,50,50],"damage_taken":[{"damage":16,"enemies":"Blue Slaver","floor":1,"turns":4},{"damage":4,"enemies":"2 Louse","floor":3,"turns":3},{"damage":2,"enemies":"Jaw Worm","floor":4,"turns":3},{"damage":45,"enemies":"3 Sentries","floor":6,"turns":11},{"damage":0,"enemies":"Looter","floor":8,"turns":2},{"damage":3,"enemies":"Gremlin Gang","floor":13,"turns":6},{"damage":0,"enemies":"Red Slaver","floor":14,"turns":1},{"damage":16,"enemies":"Slime Boss","floor":16,"turns":7},{"damage":6,"enemies":"Spheric Guardian","floor":18,"turns":5},{"damage":20,"enemies":"2 Thieves","floor":21,"turns":3},{"damage":21,"enemies":"Gremlin Leader","floor":25,"turns":3},{"damage":6,"enemies":"Sentry and Sphere","floor":27,"turns":2},{"damage":16,"enemies":"Cultist and Chosen","floor":29,"turns":6},{"damage":24,"enemies":"Book of Stabbing","floor":31,"turns":3},{"damage":32,"enemies":"Collector","floor":33,"turns":5},{"damage":5,"enemies":"Orb Walker","floor":35,"turns":3},{"damage":12,"enemies":"3 Darklings","floor":37,"turns":3},{"damage":12,"enemies":"4 Shapes","floor":38,"turns":3},{"damage":15,"enemies":"Sphere and 2 Shapes","floor":39,"turns":3},{"damage":14,"enemies":"Maw","floor":41,"turns":5},{"damage":35,"enemies":"Nemesis","floor":42,"turns":4},{"damage":3,"enemies":"3 Darklings","floor":44,"turns":2},{"damage":12,"enemies":"Sphere and 2 Shapes","floor":46,"turns":3},{"damage":24,"enemies":"4 Shapes","floor":48,"turns":1},{"damage":64,"enemies":"Time Eater","floor":50,"turns":9}],"event_choices":[{"event_name":"Transmorgrifier","player_choice":"Transform","floor":5,"damage_taken":0},{"event_name":"Bonfire Elementals","player_choice":"BASIC","floor":10,"damage_taken":0},{"event_name":"Liars Game","player_choice":"agreed","floor":12,"damage_taken":0},{"event_name":"Drug Dealer","player_choice":"Got JAXXED","floor":19,"damage_taken":0},{"event_name":"Knowing Skull","player_choice":"GOLD GOLD GOLD ","floor":20,"damage_taken":0},{"event_name":"Vampires","player_choice":"Became a vampire","floor":24,"damage_taken":0},{"event_name":"The Woman in Blue","player_choice":"Bought 3 Potions","floor":30,"damage_taken":0},{"event_name":"Golden Shrine","player_choice":"Pray","floor":47,"damage_taken":0}],"boss_relics":[{"not_picked":["Pandora\u0027s Box","Eternal Feather"],"picked":"Cursed Key"},{"not_picked":["Lizard Tail","Runic Cube"],"picked":"Mark of Pain"}],"potions_floor_spawned":[3,6,13,16,21,33,35,38,41,44,48],"seed_played":"-5755111347868308417","ascension_level":3,"is_trial":false}