{"gold_per_floor":[18,30,30,48,48,381,399,424,503,514,514,529,529,556,556,556],"floor_reached":16,"playtime":731,"items_purged":[],"score":159,"play_id":"f8d4f75f-b44a-441c-8b05-503009327a12","local_time":"20180831030742","is_ascension_mode":true,"campfire_choices":[{"floor":13,"key":"REST"},{"floor":15,"key":"REST"}],"neow_cost":"NO_GOLD","seed_source_timestamp":11287505182285,"circlet_count":0,"master_deck":["Strike_R","Strike_R","Strike_R","Strike_R","Strike_R","Defend_R","Defend_R","Bash","Sword Boomerang","Fire Breathing","Twin Strike","Havoc","Rupture","Thunderclap","Headbutt","Dark Embrace+1","Armaments"],"relics":["Burning Blood","Old Coin","Ginger","Frozen Egg 2","Regal Pillow"],"potions_floor_usage":[8,10,10,10,16,16,16],"damage_taken":[{"damage":20,"enemies":"Jaw Worm","floor":1,"turns":5},{"damage":3,"enemies":"Small Slimes","floor":2,"turns":3},{"damage":1,"enemies":"Cultist","floor":4,"turns":3},{"damage":28,"enemies":"Gremlin Nob","floor":6,"turns":4},{"damage":6,"enemies":"2 Fungi Beasts","floor":7,"turns":4},{"damage":58,"enemies":"Lagavulin","floor":8,"turns":9},{"damage":14,"enemies":"Red Slaver","floor":10,"turns":3},{"damage":21,"enemies":"Blue Slaver","floor":12,"turns":3},{"damage":40,"enemies":"3 Sentries","floor":14,"turns":8},{"damage":71,"enemies":"Hexaghost","floor":16,"turns":9}],"seed_played":"5157999854729401375","potions_obtained":[{"floor":2,"key":"EntropicBrew"},{"floor":4,"key":"SneckoOil"},{"floor":6,"key":"Regen Potion"},{"floor":14,"key":"Energy Potion"}],"is_trial":false,"path_per_floor":["M","M","?","M","?","E","M","E","T","M","?","M","R","E","R"],"character_chosen":"IRONCLAD","items_purchased":[],"campfire_rested":2,"item_purchase_floors":[],"current_hp_per_floor":[82,85,78,83,83,61,61,23,23,15,47,32,60,26,69,0],"gold":556,"neow_bonus":"TWENTY_PERCENT_HP_BONUS","is_prod":false,"is_daily":false,"chose_seed":false,"campfire_upgraded":0,"win_rate":0,"timestamp":1535699262,"path_taken":["M","M","?","?","?","E","M","E","T","M","?","M","R","E","R","BOSS"],"build_version":"2018-08-30","purchased_purges":0,"victory":false,"max_hp_per_floor":[96,96,96,96,96,96,96,96,96,96,96,96,96,96,96,96],"card_choices":[{"not_picked":["Havoc","Power Through"],"picked":"Sword Boomerang","floor":1},{"not_picked":["Pommel Strike","Twin Strike"],"picked":"Fire Breathing","floor":2},{"not_picked":["Dual Wield","Body Slam"],"picked":"Twin Strike","floor":4},{"not_picked":["Sentinel","Fire Breathing"],"picked":"Rupture","floor":6},{"not_picked":["Wild Strike","Havoc"],"picked":"Thunderclap","floor":7},{"not_picked":["Thunderclap","Second Wind"],"picked":"Headbutt","floor":8},{"not_picked":["Corruption+1","Havoc"],"picked":"Dark Embrace+1","floor":10},{"not_picked":["Dropkick","Pommel Strike"],"picked":"Armaments","floor":12},{"not_picked":["True Grit","Seeing Red","Burning Pact"],"picked":"SKIP","floor":14}],"player_experience":676220,"relics_obtained":[{"floor":6,"key":"Old Coin"},{"floor":8,"key":"Ginger"},{"floor":9,"key":"Frozen Egg 2"},{"floor":14,"key":"Regal Pillow"}],"event_choices":[{"event_name":"Golden Wing","player_choice":"Card Removal","floor":3,"damage_taken":0},{"event_name":"Transmorgrifier","player_choice":"Transform","floor":5,"damage_taken":0},{"event_name":"Big Fish","player_choice":"Banana","floor":11,"damage_taken":0}],"is_beta":false,"boss_relics":[],"items_purged_floors":[],"is_endless":false,"potions_floor_spawned":[2,4,6,14],"killed_by":"Hexaghost","ascension_level":2}