{"gold_per_floor":[111,10,29,29,40,73,86,86,112,112,112,112,132,142,142,142],"floor_reached":16,"playtime":671,"items_purged":["Strike_B"],"score":168,"play_id":"b2a72b1b-7e6f-4997-8635-abd5b72b5de3","local_time":"20190404222744","is_ascension_mode":true,"campfire_choices":[{"floor":12,"key":"REST"},{"floor":15,"key":"REST"}],"neow_cost":"PERCENT_DAMAGE","seed_source_timestamp":186358035668400,"circlet_count":0,"master_deck":["AscendersBane","Defend_B","Defend_B","Defend_B","Zap","Dualcast","Gash","Streamline","Streamline","Reinforced Body","Chill","Parasite","Turbo","Go for the Eyes","Beam Cell","Rebound"],"relics":["Cracked Core","Dream Catcher","Lantern"],"potions_floor_usage":[13,16,16],"damage_taken":[{"damage":0,"enemies":"Cultist","floor":1,"turns":3},{"damage":0,"enemies":"2 Louse","floor":3,"turns":2},{"damage":3,"enemies":"Jaw Worm","floor":5,"turns":4},{"damage":37,"enemies":"Gremlin Nob","floor":6,"turns":4},{"damage":5,"enemies":"3 Louse","floor":7,"turns":5},{"damage":6,"enemies":"Gremlin Gang","floor":13,"turns":6},{"damage":16,"enemies":"Exordium Wildlife","floor":14,"turns":5},{"damage":49,"enemies":"Hexaghost","floor":16,"turns":11}],"seed_played":"-8060709641348461033","potions_obtained":[{"floor":6,"key":"Dexterity Potion"},{"floor":7,"key":"FairyPotion"},{"floor":13,"key":"GamblersBrew"},{"floor":14,"key":"Dexterity Potion"}],"is_trial":false,"path_per_floor":["M","$","M","?","M","E","M","?","T","$","?","R","M","M","R","B"],"character_chosen":"DEFECT","items_purchased":["Streamline"],"campfire_rested":2,"item_purchase_floors":[2],"current_hp_per_floor":[50,50,50,50,47,10,5,23,23,23,23,45,39,23,45,0],"gold":142,"neow_bonus":"REMOVE_TWO","is_prod":false,"is_daily":false,"chose_seed":false,"campfire_upgraded":0,"win_rate":0,"timestamp":1554431264,"path_taken":["M","$","M","?","M","E","M","?","T","?","?","R","M","M","R","BOSS"],"build_version":"2019-01-23","purchased_purges":1,"victory":false,"max_hp_per_floor":[75,75,75,75,75,75,75,75,75,75,75,75,75,75,75,75],"card_choices":[{"not_picked":["Sweeping Beam","Consume"],"picked":"Gash","floor":1},{"not_picked":["Compile Driver","Turbo","Barrage"],"picked":"SKIP","floor":3},{"not_picked":["Steam Power","Static Discharge"],"picked":"Streamline","floor":5},{"not_picked":["Beam Cell","Compile Driver"],"picked":"Reinforced Body","floor":6},{"not_picked":["Turbo","Coolheaded"],"picked":"Chill","floor":7},{"not_picked":["Consume","Fission"],"picked":"Go for the Eyes","floor":12},{"not_picked":["Compile Driver","Stack"],"picked":"Beam Cell","floor":13},{"not_picked":["Chaos","Force Field","Conserve Battery"],"picked":"SKIP","floor":14},{"not_picked":["Beam Cell","Go for the Eyes"],"picked":"Rebound","floor":15}],"player_experience":2595937,"relics_obtained":[{"floor":6,"key":"Dream Catcher"},{"floor":9,"key":"Lantern"}],"event_choices":[{"cards_removed":["Strike_B"],"damage_healed":0,"gold_gain":0,"player_choice":"Forget","damage_taken":0,"max_hp_gain":0,"max_hp_loss":0,"event_name":"Living Wall","floor":4,"gold_loss":0},{"damage_healed":18,"gold_gain":0,"player_choice":"Healed and dodged fight","damage_taken":0,"max_hp_gain":0,"max_hp_loss":0,"event_name":"Mushrooms","floor":8,"gold_loss":0,"cards_obtained":["Parasite"]},{"damage_healed":0,"gold_gain":0,"cards_transformed":["Defend_B"],"player_choice":"Transformed","damage_taken":0,"max_hp_gain":0,"max_hp_loss":0,"event_name":"Transmorgrifier","floor":11,"gold_loss":0,"cards_obtained":["Turbo"]}],"is_beta":false,"boss_relics":[],"items_purged_floors":[2],"is_endless":false,"potions_floor_spawned":[6,7,13,14],"killed_by":"Hexaghost","ascension_level":13}