{"gold_per_floor":[109,109,119,119,119,119,131,145,171,188,188,113,175,221,233,345,357,383,107,107],"floor_reached":20,"playtime":4391,"items_purged":["Strike_R"],"score":189,"play_id":"e41fb871-26bd-4a2e-b9a9-55a086cd574a","local_time":"20180831212116","is_ascension_mode":true,"campfire_choices":[{"data":"Flex","floor":6,"key":"SMITH"},{"floor":15,"key":"REST"}],"neow_cost":"PERCENT_DAMAGE","seed_source_timestamp":73235181908599,"circlet_count":0,"master_deck":["Strike_R","Strike_R","Defend_R","Defend_R","Defend_R","Defend_R","Bash","Demon Form","Metallicize+1","Flex+1","Shrug It Off","Body Slam","Inflame","Demon Form"],"relics":["Burning Blood","Orichalcum","MawBank","Oddly Smooth Stone","Sozu","Ginger"],"potions_floor_usage":[14,16,16],"damage_taken":[{"damage":9,"enemies":"Jaw Worm","floor":1,"turns":4},{"damage":11,"enemies":"Cultist","floor":3,"turns":5},{"damage":4,"enemies":"2 Louse","floor":7,"turns":3},{"damage":12,"enemies":"Exordium Wildlife","floor":8,"turns":8},{"damage":12,"enemies":"2 Fungi Beasts","floor":10,"turns":6},{"damage":8,"enemies":"3 Sentries","floor":13,"turns":12},{"damage":32,"enemies":"Gremlin Nob","floor":14,"turns":6},{"damage":8,"enemies":"The Guardian","floor":16,"turns":12},{"damage":14,"enemies":"3 Byrds","floor":18,"turns":7},{"damage":74,"enemies":"Masked Bandits","floor":20,"turns":4}],"seed_played":"-1054137969535515144","potions_obtained":[{"floor":7,"key":"PowerPotion"},{"floor":8,"key":"Weak Potion"},{"floor":13,"key":"Dexterity Potion"}],"is_trial":false,"path_per_floor":["M","?","M","?","?","R","M","M","T","M","?","$","?","E","R","B",null,"M","$"],"character_chosen":"IRONCLAD","items_purchased":["Ginger"],"campfire_rested":1,"item_purchase_floors":[19],"current_hp_per_floor":[53,53,48,41,41,41,43,37,37,31,57,57,55,29,53,51,80,72,72,0],"gold":107,"neow_bonus":"THREE_RARE_CARDS","is_prod":false,"is_daily":false,"chose_seed":false,"campfire_upgraded":1,"win_rate":0,"timestamp":1535764876,"path_taken":["M","?","M","?","?","R","M","M","T","M","?","?","?","E","R","BOSS","M","$","?"],"build_version":"2018-08-30","purchased_purges":1,"victory":false,"max_hp_per_floor":[80,80,80,80,80,80,80,80,80,80,80,80,80,80,80,80,80,80,80,80],"card_choices":[{"not_picked":["Double Tap","Berserk"],"picked":"Demon Form","floor":0},{"not_picked":["Headbutt","Pommel Strike"],"picked":"Metallicize","floor":1},{"not_picked":["Reaper","Burning Pact"],"picked":"Flex","floor":3},{"not_picked":["Pommel Strike","Wild Strike"],"picked":"Shrug It Off","floor":7},{"not_picked":["Carnage","Body Slam","Reckless Charge"],"picked":"SKIP","floor":8},{"not_picked":["Headbutt","Perfected Strike","Carnage"],"picked":"SKIP","floor":10},{"not_picked":["Wild Strike","Thunderclap"],"picked":"Body Slam","floor":13},{"not_picked":["Blood for Blood","Disarm"],"picked":"Inflame","floor":14},{"not_picked":["Berserk","Exhume"],"picked":"Demon Form","floor":16},{"not_picked":["Warcry+1","Iron Wave","Twin Strike"],"picked":"SKIP","floor":18}],"player_experience":698952,"relics_obtained":[{"floor":9,"key":"Orichalcum"},{"floor":13,"key":"MawBank"},{"floor":14,"key":"Oddly Smooth Stone"}],"event_choices":[{"event_name":"Bonfire Elementals","player_choice":"BASIC","floor":2,"damage_taken":0},{"event_name":"Golden Wing","player_choice":"Card Removal","floor":4,"damage_taken":0},{"event_name":"Living Wall","player_choice":"Grow","floor":5,"damage_taken":0},{"event_name":"Big Fish","player_choice":"Banana","floor":11,"damage_taken":0},{"event_name":"Dead Adventurer","player_choice":"Searched \u00272\u0027 times","floor":13,"damage_taken":0},{"event_name":"Masked Bandits","player_choice":"Fought Bandits","floor":20,"damage_taken":0}],"is_beta":false,"boss_relics":[{"not_picked":["Runic Dome","Black Star"],"picked":"Sozu"}],"items_purged_floors":[12],"is_endless":false,"potions_floor_spawned":[7,8,13],"killed_by":"Masked Bandits","ascension_level":2}