{"gold_per_floor":[110,35,45,45,69,69,87,87,156,42,56,90,90,106,106,199,199,222,242,30,51,51],"floor_reached":22,"playtime":1202,"items_purged":["Strike_G"],"score":344,"play_id":"8352d136-8857-4c98-8113-f3bbf68971af","local_time":"20190504144244","is_ascension_mode":true,"campfire_choices":[{"data":"Well Laid Plans","floor":6,"key":"SMITH"},{"data":"Neutralize","floor":8,"key":"SMITH"},{"floor":13,"key":"REST"},{"data":"Blur","floor":15,"key":"SMITH"}],"neow_cost":"NONE","seed_source_timestamp":1124410878389152,"circlet_count":0,"master_deck":["AscendersBane","Survivor","Neutralize+1","Grand Finale","Well Laid Plans+1","Blur+1","Sucker Punch","Caltrops+1","Backflip","Acrobatics","Tools of the Trade+1","Catalyst","Choke","Tools of the Trade+1","Underhanded Strike","Deflect","Concentrate","Caltrops+1","Noxious Fumes+1","Expertise","Backstab"],"relics":["Ring of the Snake","Golden Idol","Vajra","Frozen Egg 2","Kunai","Pandora\u0027s Box","TwistedFunnel"],"potions_floor_usage":[16,19,19],"damage_taken":[{"damage":1,"enemies":"2 Louse","floor":1,"turns":5},{"damage":2,"enemies":"Jaw Worm","floor":3,"turns":4},{"damage":0,"enemies":"Cultist","floor":7,"turns":4},{"damage":6,"enemies":"Exordium Thugs","floor":11,"turns":5},{"damage":17,"enemies":"Lagavulin","floor":12,"turns":14},{"damage":5,"enemies":"Large Slime","floor":14,"turns":7},{"damage":4,"enemies":"The Guardian","floor":16,"turns":11},{"damage":6,"enemies":"Shell Parasite","floor":18,"turns":2},{"damage":17,"enemies":"2 Thieves","floor":19,"turns":4},{"damage":30,"enemies":"Snecko","floor":21,"turns":5},{"damage":9,"enemies":"Snake Plant","floor":22,"turns":2}],"seed_played":"1866226160704076743","potions_obtained":[{"floor":1,"key":"Strength Potion"},{"floor":3,"key":"Dexterity Potion"},{"floor":11,"key":"Energy Potion"},{"floor":16,"key":"GhostInAJar"}],"is_trial":false,"path_per_floor":["M","?","M","?","T","R","M","R","T","$","M","E","R","M","R","B",null,"M","M","$","M","M"],"character_chosen":"THE_SILENT","items_purchased":["Caltrops+1","TwistedFunnel"],"campfire_rested":1,"item_purchase_floors":[10,20],"current_hp_per_floor":[58,58,56,33,33,33,33,33,33,33,27,10,29,24,24,20,55,49,32,32,2,0],"gold":51,"neow_bonus":"TRANSFORM_CARD","is_prod":false,"is_daily":false,"chose_seed":false,"campfire_upgraded":3,"win_rate":0,"timestamp":1556973764,"path_taken":["M","?","M","?","?","R","M","R","T","$","?","E","R","M","R","BOSS","M","M","$","M","M"],"build_version":"2019-04-23","purchased_purges":1,"victory":false,"max_hp_per_floor":[66,66,66,66,66,66,66,66,66,66,66,66,66,66,66,66,66,66,66,66,66,66],"card_choices":[{"not_picked":["Crippling Poison","Leg Sweep"],"picked":"Well Laid Plans","floor":1},{"not_picked":["Underhanded Strike","Sucker Punch"],"picked":"Blur","floor":3},{"not_picked":["Eviscerate","Dodge and Roll"],"picked":"Sucker Punch","floor":7},{"not_picked":["Dodge and Roll","Quick Slash"],"picked":"Backflip","floor":11},{"not_picked":["Deadly Poison","Tactician"],"picked":"Acrobatics","floor":12},{"not_picked":["Slice","Corpse Explosion","Blade Dance"],"picked":"SKIP","floor":14},{"not_picked":["Die Die Die","Wraith Form v2+1"],"picked":"Tools of the Trade+1","floor":16},{"not_picked":["Heel Hook","Backstab"],"picked":"Noxious Fumes+1","floor":18},{"not_picked":["Quick Slash","Skewer"],"picked":"Expertise","floor":19},{"not_picked":["Deflect+1","Prepared"],"picked":"Backstab","floor":21}],"player_experience":1491344,"relics_obtained":[{"floor":5,"key":"Vajra"},{"floor":9,"key":"Frozen Egg 2"},{"floor":12,"key":"Kunai"}],"event_choices":[{"cards_removed":["Strike_G"],"damage_healed":0,"gold_gain":0,"player_choice":"Card Removal","damage_taken":0,"max_hp_gain":0,"max_hp_loss":0,"event_name":"The Cleric","floor":2,"gold_loss":75},{"damage_healed":0,"gold_gain":0,"player_choice":"Take Damage","damage_taken":23,"relics_obtained":["Golden Idol"],"max_hp_gain":0,"max_hp_loss":0,"event_name":"Golden Idol","floor":4,"gold_loss":0}],"is_beta":true,"boss_relics":[{"not_picked":["Tiny House","Calling Bell"],"picked":"Pandora\u0027s Box"}],"items_purged_floors":[10],"is_endless":false,"potions_floor_spawned":[1,3,11,16,18],"killed_by":"Snake Plant","ascension_level":17}