{"gold_per_floor":[109,128,128,128,53,53,72,72,120,120,140,165,165,183,183,279,279,295,86,1,1,21,21,35,35,90,105,105,119,119,129,129,129],"floor_reached":33,"playtime":1156,"items_purged":["Regret"],"score":309,"play_id":"04eec1e7-f257-47a2-966d-733b6a928172","local_time":"20180930011111","is_ascension_mode":true,"campfire_choices":[{"data":"Rampage","floor":6,"key":"SMITH"},{"data":"Bash","floor":8,"key":"SMITH"},{"data":"Spot Weakness","floor":13,"key":"SMITH"},{"data":"Iron Wave","floor":15,"key":"SMITH"},{"data":"Body Slam","floor":23,"key":"SMITH"},{"data":"Barricade","floor":28,"key":"SMITH"},{"floor":30,"key":"REST"},{"data":"Heavy Blade","floor":32,"key":"SMITH"}],"neow_cost":"","seed_source_timestamp":228964536701206,"circlet_count":0,"master_deck":["Strike_R","Strike_R","Strike_R","Strike_R","Strike_R","Defend_R","Defend_R","Defend_R","Defend_R","Bash+1","Spot Weakness+1","Rampage+1","Shrug It Off","Iron Wave+1","Shrug It Off","Barricade+1","Panache","Body Slam+1","Heavy Blade+1","Burning Pact","Infernal Blade"],"relics":["Burning Blood","Ginger","Pen Nib","Happy Flower","Thread and Needle","White Beast Statue","Bag of Preparation","Lantern","Tiny Chest"],"potions_floor_usage":[11,11,12,16,24,27,27,29],"damage_taken":[{"damage":10,"enemies":"Cultist","floor":1,"turns":5},{"damage":0,"enemies":"Small Slimes","floor":2,"turns":3},{"damage":4,"enemies":"Jaw Worm","floor":7,"turns":5},{"damage":14,"enemies":"Exordium Wildlife","floor":11,"turns":4},{"damage":17,"enemies":"Gremlin Nob","floor":12,"turns":4},{"damage":1,"enemies":"2 Fungi Beasts","floor":14,"turns":3},{"damage":27,"enemies":"Slime Boss","floor":16,"turns":10},{"damage":26,"enemies":"Spheric Guardian","floor":18,"turns":6},{"damage":0,"enemies":"Chosen","floor":22,"turns":4},{"damage":0,"enemies":"Snake Plant","floor":24,"turns":2},{"damage":4,"enemies":"Chosen and Byrds","floor":27,"turns":6},{"damage":46,"enemies":"3 Cultists","floor":29,"turns":6},{"damage":9,"enemies":"Sentry and Sphere","floor":31,"turns":6},{"damage":59,"enemies":"Collector","floor":33,"turns":3}],"seed_played":"5109251646632235846","potions_obtained":[{"floor":10,"key":"PowerPotion"},{"floor":10,"key":"Swift Potion"},{"floor":10,"key":"Regen Potion"},{"floor":11,"key":"Block Potion"},{"floor":16,"key":"Strength Potion"},{"floor":18,"key":"BloodPotion"},{"floor":22,"key":"SneckoOil"},{"floor":24,"key":"FearPotion"},{"floor":27,"key":"Explosive Potion"},{"floor":29,"key":"Energy Potion"},{"floor":31,"key":"Fire Potion"}],"is_trial":false,"path_per_floor":["M","M","?","?","$","R","M","R","T","?","M","E","R","M","R","B",null,"M","$","?","?","M","R","M","?","T","M","R","M","R","M","R"],"character_chosen":"IRONCLAD","items_purchased":["Panache"],"campfire_rested":1,"item_purchase_floors":[19],"current_hp_per_floor":[76,80,73,73,73,73,75,75,75,75,67,56,56,61,61,55,74,54,54,54,54,60,60,66,66,66,76,76,36,60,57,57,0],"gold":129,"neow_bonus":"","is_prod":false,"is_daily":false,"chose_seed":false,"campfire_upgraded":7,"win_rate":0,"timestamp":1538284271,"path_taken":["M","M","?","?","?","R","M","R","T","?","M","E","R","M","R","BOSS","M","$","?","?","M","R","M","?","T","?","R","?","R","M","R","BOSS"],"build_version":"2018-09-27","purchased_purges":1,"victory":false,"max_hp_per_floor":[80,80,80,80,80,80,80,80,80,80,80,80,80,80,80,80,80,80,80,80,80,80,80,80,80,80,80,80,80,80,80,80,80],"card_choices":[{"not_picked":["Armaments","Flex"],"picked":"Spot Weakness","floor":1},{"not_picked":["Body Slam","Searing Blow"],"picked":"Rampage","floor":2},{"not_picked":["Clash","Warcry","Headbutt"],"picked":"SKIP","floor":7},{"not_picked":["Sword Boomerang","Searing Blow"],"picked":"Shrug It Off","floor":11},{"not_picked":["Dark Embrace","Searing Blow"],"picked":"Iron Wave","floor":12},{"not_picked":["Fire Breathing","Clash"],"picked":"Shrug It Off","floor":14},{"not_picked":["Dark Embrace","Reaper"],"picked":"Barricade","floor":16},{"not_picked":["Clash","Sword Boomerang","Havoc+1"],"picked":"SKIP","floor":18},{"not_picked":["Dropkick","Cleave"],"picked":"Body Slam","floor":22},{"not_picked":["Anger","Wild Strike","Rupture"],"picked":"SKIP","floor":24},{"not_picked":["Anger","Twin Strike","Barricade"],"picked":"SKIP","floor":27},{"not_picked":["Iron Wave","Sword Boomerang+1"],"picked":"Burning Pact","floor":29},{"not_picked":["Pommel Strike","Iron Wave"],"picked":"Infernal Blade","floor":31}],"player_experience":1092154,"relics_obtained":[{"floor":9,"key":"Happy Flower"},{"floor":12,"key":"Thread and Needle"},{"floor":26,"key":"Tiny Chest"}],"event_choices":[{"event_name":"Scrap Ooze","player_choice":"success","floor":3,"damage_taken":7},{"event_name":"Big Fish","player_choice":"Box","floor":4,"damage_taken":0},{"event_name":"The Lab","player_choice":"Got Potions","floor":10,"damage_taken":0},{"event_name":"Addict","player_choice":"Obtained Relic","floor":20,"damage_taken":0},{"event_name":"The Mausoleum","player_choice":"Yes","floor":21,"damage_taken":0},{"event_name":"The Library","player_choice":"Read","floor":25,"damage_taken":0}],"is_beta":false,"boss_relics":[{"not_picked":["Mark of Pain","Velvet Choker"],"picked":"White Beast Statue"}],"items_purged_floors":[5],"is_endless":false,"potions_floor_spawned":[11,16,18,22,24,27,29,31],"killed_by":"Collector","ascension_level":5}