{"gold_per_floor":[211,226,8,158,174,174,204,204,277,341,341,393,425,439,439,510,510,510,510,7,0,0,0,0,0,0,0,0,0,0,0,0,0,0,0,0,0,0,0,0,0,0,0,0,0,0,0,0,0,0,0,0,0,0,0],"floor_reached":55,"playtime":4533,"items_purged":["Doubt"],"score":1362,"play_id":"f1add594-cd8f-442e-a9f1-fc3f3b3afbb9","local_time":"20190504194632","is_ascension_mode":true,"campfire_choices":[{"data":"Conserve Battery","floor":6,"key":"SMITH"},{"floor":8,"key":"REST"},{"data":"Defragment","floor":11,"key":"SMITH"},{"data":"Coolheaded","floor":15,"key":"SMITH"},{"data":"Defragment","floor":23,"key":"SMITH"},{"data":"Coolheaded","floor":25,"key":"SMITH"},{"data":"Conserve Battery","floor":32,"key":"SMITH"},{"data":"Capacitor","floor":40,"key":"SMITH"},{"data":"Echo Form","floor":42,"key":"SMITH"},{"data":"Leap","floor":47,"key":"SMITH"},{"floor":49,"key":"RECALL"},{"floor":52,"key":"REST"}],"neow_cost":"NONE","seed_source_timestamp":1139301749797328,"circlet_count":0,"master_deck":["AscendersBane","Strike_B+1","Strike_B+1","Strike_B+1","Defend_B+1","Defend_B+1","Defend_B+1","Defend_B+1","Zap+1","Dualcast+1","Defragment+1","Defragment+1","Coolheaded+1","Conserve Battery+1","Ball Lightning","Coolheaded+1","Echo Form+1","Cold Snap+1","Seek","Leap+1","Barrage+1","Conserve Battery+1","Tempest+1","Sweeping Beam","Compile Driver","Capacitor+1","Echo Form"],"relics":["FrozenCore","DataDisk","War Paint","Symbiotic Virus","Emotion Chip","Smiling Mask","Meat on the Bone","Ectoplasm","Membership Card","Thread and Needle","Orichalcum","Whetstone","The Courier","MawBank","Red Mask","StoneCalendar","Happy Flower"],"potions_floor_usage":[7,13,24,30,30,55],"damage_taken":[{"damage":7,"enemies":"Jaw Worm","floor":1,"turns":2},{"damage":12,"enemies":"Small Slimes","floor":2,"turns":4},{"damage":3,"enemies":"2 Louse","floor":5,"turns":5},{"damage":10,"enemies":"Lagavulin","floor":7,"turns":7},{"damage":14,"enemies":"Lagavulin Event","floor":10,"turns":4},{"damage":0,"enemies":"3 Sentries","floor":13,"turns":5},{"damage":9,"enemies":"Lots of Slimes","floor":14,"turns":3},{"damage":0,"enemies":"Hexaghost","floor":16,"turns":8},{"damage":0,"enemies":"Spheric Guardian","floor":18,"turns":4},{"damage":9,"enemies":"2 Thieves","floor":21,"turns":4},{"damage":16,"enemies":"Snake Plant","floor":22,"turns":4},{"damage":21,"enemies":"Gremlin Leader","floor":24,"turns":6},{"damage":0,"enemies":"3 Cultists","floor":28,"turns":5},{"damage":18,"enemies":"Slavers","floor":30,"turns":4},{"damage":6,"enemies":"Snecko","floor":31,"turns":3},{"damage":3,"enemies":"Automaton","floor":33,"turns":9},{"damage":0,"enemies":"3 Shapes","floor":35,"turns":5},{"damage":6,"enemies":"3 Darklings","floor":37,"turns":6},{"damage":5,"enemies":"Sphere and 2 Shapes","floor":38,"turns":6},{"damage":7,"enemies":"Writhing Mass","floor":41,"turns":6},{"damage":0,"enemies":"Mind Bloom Boss Battle","floor":46,"turns":5},{"damage":13,"enemies":"Donu and Deca","floor":50,"turns":10},{"damage":27,"enemies":"Shield and Spear","floor":54,"turns":8},{"damage":45,"enemies":"The Heart","floor":55,"turns":3}],"seed_played":"-5601768447297526938","potions_obtained":[{"floor":2,"key":"Explosive Potion"},{"floor":5,"key":"Poison Potion"},{"floor":16,"key":"AttackPotion"},{"floor":18,"key":"Ancient Potion"},{"floor":24,"key":"Explosive Potion"},{"floor":30,"key":"Explosive Potion"},{"floor":38,"key":"Explosive Potion"},{"floor":54,"key":"PowerPotion"}],"is_trial":false,"path_per_floor":["M","M","$","?","M","R","E","R","T","?","R","T","E","M","R","B",null,"M","?","$","M","M","R","E","R","T","?","M","?","E","M","R","B",null,"M","?","M","M","$","R","M","R","T","?","$","?","R","$","R","B",null,"R","$","E","B"],"character_chosen":"DEFECT","items_purchased":["DataDisk","Coolheaded","Membership Card","Thread and Needle","Orichalcum"],"campfire_rested":2,"item_purchase_floors":[3,3,20,20,20],"current_hp_per_floor":[57,45,45,45,42,42,32,53,53,39,39,39,39,42,42,42,64,64,44,44,47,43,43,34,34,34,34,46,46,40,46,46,43,68,68,68,62,57,57,57,50,50,50,50,50,50,50,50,50,37,63,72,72,45,0],"gold":0,"neow_bonus":"HUNDRED_GOLD","is_prod":false,"is_daily":false,"chose_seed":false,"campfire_upgraded":9,"win_rate":0,"timestamp":1556991992,"path_taken":["M","M","$","?","M","R","E","R","T","?","R","?","E","M","R","BOSS","M","?","$","M","M","R","E","R","T","?","?","?","E","M","R","BOSS","M","?","M","M","$","R","M","R","T","?","$","?","R","$","R","BOSS","R","$","E","BOSS"],"build_version":"2019-04-23","purchased_purges":1,"victory":false,"max_hp_per_floor":[71,71,71,71,71,71,71,71,71,71,71,71,71,71,71,71,71,71,76,76,76,76,76,76,76,76,76,76,76,76,76,76,76,76,76,72,72,72,72,72,72,72,72,72,72,72,72,72,72,72,72,72,72,72,72],"card_choices":[{"not_picked":["Conserve Battery","Sweeping Beam"],"picked":"Defragment","floor":1},{"not_picked":["Hologram","Redo"],"picked":"Defragment","floor":2},{"not_picked":["Gash","Cold Snap"],"picked":"Conserve Battery","floor":5},{"not_picked":["Coolheaded","Hello World"],"picked":"Ball Lightning","floor":7},{"not_picked":["Steam","Sunder"],"picked":"Coolheaded","floor":10},{"not_picked":["Barrage","Meteor Strike"],"picked":"Echo Form","floor":13},{"not_picked":["Fusion","Barrage"],"picked":"Cold Snap","floor":14},{"not_picked":["All For One","Fission"],"picked":"Seek","floor":16},{"not_picked":["Hologram","Rebound"],"picked":"Leap","floor":18},{"not_picked":["Stack","Auto Shields","Hello World"],"picked":"SKIP","floor":21},{"not_picked":["Tempest","Scrape"],"picked":"Barrage+1","floor":22},{"not_picked":["Sunder","Heatsinks","Stack"],"picked":"SKIP","floor":24},{"not_picked":["Leap","Ball Lightning"],"picked":"Conserve Battery","floor":28},{"not_picked":["Blizzard","Hologram"],"picked":"Tempest+1","floor":30},{"not_picked":["Lockon","Streamline"],"picked":"Sweeping Beam","floor":31},{"not_picked":["Redo","Aggregate+1"],"picked":"Compile Driver","floor":35},{"not_picked":["Compile Driver","Rebound","Steam"],"picked":"SKIP","floor":37},{"not_picked":["Auto Shields","Leap"],"picked":"Capacitor","floor":38},{"not_picked":["Beam Cell","Leap+1","Conserve Battery"],"picked":"SKIP","floor":41},{"not_picked":["Turbo","Compile Driver"],"picked":"Echo Form","floor":54}],"player_experience":1495920,"relics_obtained":[{"floor":7,"key":"War Paint"},{"floor":9,"key":"Symbiotic Virus"},{"floor":12,"key":"Smiling Mask"},{"floor":13,"key":"Meat on the Bone"},{"floor":24,"key":"Whetstone"},{"floor":26,"key":"The Courier"},{"floor":30,"key":"MawBank"},{"floor":46,"key":"StoneCalendar"},{"floor":54,"key":"Happy Flower"}],"event_choices":[{"damage_healed":0,"gold_gain":150,"player_choice":"AGREE","damage_taken":0,"max_hp_gain":0,"max_hp_loss":0,"event_name":"Liars Game","floor":4,"gold_loss":0,"cards_obtained":["Doubt"]},{"damage_healed":0,"gold_gain":0,"player_choice":"Searched \u00272\u0027 times","damage_taken":0,"relics_obtained":["Emotion Chip"],"max_hp_gain":0,"max_hp_loss":0,"event_name":"Dead Adventurer","floor":10,"gold_loss":0},{"damage_healed":0,"gold_gain":0,"player_choice":"Shed Blood","damage_taken":25,"max_hp_gain":5,"max_hp_loss":0,"event_name":"Forgotten Altar","floor":19,"gold_loss":0},{"cards_removed":["Strike_B"],"damage_healed":0,"gold_gain":0,"player_choice":"Offered Basic","damage_taken":0,"max_hp_gain":0,"max_hp_loss":0,"event_name":"Bonfire Elementals","floor":27,"gold_loss":0},{"damage_healed":0,"gold_gain":0,"player_choice":"Simplicity","damage_taken":0,"max_hp_gain":0,"max_hp_loss":0,"event_name":"Back to Basics","floor":29,"gold_loss":0,"cards_upgraded":["Strike_B","Strike_B","Defend_B","Defend_B","Defend_B","Defend_B"]},{"damage_healed":0,"gold_gain":0,"player_choice":"Max HP","damage_taken":0,"max_hp_gain":0,"max_hp_loss":4,"event_name":"Winding Halls","floor":36,"gold_loss":0},{"damage_healed":0,"gold_gain":0,"player_choice":"Paid","damage_taken":0,"relics_obtained":["Red Mask"],"max_hp_gain":0,"max_hp_loss":0,"event_name":"Tomb of Lord Red Mask","floor":44,"gold_loss":0},{"damage_healed":0,"gold_gain":0,"player_choice":"Fight","damage_taken":0,"max_hp_gain":0,"max_hp_loss":0,"event_name":"MindBloom","floor":46,"gold_loss":0}],"is_beta":true,"boss_relics":[{"not_picked":["Lizard Tail","Eternal Feather"],"picked":"Ectoplasm"},{"not_picked":["Orrery","Calling Bell"],"picked":"FrozenCore"}],"items_purged_floors":[20],"is_endless":false,"potions_floor_spawned":[2,5,16,18,21,22,24,30,38,46,54],"killed_by":"The Heart","ascension_level":17}