{"gold_per_floor":[110,125,142,162,162,195,195,228,280,455,470,470,489,514,514,643,643,658,658,783,708,733,733,768,867,867,867,867,888,926,950,950,1073,1073,1093,702,727,727,742,780,795,795,795,795,920,920,920,934,934,934],"floor_reached":51,"playtime":3544,"items_purged":["Strike_R"],"score":732,"play_id":"7cfbbcda-804c-462b-bf08-6fa1c8bf4e8f","local_time":"20190520212040","is_ascension_mode":false,"campfire_choices":[{"floor":7,"key":"REST"},{"data":"Inflame","floor":12,"key":"SMITH"},{"floor":15,"key":"REST"},{"data":"Doubt","floor":23,"key":"PURGE"},{"data":"Strike_R","floor":27,"key":"PURGE"},{"floor":32,"key":"REST"},{"data":"Defend_R","floor":42,"key":"PURGE"},{"data":"Strike_R","floor":44,"key":"PURGE"},{"data":"Strike_R","floor":46,"key":"PURGE"},{"floor":49,"key":"REST"}],"neow_cost":"TEN_PERCENT_HP_LOSS","seed_source_timestamp":352315981323753,"circlet_count":0,"master_deck":["Defend_R","Defend_R","Defend_R","Bash","Immolate","Inflame+1","Ghostly Armor","Headbutt","Thunderclap","Cleave","Shrug It Off","Immolate","Thunderclap","Limit Break","Shockwave","J.A.X.","Limit Break","Exhume","Pummel","Inflame","Shrug It Off","Secret Technique","Sword Boomerang+1","Violence","Shrug It Off+1"],"relics":["Black Blood","Golden Idol","Nunchaku","Paper Frog","PreservedInsect","Sozu","Peace Pipe","Ornamental Fan","Red Mask","Omamori","Bag of Preparation","Smiling Mask","Dodecahedron","Charon\u0027s Ashes"],"potions_floor_usage":[3,13,16,33,33,50],"damage_taken":[{"damage":1,"enemies":"Cultist","floor":1,"turns":3},{"damage":6,"enemies":"Jaw Worm","floor":2,"turns":3},{"damage":2,"enemies":"Small Slimes","floor":3,"turns":2},{"damage":8,"enemies":"Exordium Thugs","floor":4,"turns":3},{"damage":21,"enemies":"3 Sentries","floor":6,"turns":6},{"damage":20,"enemies":"Gremlin Nob","floor":8,"turns":4},{"damage":2,"enemies":"Blue Slaver","floor":11,"turns":2},{"damage":5,"enemies":"Looter","floor":13,"turns":3},{"damage":0,"enemies":"3 Louse","floor":14,"turns":1},{"damage":65,"enemies":"The Guardian","floor":16,"turns":9},{"damage":10,"enemies":"Spheric Guardian","floor":18,"turns":3},{"damage":22,"enemies":"Colosseum Slavers","floor":20,"turns":3},{"damage":15,"enemies":"Colosseum Nobs","floor":20,"turns":3},{"damage":2,"enemies":"Shell Parasite","floor":22,"turns":4},{"damage":0,"enemies":"Masked Bandits","floor":24,"turns":1},{"damage":0,"enemies":"Chosen and Byrds","floor":29,"turns":4},{"damage":0,"enemies":"Gremlin Leader","floor":30,"turns":3},{"damage":21,"enemies":"Snake Plant","floor":31,"turns":3},{"damage":34,"enemies":"Champ","floor":33,"turns":7},{"damage":0,"enemies":"3 Darklings","floor":35,"turns":2},{"damage":0,"enemies":"3 Shapes","floor":37,"turns":1},{"damage":27,"enemies":"Spire Growth","floor":39,"turns":4},{"damage":15,"enemies":"Giant Head","floor":40,"turns":5},{"damage":6,"enemies":"4 Shapes","floor":41,"turns":2},{"damage":5,"enemies":"Mind Bloom Boss Battle","floor":45,"turns":6},{"damage":23,"enemies":"Writhing Mass","floor":48,"turns":6},{"damage":50,"enemies":"Awakened One","floor":50,"turns":7}],"seed_played":"3607853253027162514","potions_obtained":[{"floor":1,"key":"AttackPotion"},{"floor":2,"key":"AttackPotion"},{"floor":3,"key":"FearPotion"},{"floor":11,"key":"FearPotion"},{"floor":14,"key":"PowerPotion"},{"floor":16,"key":"Strength Potion"}],"is_trial":false,"path_per_floor":["M","M","M","M","?","E","R","E","T","?","M","R","M","M","R","B",null,"M","?","?","?","M","R","?","?","T","R","?","M","E","M","R","B",null,"M","$","M","?","M","E","M","R","T","R","?","R","?","M","R","B",null],"character_chosen":"IRONCLAD","items_purchased":["Inflame","Shrug It Off","Secret Technique"],"campfire_rested":4,"item_purchase_floors":[36,36,36],"current_hp_per_floor":[72,72,72,70,52,37,58,44,44,44,48,48,49,55,72,13,72,68,68,43,43,47,47,53,53,53,53,53,59,65,50,71,43,72,72,72,72,72,55,50,54,54,54,54,59,59,59,46,67,27],"gold":934,"neow_bonus":"THREE_RARE_CARDS","is_prod":false,"is_daily":false,"chose_seed":false,"campfire_upgraded":1,"win_rate":0,"timestamp":1558401640,"path_taken":["M","M","M","?","?","E","R","E","T","?","M","R","?","M","R","BOSS","M","?","?","?","?","R","?","?","T","R","?","M","E","M","R","BOSS","M","$","M","?","M","E","M","R","T","R","?","R","?","M","R","BOSS"],"build_version":"2019-01-23","purchased_purges":1,"victory":true,"max_hp_per_floor":[72,72,72,72,72,72,72,72,72,72,72,72,72,72,72,72,72,72,72,72,72,72,72,72,72,72,72,72,72,72,72,72,72,72,72,72,72,72,72,72,72,72,72,72,72,72,72,72,72,72],"card_choices":[{"not_picked":["Exhume","Impervious"],"picked":"Immolate","floor":0},{"not_picked":["Entrench","Pommel Strike"],"picked":"Inflame","floor":1},{"not_picked":["True Grit","Warcry"],"picked":"Headbutt","floor":2},{"not_picked":["Second Wind","Bludgeon"],"picked":"Ghostly Armor","floor":3},{"not_picked":["Seeing Red","Armaments"],"picked":"Headbutt","floor":4},{"not_picked":["Feel No Pain","Uppercut"],"picked":"Thunderclap","floor":6},{"not_picked":["Bloodletting","Searing Blow"],"picked":"Cleave","floor":8},{"not_picked":["Power Through","Body Slam"],"picked":"Shrug It Off","floor":11},{"not_picked":["Rage","Havoc"],"picked":"Immolate","floor":13},{"not_picked":["Hemokinesis","Clash"],"picked":"Thunderclap","floor":14},{"not_picked":["Bludgeon","Exhume"],"picked":"Limit Break","floor":16},{"not_picked":["Iron Wave","Havoc","Sever Soul"],"picked":"SKIP","floor":18},{"not_picked":["Rupture","Anger"],"picked":"Shockwave","floor":20},{"not_picked":["Disarm","Wild Strike","Havoc"],"picked":"SKIP","floor":22},{"not_picked":["Iron Wave+1","Sword Boomerang","Headbutt+1"],"picked":"SKIP","floor":29},{"not_picked":["Carnage","Perfected Strike","Hemokinesis+1"],"picked":"SKIP","floor":30},{"not_picked":["Perfected Strike+1","Rampage+1"],"picked":"Limit Break","floor":31},{"not_picked":["Bludgeon","Feed"],"picked":"Exhume","floor":33},{"not_picked":["Thunderclap+1","Spot Weakness"],"picked":"Pummel","floor":35},{"not_picked":["Armaments","Pommel Strike+1","Thunderclap+1"],"picked":"SKIP","floor":37},{"not_picked":["Pommel Strike+1","Headbutt+1","Combust+1"],"picked":"SKIP","floor":39},{"not_picked":["Intimidate+1","Power Through+1","Clash"],"picked":"SKIP","floor":40},{"not_picked":["Pommel Strike","Sword Boomerang","Flex+1"],"picked":"SKIP","floor":41},{"not_picked":["Rampage+1","Combust"],"picked":"Sword Boomerang+1","floor":45},{"not_picked":["Finesse","Chrysalis"],"picked":"Violence","floor":47},{"not_picked":["Wild Strike","Twin Strike"],"picked":"Shrug It Off+1","floor":48}],"player_experience":277199,"relics_obtained":[{"floor":6,"key":"Nunchaku"},{"floor":8,"key":"Paper Frog"},{"floor":9,"key":"PreservedInsect"},{"floor":20,"key":"Peace Pipe"},{"floor":20,"key":"Ornamental Fan"},{"floor":24,"key":"Red Mask"},{"floor":26,"key":"Omamori"},{"floor":30,"key":"Bag of Preparation"},{"floor":40,"key":"Smiling Mask"},{"floor":43,"key":"Dodecahedron"},{"floor":45,"key":"Charon\u0027s Ashes"}],"event_choices":[{"damage_healed":0,"gold_gain":0,"player_choice":"Take Damage","damage_taken":18,"relics_obtained":["Golden Idol"],"max_hp_gain":0,"max_hp_loss":0,"event_name":"Golden Idol","floor":5,"gold_loss":0},{"damage_healed":0,"gold_gain":175,"player_choice":"AGREE","damage_taken":0,"max_hp_gain":0,"max_hp_loss":0,"event_name":"Liars Game","floor":10,"gold_loss":0,"cards_obtained":["Doubt"]},{"damage_healed":0,"gold_gain":0,"player_choice":"Ignored","damage_taken":0,"max_hp_gain":0,"max_hp_loss":0,"event_name":"Vampires","floor":19,"gold_loss":0},{"damage_healed":0,"gold_gain":0,"player_choice":"Fight","damage_taken":0,"max_hp_gain":0,"max_hp_loss":0,"event_name":"Colosseum","floor":20,"gold_loss":0},{"damage_healed":0,"gold_gain":0,"player_choice":"Fought Nobs","damage_taken":0,"max_hp_gain":0,"max_hp_loss":0,"event_name":"Colosseum","floor":20,"gold_loss":0},{"cards_removed":["Strike_R"],"damage_healed":0,"gold_gain":0,"player_choice":"Gave Gold","damage_taken":0,"max_hp_gain":0,"max_hp_loss":0,"event_name":"Beggar","floor":21,"gold_loss":75},{"damage_healed":0,"gold_gain":0,"player_choice":"Fought Bandits","damage_taken":0,"max_hp_gain":0,"max_hp_loss":0,"event_name":"Masked Bandits","floor":24,"gold_loss":0},{"damage_healed":0,"gold_gain":99,"player_choice":"Stole From Cult","damage_taken":0,"max_hp_gain":0,"max_hp_loss":0,"event_name":"Nest","floor":25,"gold_loss":0},{"damage_healed":0,"gold_gain":0,"player_choice":"Obtain J.A.X.","damage_taken":0,"max_hp_gain":0,"max_hp_loss":0,"event_name":"Drug Dealer","floor":28,"gold_loss":0,"cards_obtained":["J.A.X."]},{"cards_removed":["Headbutt"],"damage_healed":0,"gold_gain":0,"player_choice":"Removed Attack","damage_taken":0,"max_hp_gain":0,"max_hp_loss":0,"event_name":"Falling","floor":38,"gold_loss":0},{"damage_healed":0,"gold_gain":0,"player_choice":"Fight","damage_taken":0,"max_hp_gain":0,"max_hp_loss":0,"event_name":"MindBloom","floor":45,"gold_loss":0},{"damage_healed":0,"gold_gain":0,"player_choice":"Memory 1","damage_taken":0,"max_hp_gain":0,"max_hp_loss":0,"event_name":"SensoryStone","floor":47,"gold_loss":0}],"is_beta":false,"boss_relics":[{"not_picked":["Mark of Pain","Runic Cube"],"picked":"Sozu"},{"not_picked":["Black Star","White Beast Statue"],"picked":"Black Blood"}],"items_purged_floors":[36],"is_endless":false,"potions_floor_spawned":[1,2,3,11,14,16,22,29,30,31,33,35,45,48],"ascension_level":0}