{"gold_per_floor":[18,18,293,309,329,329,355,47,47,47],"floor_reached":10,"playtime":269,"items_purged":["Regret"],"score":132,"play_id":"64fbfe58-77ed-4cea-8ea1-77c6358a2384","local_time":"20190519194114","is_ascension_mode":true,"campfire_choices":[{"data":"Cloak And Dagger","floor":6,"key":"SMITH"}],"neow_cost":"NO_GOLD","seed_source_timestamp":2439254592442408,"circlet_count":0,"master_deck":["AscendersBane","Defend_G","Defend_G","Defend_G","Defend_G","Defend_G","Strike_G","Strike_G","Strike_G","Survivor","Neutralize","Deadly Poison","Unload","Caltrops","Cloak And Dagger+1","Cloak And Dagger","Catalyst"],"relics":["Ring of the Snake","Bottled Tornado","Oddly Smooth Stone","The Courier"],"potions_floor_usage":[7],"damage_taken":[{"damage":0,"enemies":"Jaw Worm","floor":1,"turns":3},{"damage":3,"enemies":"2 Louse","floor":4,"turns":3},{"damage":5,"enemies":"Cultist","floor":5,"turns":4},{"damage":49,"enemies":"Lagavulin","floor":7,"turns":7},{"damage":8,"enemies":"Exordium Wildlife","floor":10,"turns":1}],"seed_played":"2602383732698367197","potions_obtained":[{"floor":1,"key":"Weak Potion"}],"is_trial":false,"path_per_floor":["M","?","?","M","M","R","E","$","T","M"],"character_chosen":"THE_SILENT","items_purchased":["Catalyst","Oddly Smooth Stone"],"campfire_rested":0,"item_purchase_floors":[8,8],"current_hp_per_floor":[59,64,64,61,56,56,7,7,7,0],"gold":47,"neow_bonus":"TRANSFORM_TWO_CARDS","is_prod":false,"is_daily":false,"chose_seed":false,"campfire_upgraded":1,"win_rate":0,"timestamp":1558287674,"path_taken":["M","?","?","M","?","R","E","$","T","M"],"build_version":"2019-05-07","purchased_purges":1,"victory":false,"max_hp_per_floor":[66,71,71,71,71,71,71,71,71,71],"card_choices":[{"not_picked":["Quick Slash","Cloak And Dagger"],"picked":"Caltrops","floor":1},{"not_picked":["Deadly Poison","Dagger Throw"],"picked":"Cloak And Dagger","floor":4},{"not_picked":["Poisoned Stab","Acrobatics","Flying Knee"],"picked":"SKIP","floor":5},{"not_picked":["Prepared","Underhanded Strike"],"picked":"Cloak And Dagger","floor":7}],"player_experience":2048140,"relics_obtained":[{"floor":7,"key":"Bottled Tornado"},{"floor":9,"key":"The Courier"}],"event_choices":[{"damage_healed":0,"gold_gain":0,"player_choice":"Donut","damage_taken":0,"max_hp_gain":5,"max_hp_loss":0,"event_name":"Big Fish","floor":2,"gold_loss":0},{"damage_healed":0,"gold_gain":275,"player_choice":"Desecrate","damage_taken":0,"max_hp_gain":0,"max_hp_loss":0,"event_name":"Golden Shrine","floor":3,"gold_loss":0,"cards_obtained":["Regret"]}],"is_beta":true,"boss_relics":[],"items_purged_floors":[8],"is_endless":false,"potions_floor_spawned":[1],"killed_by":"Exordium Wildlife","ascension_level":20}