{"gold_per_floor":[113,113,38,38,49,79,79,106,106,137,152,166,166],"floor_reached":13,"playtime":612,"items_purged":["Strike_G"],"score":256,"play_id":"407b6ad5-5d71-4eb5-bfdd-1def0a8c77fd","local_time":"20190518134720","is_ascension_mode":true,"campfire_choices":[{"data":"Neutralize","floor":7,"key":"SMITH"}],"neow_cost":"NONE","seed_source_timestamp":2331277356832631,"circlet_count":0,"master_deck":["AscendersBane","Defend_G","Defend_G","Defend_G","Defend_G","Defend_G","Strike_G","Strike_G","Strike_G","Strike_G","Survivor","Neutralize+1","Bouncing Flask+1","Escape Plan","Backflip","Deadly Poison","Caltrops"],"relics":["Ring of the Snake","NeowsBlessing","Incense Burner","Pocketwatch","Pantograph","PreservedInsect"],"potions_floor_usage":[10],"damage_taken":[{"damage":0,"enemies":"Small Slimes","floor":1,"turns":1},{"damage":0,"enemies":"Cultist","floor":5,"turns":1},{"damage":0,"enemies":"Gremlin Nob","floor":6,"turns":1},{"damage":8,"enemies":"Lagavulin","floor":8,"turns":6},{"damage":38,"enemies":"Gremlin Nob","floor":10,"turns":5},{"damage":0,"enemies":"Jaw Worm","floor":11,"turns":3},{"damage":3,"enemies":"Looter","floor":12,"turns":3},{"damage":11,"enemies":"Exordium Wildlife","floor":13,"turns":2}],"seed_played":"-4847144254867548211","potions_obtained":[{"floor":1,"key":"Explosive Potion"},{"floor":5,"key":"Ancient Potion"}],"is_trial":false,"path_per_floor":["M","?","$","$","M","E","R","E","T","E","M","M","M"],"character_chosen":"THE_SILENT","items_purchased":[],"campfire_rested":0,"item_purchase_floors":[],"current_hp_per_floor":[59,59,59,59,59,59,59,51,51,13,13,10,0],"gold":166,"neow_bonus":"THREE_ENEMY_KILL","is_prod":false,"is_daily":false,"chose_seed":false,"campfire_upgraded":1,"win_rate":0,"timestamp":1558180040,"path_taken":["M","?","?","$","M","E","R","E","T","E","M","M","M"],"build_version":"2019-05-07","purchased_purges":1,"victory":false,"max_hp_per_floor":[66,66,66,66,66,66,66,66,66,66,66,66,66],"card_choices":[{"not_picked":["Calculated Gamble","Poisoned Stab"],"picked":"Bouncing Flask","floor":1},{"not_picked":["Slice","Backstab"],"picked":"Escape Plan","floor":5},{"not_picked":["Endless Agony","Sucker Punch"],"picked":"Backflip","floor":6},{"not_picked":["Underhanded Strike","Grand Finale","All Out Attack"],"picked":"SKIP","floor":8},{"not_picked":["Prepared","Dagger Spray"],"picked":"Deadly Poison","floor":10},{"not_picked":["Blade Dance","Outmaneuver","Bane"],"picked":"SKIP","floor":11},{"not_picked":["Dodge and Roll","Setup"],"picked":"Caltrops","floor":12}],"player_experience":2027230,"relics_obtained":[{"floor":6,"key":"Incense Burner"},{"floor":8,"key":"Pocketwatch"},{"floor":9,"key":"Pantograph"},{"floor":10,"key":"PreservedInsect"}],"event_choices":[{"damage_healed":0,"gold_gain":0,"player_choice":"Upgraded","damage_taken":0,"max_hp_gain":0,"max_hp_loss":0,"event_name":"Upgrade Shrine","floor":2,"gold_loss":0,"cards_upgraded":["Bouncing Flask"]}],"is_beta":true,"boss_relics":[],"items_purged_floors":[3],"is_endless":false,"potions_floor_spawned":[1,5,8],"killed_by":"Exordium Wildlife","ascension_level":20}