{"gold_per_floor":[117,133,58,58,72,104,118,118,144,161,161,195,208,219,219,219],"floor_reached":16,"playtime":880,"items_purged":[],"score":217,"play_id":"490da442-fe9c-44a0-a59a-97ecca79ef3d","local_time":"20190507203123","is_ascension_mode":true,"campfire_choices":[{"floor":8,"key":"REST"},{"floor":11,"key":"REST"},{"floor":15,"key":"REST"}],"neow_cost":"NONE","seed_source_timestamp":1404852005729287,"circlet_count":0,"master_deck":["AscendersBane","Strike_B","Strike_B","Strike_B","Defend_B","Defend_B","Defend_B","Defend_B","Zap","Dualcast","Barrage","Gash","FTL","Ball Lightning","Ball Lightning","FTL","Steam","Gash","Double Energy","Beam Cell","Coolheaded","Gash"],"relics":["Cracked Core","Dream Catcher","Pen Nib","Smiling Mask","Boot"],"potions_floor_usage":[16],"damage_taken":[{"damage":2,"enemies":"Cultist","floor":1,"turns":4},{"damage":4,"enemies":"Small Slimes","floor":2,"turns":3},{"damage":2,"enemies":"Jaw Worm","floor":5,"turns":3},{"damage":40,"enemies":"Lagavulin","floor":6,"turns":8},{"damage":10,"enemies":"Lots of Slimes","floor":7,"turns":3},{"damage":8,"enemies":"3 Louse","floor":10,"turns":2},{"damage":8,"enemies":"Gremlin Nob","floor":12,"turns":3},{"damage":24,"enemies":"Gremlin Gang","floor":13,"turns":4},{"damage":12,"enemies":"Exordium Wildlife","floor":14,"turns":3},{"damage":27,"enemies":"The Guardian","floor":16,"turns":8}],"seed_played":"-8438541817023390424","potions_obtained":[{"floor":5,"key":"Ancient Potion"},{"floor":10,"key":"Fire Potion"},{"floor":14,"key":"Weak Potion"}],"is_trial":false,"path_per_floor":["M","M","?","?","M","E","M","R","T","M","R","E","M","M","R","B"],"character_chosen":"DEFECT","items_purchased":[],"campfire_rested":3,"item_purchase_floors":[],"current_hp_per_floor":[62,58,58,63,61,21,11,33,33,25,47,39,15,3,25,0],"gold":219,"neow_bonus":"RANDOM_COMMON_RELIC","is_prod":false,"is_daily":false,"chose_seed":false,"campfire_upgraded":0,"win_rate":0,"timestamp":1557253883,"path_taken":["M","M","?","?","M","E","M","R","T","M","R","E","M","M","R","BOSS"],"build_version":"2019-04-23","purchased_purges":0,"victory":false,"max_hp_per_floor":[71,71,71,76,76,76,76,76,76,76,76,76,76,76,76,76],"card_choices":[{"not_picked":["Aggregate","Rebound"],"picked":"Barrage","floor":1},{"not_picked":["Sweeping Beam","Leap"],"picked":"Gash","floor":2},{"not_picked":["Compile Driver","Cold Snap"],"picked":"FTL","floor":5},{"not_picked":["Thunder Strike","Barrage"],"picked":"Ball Lightning","floor":6},{"not_picked":["Consume","Undo"],"picked":"Ball Lightning","floor":7},{"not_picked":["Rebound","Reprogram"],"picked":"FTL","floor":8},{"not_picked":["Tempest","Barrage"],"picked":"Steam","floor":10},{"not_picked":["Force Field","Reprogram"],"picked":"Gash","floor":11},{"not_picked":["Streamline","Heatsinks"],"picked":"Double Energy","floor":12},{"not_picked":["Steam Power","Barrage"],"picked":"Beam Cell","floor":13},{"not_picked":["Ball Lightning","Scrape"],"picked":"Coolheaded","floor":14},{"not_picked":["Aggregate","Creative AI"],"picked":"Gash","floor":15}],"player_experience":1575450,"relics_obtained":[{"floor":6,"key":"Pen Nib"},{"floor":9,"key":"Smiling Mask"},{"floor":12,"key":"Boot"}],"event_choices":[{"cards_removed":["Strike_B"],"damage_healed":0,"gold_gain":0,"player_choice":"Card Removal","damage_taken":0,"max_hp_gain":0,"max_hp_loss":0,"event_name":"The Cleric","floor":3,"gold_loss":75},{"damage_healed":0,"gold_gain":0,"player_choice":"Donut","damage_taken":0,"max_hp_gain":5,"max_hp_loss":0,"event_name":"Big Fish","floor":4,"gold_loss":0}],"is_beta":true,"boss_relics":[],"items_purged_floors":[],"is_endless":false,"potions_floor_spawned":[5,10,12,14],"killed_by":"The Guardian","ascension_level":18}