{"path_per_floor":["M","M","M","?","M","E","R","$","T","M","?","M","R","E","R","B",null,"M","$","?","?","M","E","R","M","T","E","R","?","M","M","R","B",null,"M","?","$","M","M","R","E","R","T","R","M","?","$","E","R","B"],"character_chosen":"IRONCLAD","items_purchased":["Mind Blast","Clash","Ice Cream","Gremlin Horn","Shrug It Off"],"gold_per_floor":[11,26,40,115,132,163,163,38,62,80,155,167,167,194,194,293,293,306,17,17,17,33,68,68,83,108,133,133,133,145,157,157,254,254,270,270,28,48,65,65,97,97,122,122,142,142,92,147,147,147],"floor_reached":51,"campfire_rested":2,"playtime":2865,"current_hp_per_floor":[96,96,96,96,96,94,94,94,94,96,85,67,67,45,45,31,96,95,95,95,95,96,60,60,64,64,36,64,64,69,73,73,47,96,90,90,90,93,77,77,62,62,62,62,64,54,54,52,80,52],"items_purged":[],"gold":147,"play_id":"c2afd581-1833-4fe5-b6dd-5fcbef9cb959","is_prod":false,"is_daily":false,"is_ascension_mode":false,"campfire_upgraded":8,"path_taken":["M","M","M","?","M","E","R","$","T","M","?","M","R","E","R","BOSS","M","$","?","?","M","E","R","M","T","E","R","?","M","M","R","BOSS","M","?","$","M","?","R","E","R","T","R","M","?","$","E","R","BOSS"],"build_version":"2018-01-25-PROD3","purchased_purges":1,"victory":true,"master_deck":["Strike_R+1","Strike_R+1","Strike_R+1","Strike_R+1","Strike_R+1","Defend_R+1","Defend_R+1","Defend_R+1","Defend_R+1","Thunderclap","Clash","Infernal Blade+1","Flex","Demon Form","Mind Blast+1","Clash","Corruption+1","Infernal Blade","Brutality+1","Heavy Blade","Shockwave+1","Whirlwind+1","Spot Weakness+1","Flame Barrier","Feel No Pain+1","Brutality","Iron Wave+1","Armaments+1","Headbutt+1","Pommel Strike+1","Madness","Madness","Shrug It Off","Armaments+1","Shrug It Off+1"],"max_hp_per_floor":[96,96,96,96,96,96,96,96,96,96,96,96,96,96,96,96,96,96,96,96,96,96,96,96,96,96,96,96,96,96,96,96,96,96,96,96,96,96,96,96,96,96,96,96,96,96,96,96,96,96],"relics":["Black Blood","Dream Catcher","Ancient Tea Set","Pen Nib","Sozu","Ice Cream","Bag of Marbles","Bag of Preparation","Frozen Egg","Gremlin Horn","Oddly Smooth Stone","Orichalcum","Tiny Chest"],"card_choices":[{"not_picked":["Rage","Twin Strike"],"picked":"Thunderclap"},{"not_picked":["Carnage","Clothesline"],"picked":"Clash"},{"not_picked":["Spot Weakness","Body Slam"],"picked":"Infernal Blade"},{"not_picked":["Second Wind","Carnage"],"picked":"Flex"},{"not_picked":["Berserk","Thunderclap"],"picked":"Demon Form"},{"not_picked":["Wild Strike","Power Through"],"picked":"Corruption"},{"not_picked":["Power Through","Cleave"],"picked":"Infernal Blade"},{"not_picked":["Double Tap","Fiend Fire"],"picked":"Brutality"},{"not_picked":["Inflame","Twin Strike"],"picked":"Heavy Blade"},{"not_picked":["Havoc","Battle Trance"],"picked":"Whirlwind"},{"not_picked":["Seeing Red","Twin Strike"],"picked":"Spot Weakness"},{"not_picked":["Corruption","Sever Soul"],"picked":"Flame Barrier"},{"not_picked":["Juggernaut","Corruption"],"picked":"Feel No Pain"},{"not_picked":["Reaper","Immolate"],"picked":"Brutality"},{"not_picked":["Bloodletting","Heavy Blade"],"picked":"Iron Wave"},{"not_picked":["Sword Boomerang","Havoc"],"picked":"Armaments"},{"not_picked":["Cleave","Entrench"],"picked":"Headbutt"},{"not_picked":["Cleave","Feed"],"picked":"Pommel Strike"},{"not_picked":["Anger","Havoc"],"picked":"Armaments"},{"not_picked":["Fire Breathing","Metallicize"],"picked":"Shrug It Off"}],"player_experience":285843,"potions_floor_usage":[3,5],"damage_taken":[{"damage":6,"enemies":"Cultist","floor":1,"turns":3},{"damage":2,"enemies":"2 Louse","floor":2,"turns":3},{"damage":6,"enemies":"Jaw Worm","floor":3,"turns":3},{"damage":5,"enemies":"Large Slime","floor":5,"turns":4},{"damage":8,"enemies":"Gremlin Nob","floor":6,"turns":3},{"damage":3,"enemies":"Red Slaver","floor":10,"turns":2},{"damage":24,"enemies":"Exordium Thugs","floor":12,"turns":3},{"damage":28,"enemies":"3 Sentries","floor":14,"turns":7},{"damage":20,"enemies":"Slime Boss","floor":16,"turns":8},{"damage":7,"enemies":"Shell Parasite","floor":18,"turns":2},{"damage":0,"enemies":"Spheric Guardian","floor":22,"turns":1},{"damage":42,"enemies":"Slavers","floor":23,"turns":5},{"damage":2,"enemies":"Centurion and Healer","floor":25,"turns":3},{"damage":34,"enemies":"Gremlin Leader","floor":27,"turns":4},{"damage":1,"enemies":"Snecko","floor":30,"turns":2},{"damage":2,"enemies":"Chosen and Byrds","floor":31,"turns":3},{"damage":32,"enemies":"Champ","floor":33,"turns":7},{"damage":16,"enemies":"3 Shapes","floor":35,"turns":2},{"damage":7,"enemies":"Orb Walker","floor":38,"turns":3},{"damage":26,"enemies":"4 Shapes","floor":39,"turns":2},{"damage":25,"enemies":"Giant Head","floor":41,"turns":6},{"damage":8,"enemies":"Maw","floor":45,"turns":5},{"damage":12,"enemies":"Nemesis","floor":48,"turns":4},{"damage":38,"enemies":"Awakened One","floor":50,"turns":7}],"event_choices":[{"event_name":"Golden Wing","player_choice":"Gained Gold","floor":4,"damage_taken":0},{"event_name":"World of Goop","player_choice":"Gather Gold","floor":11,"damage_taken":0},{"event_name":"The Lab","player_choice":"Got Potions","floor":20,"damage_taken":0},{"event_name":"The Library","player_choice":"Read","floor":21,"damage_taken":0},{"event_name":"Back to Basics","player_choice":"Simplicity","floor":29,"damage_taken":0},{"event_name":"Winding Halls","player_choice":"Embrace Madness","floor":46,"damage_taken":0}],"boss_relics":[{"not_picked":["Orrery","Lizard Tail"],"picked":"Sozu"},{"not_picked":["Snecko Eye","Philosopher\u0027s Stone"],"picked":"Black Blood"}],"potions_floor_spawned":[1,3,5,10,16,23,27,30,35,38],"seed_played":"1507588820567072102","ascension_level":0,"is_trial":false}