{"gold_per_floor":[16,16,16,30,48,48,74,74,74,74,87,108,108,33,33,161,161,175,190,204,228,228,259,282,305,359,359,359,373,396,410,410,410],"floor_reached":33,"playtime":4255,"items_purged":["Strike_R"],"score":330,"play_id":"44fe4fd9-b574-4448-8b7f-c87611b8b152","local_time":"20180901165553","is_ascension_mode":true,"campfire_choices":[{"data":"Shockwave","floor":6,"key":"SMITH"},{"data":"Wild Strike","floor":8,"key":"SMITH"},{"floor":15,"key":"REST"},{"floor":28,"key":"REST"},{"floor":32,"key":"REST"}],"neow_cost":"NO_GOLD","seed_source_timestamp":143849084529531,"circlet_count":0,"master_deck":["Strike_R","Strike_R","Strike_R","Defend_R","Defend_R","Defend_R","Defend_R","Bash","Power Through","Shockwave+1","Wild Strike+1","Spot Weakness","Metallicize+1","Demon Form+1","Sword Boomerang+1","Heavy Blade","Shrug It Off+1","Warcry+1"],"relics":["Burning Blood","Champion Belt","CultistMask","Sundial","Frozen Egg 2","Golden Idol","Busted Crown","Dream Catcher","Shovel","Tiny Chest"],"potions_floor_usage":[16,16,27,27,33,33],"damage_taken":[{"damage":6,"enemies":"2 Louse","floor":1,"turns":4},{"damage":4,"enemies":"Cultist","floor":4,"turns":6},{"damage":7,"enemies":"Small Slimes","floor":5,"turns":5},{"damage":40,"enemies":"Lagavulin","floor":7,"turns":14},{"damage":8,"enemies":"Looter","floor":11,"turns":3},{"damage":6,"enemies":"Blue Slaver","floor":12,"turns":5},{"damage":29,"enemies":"The Guardian","floor":16,"turns":14},{"damage":11,"enemies":"3 Byrds","floor":18,"turns":8},{"damage":16,"enemies":"Chosen","floor":19,"turns":7},{"damage":0,"enemies":"Snecko","floor":20,"turns":4},{"damage":4,"enemies":"Chosen and Byrds","floor":21,"turns":4},{"damage":10,"enemies":"Book of Stabbing","floor":23,"turns":6},{"damage":24,"enemies":"3 Cultists","floor":24,"turns":6},{"damage":22,"enemies":"Centurion and Healer","floor":25,"turns":5},{"damage":21,"enemies":"Snake Plant","floor":27,"turns":5},{"damage":13,"enemies":"3 Cultists","floor":29,"turns":6},{"damage":6,"enemies":"Centurion and Healer","floor":30,"turns":5},{"damage":14,"enemies":"Snake Plant","floor":31,"turns":5},{"damage":56,"enemies":"Automaton","floor":33,"turns":10}],"seed_played":"-4461497974533479195","potions_obtained":[{"floor":1,"key":"LiquidBronze"},{"floor":4,"key":"SmokeBomb"},{"floor":12,"key":"Dexterity Potion"},{"floor":21,"key":"Swift Potion"},{"floor":23,"key":"Block Potion"},{"floor":29,"key":"Strength Potion"},{"floor":30,"key":"Energy Potion"}],"is_trial":false,"path_per_floor":["M","?","?","M","M","R","E","R","T","?","M","M","?","$","R","B",null,"M","M","M","M","?","E","M","M","T","M","R","M","M","M","R"],"character_chosen":"IRONCLAD","items_purchased":[],"campfire_rested":3,"item_purchase_floors":[],"current_hp_per_floor":[80,80,73,75,74,74,40,40,40,40,38,38,38,38,62,39,80,75,65,71,73,73,69,51,35,35,20,44,37,37,29,53,0],"gold":410,"neow_bonus":"ONE_RARE_RELIC","is_prod":false,"is_daily":false,"chose_seed":false,"campfire_upgraded":2,"win_rate":0,"timestamp":1535835353,"path_taken":["M","?","?","?","M","R","E","R","T","?","?","M","?","?","R","BOSS","M","M","M","M","?","E","M","M","T","M","R","?","M","M","R","BOSS"],"build_version":"2018-08-30","purchased_purges":1,"victory":false,"max_hp_per_floor":[80,80,80,80,80,80,80,80,80,80,80,80,80,80,80,80,80,80,80,80,80,80,80,80,80,80,80,80,80,80,80,80,80],"card_choices":[{"not_picked":["Twin Strike","Carnage"],"picked":"Power Through","floor":1},{"not_picked":["Flex","Headbutt"],"picked":"Shockwave","floor":4},{"not_picked":["Perfected Strike","Battle Trance","True Grit"],"picked":"SKIP","floor":5},{"not_picked":["Seeing Red","Anger"],"picked":"Wild Strike","floor":7},{"not_picked":["Carnage","Anger"],"picked":"Spot Weakness","floor":11},{"not_picked":["Intimidate","Flex"],"picked":"Metallicize+1","floor":12},{"not_picked":["Fiend Fire","Double Tap"],"picked":"Demon Form+1","floor":16},{"not_picked":["Headbutt"],"picked":"SKIP","floor":18},{"not_picked":[],"picked":"Sword Boomerang+1","floor":19},{"not_picked":["Body Slam"],"picked":"SKIP","floor":20},{"not_picked":["Clash"],"picked":"SKIP","floor":21},{"not_picked":["Clash"],"picked":"SKIP","floor":23},{"not_picked":[],"picked":"Heavy Blade","floor":24},{"not_picked":["Combust+1"],"picked":"SKIP","floor":25},{"not_picked":[],"picked":"Shrug It Off+1","floor":29},{"not_picked":["Feel No Pain+1"],"picked":"SKIP","floor":30},{"not_picked":[],"picked":"Warcry+1","floor":31}],"player_experience":709680,"relics_obtained":[{"floor":7,"key":"Sundial"},{"floor":9,"key":"Frozen Egg 2"},{"floor":23,"key":"Shovel"},{"floor":26,"key":"Tiny Chest"}],"event_choices":[{"event_name":"FaceTrader","player_choice":"Trade","floor":2,"damage_taken":0},{"event_name":"Golden Wing","player_choice":"Card Removal","floor":3,"damage_taken":0},{"event_name":"Golden Idol","player_choice":"Take Wound","floor":10,"damage_taken":0},{"event_name":"Purifier","player_choice":"One Purge","floor":13,"damage_taken":0},{"event_name":"The Mausoleum","player_choice":"Yes","floor":22,"damage_taken":0}],"is_beta":false,"boss_relics":[{"not_picked":["Coffee Dripper","Snecko Eye"],"picked":"Busted Crown"}],"items_purged_floors":[14],"is_endless":false,"potions_floor_spawned":[1,4,12,21,23,24,27,29,30],"killed_by":"Automaton","ascension_level":2}