{"path_per_floor":["M","M","M","M","?","R","E","R","T","?","?","M","R","$","R","B",null,"M","?","?","M","M","R","M","M","T","R","M","E","$","M","R","B",null,"M","?","?","M","M","R","M","R","T","M","$","M","M","M","R","B"],"character_chosen":"IRONCLAD","items_purchased":["Self Forming Clay","Singing Bowl","Flame Barrier","Burning Pact","Immolate","Lantern"],"gold_per_floor":[111,127,139,158,158,158,193,193,246,307,307,287,287,48,48,153,153,163,163,163,180,192,192,203,216,240,240,251,284,30,43,43,138,138,149,203,453,463,477,477,487,487,539,555,179,192,212,222,222,222],"floor_reached":51,"campfire_rested":3,"playtime":9068,"current_hp_per_floor":[38,40,45,46,46,70,48,48,48,48,48,34,58,58,58,63,80,68,68,56,53,49,49,56,56,56,56,49,56,56,55,55,58,58,60,36,42,51,61,61,30,30,30,51,51,58,68,21,42,43],"items_purged":["Regret"],"gold":222,"play_id":"b97079ce-0ef4-4e8d-ba44-0fb99b5bbe27","is_prod":false,"is_daily":false,"campfire_rituals":0,"campfire_upgraded":7,"is_hardmode":false,"path_taken":["M","M","M","M","?","R","E","R","T","?","?","?","R","$","R","BOSS","M","?","?","M","M","R","M","M","T","R","M","E","$","M","R","BOSS","M","?","?","M","M","R","M","R","T","M","$","M","M","M","R","BOSS"],"build_version":"2018-01-18-PROD4","purchased_purges":1,"victory":true,"master_deck":["Defend_R","Defend_R","Defend_R","Defend_R","Bash","Seeing Red","Wild Strike","Body Slam","Armaments","Barricade","Power Through","Double Tap","Shrug It Off","Bite_R","Bite_R","Bite_R","Bite_R","Bite_R","Iron Wave","Body Slam","Iron Wave","Dropkick","Immolate","Flame Barrier","Burning Pact","Shockwave","Regret","Sentinel","Warcry","Feel No Pain","Pommel Strike","Immolate","Juggernaut","Dark Embrace"],"max_hp_per_floor":[80,80,80,80,80,80,80,80,80,80,80,80,80,80,80,80,80,80,80,56,56,56,56,56,56,56,56,56,56,56,56,56,58,58,60,60,66,66,66,66,66,66,66,68,68,68,68,70,70,70],"relics":["Burning Blood","Sundial","Ancient Tea Set","Self Forming Clay","Mark of Pain","Nloth\u0027s Gift","Omamori","Whetstone","Singing Bowl","Calling Bell","Champion Belt","Kunai","Darkstone Periapt","Unceasing Top","Prayer Wheel","Lantern"],"campfire_meditates":0,"card_choices":[{"not_picked":["Clothesline","Headbutt"],"picked":"Seeing Red"},{"not_picked":["Body Slam","Twin Strike"],"picked":"Wild Strike"},{"not_picked":["Burning Pact","Warcry"],"picked":"Body Slam"},{"not_picked":["Twin Strike","Sword Boomerang"],"picked":"Armaments"},{"not_picked":["Searing Blow","Warcry"],"picked":"Barricade"},{"not_picked":["Blood for Blood","Disarm"],"picked":"Power Through"},{"not_picked":["Berserk","Demon Form"],"picked":"Double Tap"},{"not_picked":["Heavy Blade","Hemokinesis"],"picked":"Shrug It Off"},{"not_picked":["Shockwave","Infernal Blade"],"picked":"Iron Wave"},{"not_picked":["Dark Embrace","Headbutt"],"picked":"Body Slam"},{"not_picked":["Rampage","Disarm"],"picked":"Iron Wave"},{"not_picked":["Cleave","Havoc"],"picked":"Dropkick"},{"not_picked":["Shrug It Off","Anger"],"picked":"Immolate"},{"not_picked":["Iron Wave","Battle Trance"],"picked":"Shockwave"},{"not_picked":["Cleave","Sever Soul"],"picked":"Sentinel"},{"not_picked":["Seeing Red","Wild Strike"],"picked":"Warcry"},{"not_picked":["Body Slam","Bloodletting"],"picked":"Feel No Pain"},{"not_picked":["Battle Trance","Flex"],"picked":"Pommel Strike"},{"not_picked":["Rampage","Clash"],"picked":"Juggernaut"},{"not_picked":["Thunderclap","Warcry"],"picked":"Dark Embrace"}],"player_experience":87111,"potions_floor_usage":[7,16,16,33,36,36,38,41,50,50],"damage_taken":[{"damage":8,"enemies":"Small Slimes","floor":1,"turns":5},{"damage":4,"enemies":"Blue Slaver","floor":2,"turns":4},{"damage":1,"enemies":"Jaw Worm","floor":3,"turns":3},{"damage":5,"enemies":"Looter","floor":4,"turns":3},{"damage":28,"enemies":"Gremlin Nob","floor":7,"turns":4},{"damage":20,"enemies":"Exordium Thugs","floor":12,"turns":6},{"damage":1,"enemies":"The Guardian","floor":16,"turns":10},{"damage":18,"enemies":"Spheric Guardian","floor":18,"turns":8},{"damage":19,"enemies":"2 Thieves","floor":21,"turns":5},{"damage":27,"enemies":"Slaver and Parasite","floor":22,"turns":9},{"damage":23,"enemies":"Centurion and Healer","floor":24,"turns":8},{"damage":0,"enemies":"Chosen and Byrds","floor":25,"turns":9},{"damage":27,"enemies":"Snecko","floor":28,"turns":8},{"damage":11,"enemies":"Slavers","floor":29,"turns":6},{"damage":9,"enemies":"3 Cultists","floor":31,"turns":6},{"damage":11,"enemies":"Champ","floor":33,"turns":14},{"damage":7,"enemies":"3 Darklings","floor":35,"turns":6},{"damage":36,"enemies":"Mysterious Sphere","floor":36,"turns":8},{"damage":5,"enemies":"Orb Walker","floor":38,"turns":4},{"damage":17,"enemies":"3 Darklings","floor":39,"turns":12},{"damage":66,"enemies":"4 Shapes","floor":41,"turns":12},{"damage":7,"enemies":"Maw","floor":44,"turns":9},{"damage":14,"enemies":"Sphere and 2 Shapes","floor":46,"turns":8},{"damage":3,"enemies":"3 Darklings","floor":47,"turns":7},{"damage":63,"enemies":"Maw","floor":48,"turns":11},{"damage":41,"enemies":"Awakened One","floor":50,"turns":20}],"event_choices":[{"event_name":"The Woman in Blue","player_choice":"Bought 0 Potions","floor":5,"damage_taken":0},{"event_name":"Golden Wing","player_choice":"Gained Gold","floor":10,"damage_taken":0},{"event_name":"Purifier","player_choice":"One Purge","floor":11,"damage_taken":0},{"event_name":"N\u0027loth","player_choice":"Traded a Pen Nib","floor":19,"damage_taken":0},{"event_name":"Vampires","player_choice":"Became a vampire","floor":20,"damage_taken":0},{"event_name":"Mysterious Sphere","player_choice":"Fight","floor":36,"damage_taken":0},{"event_name":"Golden Shrine","player_choice":"Desecrate","floor":37,"damage_taken":0}],"boss_relics":[{"not_picked":["Cursed Key","Velvet Choker"],"picked":"Mark of Pain"},{"not_picked":["Sozu","Runic Cube"],"picked":"Calling Bell"}],"potions_floor_spawned":[2,3,4,22,24,25,31,36,39,46,47],"seed_played":"108179373614629712","is_trial":false}