{"gold_per_floor":[119,119,3,14,25,25,40,58,58,9,27,27,45,10,10,109,109,129,146,146,160,160,160,177,102,102,102,102,152,164,164],"floor_reached":31,"playtime":3710,"items_purged":["Strike_G"],"score":229,"play_id":"a84129fe-09c7-478a-9c1b-e3ab4a40f51d","local_time":"20181020213816","is_ascension_mode":false,"campfire_choices":[{"data":"Infinite Blades","floor":6,"key":"SMITH"},{"data":"Footwork","floor":12,"key":"SMITH"},{"data":"Neutralize","floor":15,"key":"SMITH"},{"floor":23,"key":"REST"},{"data":"After Image","floor":27,"key":"SMITH"}],"neow_cost":"NONE","seed_source_timestamp":222967942686613,"circlet_count":0,"master_deck":["Defend_G","Defend_G","Defend_G","Defend_G","Defend_G","Strike_G","Strike_G","Strike_G","Survivor","Neutralize+1","PiercingWail","Footwork+1","Backstab","Flying Knee","Infinite Blades+1","Backflip","Distraction","Deflect","Well Laid Plans","Crippling Poison","After Image+1","Cloak And Dagger","Deadly Poison","RitualDagger+1","Dagger Spray+1","Blade Dance+1"],"relics":["Ring of the Snake","Molten Egg 2","WristBlade","Happy Flower"],"potions_floor_usage":[16,16,21,21,24],"damage_taken":[{"damage":0,"enemies":"Jaw Worm","floor":1,"turns":5},{"damage":0,"enemies":"Small Slimes","floor":4,"turns":4},{"damage":0,"enemies":"2 Louse","floor":5,"turns":3},{"damage":4,"enemies":"Exordium Thugs","floor":7,"turns":9},{"damage":2,"enemies":"Red Slaver","floor":8,"turns":5},{"damage":3,"enemies":"Looter","floor":11,"turns":4},{"damage":12,"enemies":"Exordium Wildlife","floor":13,"turns":6},{"damage":44,"enemies":"Hexaghost","floor":16,"turns":12},{"damage":15,"enemies":"3 Byrds","floor":18,"turns":8},{"damage":5,"enemies":"Shell Parasite","floor":19,"turns":8},{"damage":7,"enemies":"Sentry and Sphere","floor":21,"turns":9},{"damage":27,"enemies":"Cultist and Chosen","floor":24,"turns":10},{"damage":16,"enemies":"Snecko","floor":30,"turns":6},{"damage":10,"enemies":"Chosen and Byrds","floor":31,"turns":6}],"seed_played":"-8159505637608596957","potions_obtained":[{"floor":4,"key":"AttackPotion"},{"floor":7,"key":"Strength Potion"},{"floor":18,"key":"EssenceOfSteel"},{"floor":19,"key":"SteroidPotion"},{"floor":21,"key":"SpeedPotion"}],"is_trial":false,"path_per_floor":["M","?","$","M","M","R","M","M","T","$","M","R","M","?","R","B",null,"M","M","?","M","?","R","M","$","T","R","?","?","M"],"character_chosen":"THE_SILENT","items_purchased":["Footwork","Backstab","Deflect"],"campfire_rested":1,"item_purchase_floors":[3,3,10],"current_hp_per_floor":[77,70,70,70,70,70,66,64,64,64,61,61,49,68,68,24,77,62,57,57,50,44,67,40,40,40,40,26,26,10,0],"gold":164,"neow_bonus":"TEN_PERCENT_HP_BONUS","is_prod":false,"is_daily":false,"chose_seed":false,"campfire_upgraded":4,"win_rate":0,"timestamp":1540064296,"path_taken":["M","?","$","M","M","R","M","M","T","?","M","R","?","?","R","BOSS","M","M","?","?","?","R","M","$","T","R","?","?","M","M"],"build_version":"2018-10-18","purchased_purges":1,"victory":false,"max_hp_per_floor":[77,77,77,77,77,77,77,77,77,77,77,77,77,77,77,77,77,77,77,77,77,77,77,77,77,77,77,82,82,82,82],"card_choices":[{"not_picked":["Sucker Punch","Bane"],"picked":"PiercingWail","floor":1},{"not_picked":["Flechettes","Sucker Punch"],"picked":"Flying Knee","floor":4},{"not_picked":["Prepared","Backflip"],"picked":"Infinite Blades","floor":5},{"not_picked":["PiercingWail","Backstab"],"picked":"Backflip","floor":7},{"not_picked":["Quick Slash","Venomology"],"picked":"Distraction","floor":8},{"not_picked":["Backflip","Flying Knee+1"],"picked":"Well Laid Plans","floor":11},{"not_picked":["Acrobatics","Calculated Gamble"],"picked":"Crippling Poison","floor":13},{"not_picked":["Envenom","Doppelganger"],"picked":"After Image","floor":16},{"not_picked":["Prepared","Crippling Poison"],"picked":"Cloak And Dagger","floor":18},{"not_picked":["Flying Knee+1","Outmaneuver","Escape Plan"],"picked":"SKIP","floor":19},{"not_picked":["Deflect","Cloak And Dagger"],"picked":"Deadly Poison","floor":21},{"not_picked":["Skewer+1","Poisoned Stab+1"],"picked":"Dagger Spray+1","floor":24},{"not_picked":["PiercingWail","Backflip+1"],"picked":"Blade Dance+1","floor":30}],"player_experience":74264,"relics_obtained":[{"floor":9,"key":"Molten Egg 2"},{"floor":26,"key":"Happy Flower"}],"event_choices":[{"cards_removed":["Strike_G"],"damage_healed":0,"gold_gain":0,"player_choice":"Card Removal","damage_taken":7,"max_hp_gain":0,"max_hp_loss":0,"event_name":"Golden Wing","floor":2,"gold_loss":0},{"damage_healed":19,"gold_gain":0,"player_choice":"Healed","damage_taken":0,"max_hp_gain":0,"max_hp_loss":0,"event_name":"The Cleric","floor":14,"gold_loss":35},{"damage_healed":0,"gold_gain":0,"player_choice":"Ignored","damage_taken":0,"max_hp_gain":0,"max_hp_loss":0,"event_name":"Cursed Tome","floor":20,"gold_loss":0},{"damage_healed":0,"gold_gain":0,"player_choice":"Joined the Cult","damage_taken":6,"max_hp_gain":0,"max_hp_loss":0,"event_name":"Nest","floor":22,"gold_loss":0,"cards_obtained":["RitualDagger"]},{"damage_healed":0,"gold_gain":0,"player_choice":"Shed Blood","damage_taken":19,"max_hp_gain":5,"max_hp_loss":0,"event_name":"Forgotten Altar","floor":28,"gold_loss":0},{"damage_healed":0,"gold_gain":100,"player_choice":"Bet on Murderer","damage_taken":0,"max_hp_gain":0,"max_hp_loss":0,"event_name":"The Joust","floor":29,"gold_loss":50}],"is_beta":false,"boss_relics":[{"not_picked":["Runic Dome","HoveringKite"],"picked":"WristBlade"}],"items_purged_floors":[25],"is_endless":false,"potions_floor_spawned":[4,7,18,19,21],"killed_by":"Chosen and Byrds","ascension_level":0}