{"gold_per_floor":[110,110,125,125,145,145,171,23,23,50,67,67,67,17,17,122,122,137,155,8,23,34,34,34,50,50,50,83,94,9,9,9,108,108,122,136,0,0,100,100,125,137,137,37,62,62,25,44,44,44,44,44,44,44],"floor_reached":54,"playtime":4424,"items_purged":["Strike_R","True Grit"],"score":856,"play_id":"4c45ec44-c5de-4ce7-b9b6-817b4db91882","local_time":"20190517213137","is_ascension_mode":true,"campfire_choices":[{"data":"Shrug It Off","floor":6,"key":"SMITH"},{"data":"Armaments","floor":15,"key":"SMITH"},{"floor":23,"key":"REST"},{"data":"Demon Form","floor":32,"key":"SMITH"},{"data":"Reaper","floor":40,"key":"SMITH"},{"floor":46,"key":"RECALL"},{"floor":49,"key":"REST"},{"data":"Flame Barrier","floor":52,"key":"SMITH"}],"neow_cost":"PERCENT_DAMAGE","seed_source_timestamp":2457249894715857,"circlet_count":0,"master_deck":["Strike_R","Defend_R","Defend_R","Defend_R","Defend_R","Bash","Blind","Shrug It Off+1","Rampage","Armaments+1","Cleave","Demon Form+1","Dark Embrace+1","Trip+1","Sentinel+1","Pummel+1","Flame Barrier+1","Power Through","Shrug It Off+1","Clothesline+1","True Grit+1","Reaper+1","Heavy Blade","Dual Wield+1","Heavy Blade+1","Warcry+1","Spot Weakness+1","Metallicize","Parasite","Wild Strike+1"],"relics":["Burning Blood","Bronze Scales","Anchor","Mercury Hourglass","Lantern","Sundial","Astrolabe","MutagenicStrength","Bottled Lightning","Dream Catcher","Strawberry","Philosopher\u0027s Stone","Red Mask","StoneCalendar","Ancient Tea Set","Dead Branch","Blood Vial"],"potions_floor_usage":[7,10,16,21,28,33,45,48],"damage_taken":[{"damage":7,"enemies":"Jaw Worm","floor":1,"turns":4},{"damage":8,"enemies":"2 Louse","floor":3,"turns":3},{"damage":2,"enemies":"Cultist","floor":5,"turns":4},{"damage":25,"enemies":"Gremlin Nob","floor":7,"turns":4},{"damage":13,"enemies":"3 Sentries","floor":10,"turns":5},{"damage":0,"enemies":"3 Louse","floor":11,"turns":2},{"damage":10,"enemies":"Hexaghost","floor":16,"turns":9},{"damage":0,"enemies":"Chosen","floor":18,"turns":5},{"damage":3,"enemies":"Shell Parasite","floor":19,"turns":6},{"damage":17,"enemies":"3 Cultists","floor":21,"turns":4},{"damage":20,"enemies":"Snake Plant","floor":22,"turns":7},{"damage":25,"enemies":"Cultist and Chosen","floor":25,"turns":9},{"damage":23,"enemies":"Book of Stabbing","floor":28,"turns":6},{"damage":6,"enemies":"3 Cultists","floor":29,"turns":5},{"damage":25,"enemies":"Champ","floor":33,"turns":13},{"damage":26,"enemies":"3 Shapes","floor":35,"turns":5},{"damage":36,"enemies":"3 Darklings","floor":36,"turns":5},{"damage":0,"enemies":"Mind Bloom Boss Battle","floor":39,"turns":11},{"damage":34,"enemies":"Nemesis","floor":41,"turns":7},{"damage":16,"enemies":"4 Shapes","floor":42,"turns":6},{"damage":24,"enemies":"Giant Head","floor":45,"turns":7},{"damage":19,"enemies":"Writhing Mass","floor":48,"turns":6},{"damage":70,"enemies":"Donu and Deca","floor":50,"turns":8},{"damage":97,"enemies":"Shield and Spear","floor":54,"turns":5}],"seed_played":"2968154085455134178","potions_obtained":[{"floor":3,"key":"Swift Potion"},{"floor":7,"key":"Energy Potion"},{"floor":11,"key":"Strength Potion"},{"floor":19,"key":"Poison Potion"},{"floor":25,"key":"Fruit Juice"},{"floor":29,"key":"Swift Potion"},{"floor":39,"key":"GamblersBrew"},{"floor":45,"key":"BloodPotion"}],"is_trial":false,"path_per_floor":["M","?","M","?","M","R","E","$","T","E","M","?","?","$","R","B",null,"M","M","$","M","M","R","?","M","T","?","E","M","?","T","R","B",null,"M","M","?","$","?","R","E","M","T","$","E","R","$","M","R","B",null,"R","$","E"],"character_chosen":"IRONCLAD","items_purchased":["Anchor","Cleave","Flame Barrier","Metallicize"],"campfire_rested":2,"item_purchase_floors":[8,14,20,47],"current_hp_per_floor":[55,48,46,46,50,50,31,31,31,24,30,30,56,56,56,52,80,80,80,80,69,55,79,71,52,52,52,40,40,40,47,47,28,92,80,75,75,75,81,81,53,58,58,58,56,56,56,54,81,61,92,92,92,0],"gold":44,"neow_bonus":"RANDOM_COLORLESS_2","is_prod":false,"is_daily":false,"chose_seed":false,"campfire_upgraded":5,"win_rate":0,"timestamp":1558121497,"path_taken":["M","?","M","?","M","R","E","$","T","E","?","?","?","?","R","BOSS","M","M","$","M","M","R","?","?","T","?","E","M","?","?","R","BOSS","M","M","?","$","?","R","E","M","T","?","E","R","$","?","R","BOSS","R","$","E"],"build_version":"2019-05-07","purchased_purges":2,"victory":false,"max_hp_per_floor":[80,80,80,80,80,80,80,80,80,80,80,80,80,80,80,80,80,80,80,80,80,80,80,80,80,80,80,85,85,85,92,92,92,92,92,92,92,92,92,92,92,92,92,92,92,92,92,92,92,92,92,92,92,92],"card_choices":[{"not_picked":["Warcry","Reckless Charge"],"picked":"Shrug It Off","floor":1},{"not_picked":["Wild Strike","Havoc"],"picked":"Rampage","floor":3},{"not_picked":["Clothesline","Warcry","Hemokinesis"],"picked":"SKIP","floor":5},{"not_picked":["Twin Strike","Carnage"],"picked":"Metallicize","floor":7},{"not_picked":["Hemokinesis","Perfected Strike","Limit Break"],"picked":"SKIP","floor":10},{"not_picked":["Inflame","Thunderclap"],"picked":"Armaments","floor":11},{"not_picked":["Feed","Fiend Fire"],"picked":"Demon Form","floor":16},{"not_picked":["Flex","Combust+1"],"picked":"True Grit","floor":18},{"not_picked":["Combust","Twin Strike"],"picked":"Pummel+1","floor":19},{"not_picked":["Metallicize+1","Havoc"],"picked":"Power Through","floor":21},{"not_picked":["Reaper","Carnage"],"picked":"Shrug It Off+1","floor":22},{"not_picked":["Perfected Strike","Iron Wave"],"picked":"Clothesline+1","floor":25},{"not_picked":["Seeing Red","Flex"],"picked":"True Grit+1","floor":28},{"not_picked":["Flame Barrier","Seeing Red","Headbutt+1"],"picked":"SKIP","floor":29},{"not_picked":["Dark Embrace","Double Tap"],"picked":"Reaper","floor":33},{"not_picked":["Thunderclap","Iron Wave+1"],"picked":"Heavy Blade","floor":35},{"not_picked":["Seeing Red+1","Warcry+1"],"picked":"Dual Wield+1","floor":36},{"not_picked":["Power Through","Pommel Strike"],"picked":"Heavy Blade+1","floor":39},{"not_picked":["Searing Blow","Iron Wave+1"],"picked":"Warcry+1","floor":41},{"not_picked":["Flex+1","Flame Barrier"],"picked":"Spot Weakness+1","floor":42},{"not_picked":["Double Tap","Entrench","Heavy Blade"],"picked":"SKIP","floor":45},{"not_picked":["Havoc","Clash","Sword Boomerang"],"picked":"SKIP","floor":48},{"not_picked":["Iron Wave","Rampage"],"picked":"Wild Strike+1","floor":49}],"player_experience":284036,"relics_obtained":[{"floor":7,"key":"Bronze Scales"},{"floor":9,"key":"Mercury Hourglass"},{"floor":10,"key":"Lantern"},{"floor":28,"key":"Bottled Lightning"},{"floor":31,"key":"Strawberry"},{"floor":39,"key":"StoneCalendar"},{"floor":41,"key":"Ancient Tea Set"},{"floor":43,"key":"Dead Branch"},{"floor":45,"key":"Blood Vial"}],"event_choices":[{"cards_removed":["Strike_R"],"damage_healed":0,"gold_gain":0,"player_choice":"Card Removal","damage_taken":7,"max_hp_gain":0,"max_hp_loss":0,"event_name":"Golden Wing","floor":2,"gold_loss":0},{"cards_removed":["Strike_R"],"damage_healed":0,"gold_gain":0,"player_choice":"Offered Basic","damage_taken":0,"max_hp_gain":0,"max_hp_loss":0,"event_name":"Bonfire Elementals","floor":4,"gold_loss":0},{"damage_healed":0,"gold_gain":0,"player_choice":"Searched \u00271\u0027 times","damage_taken":0,"relics_obtained":["Sundial"],"max_hp_gain":0,"max_hp_loss":0,"event_name":"Dead Adventurer","floor":12,"gold_loss":0},{"damage_healed":26,"gold_gain":0,"player_choice":"Banana","damage_taken":0,"max_hp_gain":0,"max_hp_loss":0,"event_name":"Big Fish","floor":13,"gold_loss":0},{"damage_healed":0,"gold_gain":0,"player_choice":"Damaged","damage_taken":8,"max_hp_gain":0,"max_hp_loss":0,"event_name":"Wheel of Change","floor":24,"gold_loss":0},{"damage_healed":0,"gold_gain":0,"player_choice":"Inject Mutagens","damage_taken":0,"relics_obtained":["MutagenicStrength"],"max_hp_gain":0,"max_hp_loss":0,"event_name":"Drug Dealer","floor":27,"gold_loss":0},{"damage_healed":0,"gold_gain":0,"player_choice":"Obtained Relic","damage_taken":0,"relics_obtained":["Dream Catcher"],"max_hp_gain":0,"max_hp_loss":0,"event_name":"Addict","floor":30,"gold_loss":85},{"damage_healed":0,"gold_gain":0,"player_choice":"Paid","damage_taken":0,"relics_obtained":["Red Mask"],"max_hp_gain":0,"max_hp_loss":0,"event_name":"Tomb of Lord Red Mask","floor":37,"gold_loss":136},{"damage_healed":0,"gold_gain":0,"player_choice":"Fight","damage_taken":0,"max_hp_gain":0,"max_hp_loss":0,"event_name":"MindBloom","floor":39,"gold_loss":0}],"is_beta":true,"boss_relics":[{"not_picked":["White Beast Statue","Eternal Feather"],"picked":"Astrolabe"},{"not_picked":["Busted Crown","Runic Dome"],"picked":"Philosopher\u0027s Stone"}],"items_purged_floors":[20,44],"is_endless":false,"potions_floor_spawned":[3,7,11,19,25,29,39,45],"killed_by":"Shield and Spear","ascension_level":3}