{"gold_per_floor":[118,118,118,134,134,134,161,161,161,192,211,226,238,179,179,179],"floor_reached":16,"playtime":556,"items_purged":[],"score":263,"play_id":"e54388d4-bf3c-42fd-ae10-2aaf1bb8c745","local_time":"20190509185626","is_ascension_mode":true,"campfire_choices":[{"data":"Dagger Spray","floor":6,"key":"SMITH"},{"data":"Footwork","floor":8,"key":"SMITH"},{"floor":15,"key":"REST"}],"neow_cost":"NONE","seed_source_timestamp":1572280351705816,"circlet_count":0,"master_deck":["AscendersBane","Defend_G","Defend_G","Defend_G","Defend_G","Defend_G","Strike_G","Strike_G","Strike_G","Strike_G","Survivor","Neutralize","Dodge and Roll","Dagger Spray+1","Footwork+1","Cloak And Dagger","Dagger Spray","PiercingWail","Dodge and Roll"],"relics":["Ring of the Snake","NeowsBlessing","Regal Pillow","Paper Crane","Nunchaku","Ninja Scroll","Lantern"],"potions_floor_usage":[10],"damage_taken":[{"damage":0,"enemies":"Small Slimes","floor":1,"turns":1},{"damage":0,"enemies":"Cultist","floor":4,"turns":1},{"damage":0,"enemies":"3 Sentries","floor":7,"turns":1},{"damage":30,"enemies":"Gremlin Nob","floor":10,"turns":6},{"damage":0,"enemies":"2 Louse","floor":11,"turns":1},{"damage":0,"enemies":"Lots of Slimes","floor":12,"turns":1},{"damage":3,"enemies":"Large Slime","floor":13,"turns":7},{"damage":62,"enemies":"Slime Boss","floor":16,"turns":15}],"seed_played":"1930466962202626719","potions_obtained":[{"floor":4,"key":"Block Potion"},{"floor":10,"key":"Energy Potion"},{"floor":11,"key":"SmokeBomb"}],"is_trial":false,"path_per_floor":["M","?","?","M","?","R","E","R","T","E","M","M","M","?","R","B"],"character_chosen":"THE_SILENT","items_purchased":[],"campfire_rested":1,"item_purchase_floors":[],"current_hp_per_floor":[59,64,64,64,57,57,57,57,57,27,27,27,24,24,60,0],"gold":179,"neow_bonus":"THREE_ENEMY_KILL","is_prod":false,"is_daily":false,"chose_seed":false,"campfire_upgraded":2,"win_rate":0,"timestamp":1557420986,"path_taken":["M","?","?","?","?","R","E","R","T","E","M","M","M","?","R","BOSS"],"build_version":"2019-05-07","purchased_purges":0,"victory":false,"max_hp_per_floor":[66,71,71,71,71,71,71,71,71,71,71,71,71,71,71,71],"card_choices":[{"not_picked":["Slice","Dagger Throw"],"picked":"Dodge and Roll","floor":1},{"not_picked":["Choke","Sucker Punch"],"picked":"Dagger Spray","floor":4},{"not_picked":["Deadly Poison","PiercingWail"],"picked":"Footwork","floor":7},{"not_picked":["PiercingWail","Bane"],"picked":"Cloak And Dagger","floor":10},{"not_picked":["Underhanded Strike","Deadly Poison"],"picked":"Dagger Spray","floor":11},{"not_picked":["Masterful Stab","Heel Hook"],"picked":"PiercingWail","floor":12},{"not_picked":["Well Laid Plans","Deflect"],"picked":"Dodge and Roll","floor":13}],"player_experience":1676026,"relics_obtained":[{"floor":3,"key":"Regal Pillow"},{"floor":7,"key":"Paper Crane"},{"floor":9,"key":"Nunchaku"},{"floor":10,"key":"Ninja Scroll"}],"event_choices":[{"damage_healed":0,"gold_gain":0,"player_choice":"Donut","damage_taken":0,"max_hp_gain":5,"max_hp_loss":0,"event_name":"Big Fish","floor":2,"gold_loss":0},{"damage_healed":0,"gold_gain":0,"player_choice":"Relic","damage_taken":0,"max_hp_gain":0,"max_hp_loss":0,"event_name":"Wheel of Change","floor":3,"gold_loss":0},{"cards_removed":["Strike_G"],"damage_healed":0,"gold_gain":0,"player_choice":"Card Removal","damage_taken":7,"max_hp_gain":0,"max_hp_loss":0,"event_name":"Golden Wing","floor":5,"gold_loss":0},{"damage_healed":0,"gold_gain":0,"player_choice":"Paid Gold","damage_taken":0,"relics_obtained":["Lantern"],"max_hp_gain":0,"max_hp_loss":0,"event_name":"WeMeetAgain","floor":14,"gold_loss":59}],"is_beta":true,"boss_relics":[],"items_purged_floors":[],"is_endless":false,"potions_floor_spawned":[4,10,11],"killed_by":"Slime Boss","ascension_level":19}