{"gold_per_floor":[11,29,29,59,76,76,88,106,106,106,73,93,104,134,134,229,229,246,63,63,63,73,73,108,108,131,131,143,33,50,70,70,70],"floor_reached":33,"playtime":10841,"items_purged":["Shame"],"score":389,"play_id":"577d37a0-acf1-4164-9a3e-5099a36a106d","local_time":"20190316171632","is_ascension_mode":true,"campfire_choices":[{"data":"Dualcast","floor":6,"key":"SMITH"},{"data":"Zap","floor":10,"key":"SMITH"},{"data":"Defragment","floor":15,"key":"SMITH"},{"data":"Creative AI","floor":23,"key":"SMITH"},{"floor":25,"key":"REST"},{"floor":32,"key":"REST"}],"neow_cost":"NO_GOLD","seed_source_timestamp":243034464978100,"circlet_count":0,"master_deck":["AscendersBane","Strike_B","Strike_B","Defend_B","Defend_B","Defend_B","Zap+1","Dualcast+1","Ball Lightning","Glacier","Regret","Sunder","Ball Lightning","White Noise","Defragment+1","Steam","Static Discharge","Creative AI+1","Tempest+1","Glacier","Self Repair","Lockon","Fusion","Coolheaded+1","Defragment","Melter","Thunder Strike","Go for the Eyes+1"],"relics":["Cracked Core","Tiny Chest","Ancient Tea Set","Inserter","Sundial","Strawberry","Dream Catcher","Bag of Preparation"],"potions_floor_usage":[30,33,33],"damage_taken":[{"damage":6,"enemies":"Cultist","floor":1,"turns":3},{"damage":1,"enemies":"Small Slimes","floor":2,"turns":2},{"damage":6,"enemies":"Jaw Worm","floor":5,"turns":5},{"damage":5,"enemies":"Blue Slaver","floor":7,"turns":4},{"damage":1,"enemies":"Gremlin Gang","floor":8,"turns":3},{"damage":2,"enemies":"Looter","floor":12,"turns":3},{"damage":12,"enemies":"Exordium Wildlife","floor":13,"turns":3},{"damage":21,"enemies":"Slime Boss","floor":16,"turns":8},{"damage":2,"enemies":"Shell Parasite","floor":18,"turns":6},{"damage":13,"enemies":"Chosen","floor":22,"turns":4},{"damage":38,"enemies":"Book of Stabbing","floor":24,"turns":3},{"damage":19,"enemies":"Centurion and Healer","floor":28,"turns":4},{"damage":12,"enemies":"3 Cultists","floor":30,"turns":3},{"damage":0,"enemies":"Snecko","floor":31,"turns":4},{"damage":54,"enemies":"Collector","floor":33,"turns":6}],"seed_played":"-5056725589518806259","potions_obtained":[{"floor":7,"key":"FearPotion"},{"floor":12,"key":"SteroidPotion"},{"floor":13,"key":"LiquidBronze"},{"floor":24,"key":"Poison Potion"},{"floor":31,"key":"AttackPotion"}],"is_trial":false,"path_per_floor":["M","M","?","?","M","R","M","M","T","R","$","M","M","?","R","B",null,"M","$","?","?","M","R","E","R","T","T","M","$","M","M","R","B"],"character_chosen":"DEFECT","items_purchased":["Defragment","Glacier","Self Repair","Lockon","Defragment"],"campfire_rested":2,"item_purchase_floors":[11,19,19,19,29],"current_hp_per_floor":[62,61,61,61,55,55,50,49,49,49,49,47,35,35,35,14,60,58,58,58,58,52,52,21,45,45,45,33,33,21,28,52,0],"gold":70,"neow_bonus":"REMOVE_TWO","is_prod":false,"is_daily":false,"chose_seed":false,"campfire_upgraded":4,"win_rate":0,"timestamp":1552770992,"path_taken":["M","?","?","?","M","R","M","M","T","R","?","M","?","?","R","BOSS","M","$","?","?","M","R","E","R","T","?","?","$","M","M","R","BOSS"],"build_version":"2019-01-23","purchased_purges":1,"victory":false,"max_hp_per_floor":[75,75,75,75,75,75,75,75,75,75,75,75,75,75,75,75,75,75,75,75,75,75,75,82,82,82,82,82,82,82,82,82,82],"card_choices":[{"not_picked":["Stack","Cold Snap"],"picked":"Ball Lightning","floor":1},{"not_picked":["Ball Lightning","Heatsinks"],"picked":"Glacier","floor":2},{"not_picked":["Rip and Tear","Redo"],"picked":"Sunder","floor":5},{"not_picked":["Turbo","Beam Cell"],"picked":"Ball Lightning","floor":7},{"not_picked":["Gash","Loop"],"picked":"White Noise","floor":8},{"not_picked":["Sweeping Beam","Streamline"],"picked":"Steam","floor":12},{"not_picked":["Gash","Rebound"],"picked":"Static Discharge","floor":13},{"not_picked":["Seek","All For One"],"picked":"Creative AI","floor":16},{"not_picked":["Conserve Battery","Storm"],"picked":"Tempest+1","floor":18},{"not_picked":["Compile Driver","Aggregate"],"picked":"Fusion","floor":22},{"not_picked":["Gash","Barrage","Creative AI"],"picked":"SKIP","floor":24},{"not_picked":["Compile Driver","Steam+1"],"picked":"Coolheaded+1","floor":28},{"not_picked":["Stack","Beam Cell"],"picked":"Melter","floor":30},{"not_picked":["Double Energy+1","Skim"],"picked":"Thunder Strike","floor":31},{"not_picked":["Barrage","Compile Driver+1"],"picked":"Go for the Eyes+1","floor":32}],"player_experience":2454745,"relics_obtained":[{"floor":9,"key":"Ancient Tea Set"},{"floor":24,"key":"Strawberry"},{"floor":26,"key":"Dream Catcher"},{"floor":27,"key":"Bag of Preparation"}],"event_choices":[{"cards_removed":["Strike_B"],"damage_healed":0,"gold_gain":0,"player_choice":"Forget","damage_taken":0,"max_hp_gain":0,"max_hp_loss":0,"event_name":"Living Wall","floor":3,"gold_loss":0},{"damage_healed":0,"gold_gain":0,"player_choice":"Box","damage_taken":0,"relics_obtained":["Tiny Chest"],"max_hp_gain":0,"max_hp_loss":0,"event_name":"Big Fish","floor":4,"gold_loss":0,"cards_obtained":["Regret"]},{"damage_healed":0,"gold_gain":30,"player_choice":"Searched \u00271\u0027 times","damage_taken":0,"max_hp_gain":0,"max_hp_loss":0,"event_name":"Dead Adventurer","floor":14,"gold_loss":0},{"damage_healed":0,"gold_gain":0,"player_choice":"Stole Relic","damage_taken":0,"relics_obtained":["Sundial"],"max_hp_gain":0,"max_hp_loss":0,"event_name":"Addict","floor":20,"gold_loss":0,"cards_obtained":["Shame"]},{"damage_healed":0,"gold_gain":0,"player_choice":"Ignored","damage_taken":0,"max_hp_gain":0,"max_hp_loss":0,"event_name":"Ghosts","floor":21,"gold_loss":0}],"is_beta":false,"boss_relics":[{"not_picked":["Lizard Tail","Busted Crown"],"picked":"Inserter"}],"items_purged_floors":[29],"is_endless":false,"potions_floor_spawned":[7,12,13,24,28,31],"killed_by":"Collector","ascension_level":10}