{"gold_per_floor":[109,33,49,49,64,64,93,93,93,122,142,67,87,262,262,334,384,403,403,403,418,437,437,57,57],"floor_reached":25,"playtime":46612,"items_purged":["Strike_B"],"score":359,"play_id":"93308a09-f932-45bd-9464-cec55a5fccb8","local_time":"20190411202437","is_ascension_mode":true,"campfire_choices":[{"floor":6,"key":"REST"},{"data":"Streamline","floor":8,"key":"SMITH"},{"data":"BootSequence","floor":15,"key":"SMITH"},{"floor":23,"key":"REST"}],"neow_cost":"PERCENT_DAMAGE","seed_source_timestamp":422893890999700,"circlet_count":0,"master_deck":["AscendersBane","Defend_B","Defend_B","Defend_B","Defend_B","Zap+1","Dualcast","Core Surge","Multi-Cast","Conserve Battery","Self Repair","Conserve Battery","Streamline+1","Skim","Streamline","BootSequence+1","Sweeping Beam","Doubt","Creative AI","Conserve Battery","Steam","Beam Cell","Capacitor","Echo Form","Hologram"],"relics":["Cracked Core","Bottled Flame","Letter Opener","FossilizedHelix","Tiny House","Matryoshka","Medical Kit"],"potions_floor_usage":[18,18,25],"damage_taken":[{"damage":5,"enemies":"Small Slimes","floor":1,"turns":3},{"damage":13,"enemies":"Jaw Worm","floor":3,"turns":4},{"damage":1,"enemies":"2 Louse","floor":5,"turns":2},{"damage":18,"enemies":"Lagavulin","floor":7,"turns":7},{"damage":11,"enemies":"3 Sentries","floor":10,"turns":7},{"damage":8,"enemies":"Exordium Wildlife","floor":11,"turns":4},{"damage":7,"enemies":"Large Slime","floor":13,"turns":5},{"damage":11,"enemies":"The Guardian","floor":16,"turns":12},{"damage":0,"enemies":"Chosen","floor":18,"turns":5},{"damage":22,"enemies":"3 Byrds","floor":21,"turns":5},{"damage":39,"enemies":"Snake Plant","floor":22,"turns":7},{"damage":55,"enemies":"Gremlin Leader","floor":25,"turns":6}],"seed_played":"-3604778326609481845","potions_obtained":[{"floor":3,"key":"SmokeBomb"},{"floor":11,"key":"Ancient Potion"},{"floor":17,"key":"EntropicBrew"},{"floor":18,"key":"Swift Potion"}],"is_trial":false,"path_per_floor":["M","$","M","?","M","R","E","R","T","E","M","$","M","?","R","B",null,"M","?","T","M","M","R","$","E"],"character_chosen":"DEFECT","items_purchased":["Self Repair","Echo Form","Hologram","Medical Kit"],"campfire_rested":2,"item_purchase_floors":[2,24,24,24],"current_hp_per_floor":[41,41,35,28,27,48,37,37,37,33,32,32,32,32,32,28,65,72,72,72,57,25,47,47,0],"gold":57,"neow_bonus":"TRANSFORM_TWO_CARDS","is_prod":false,"is_daily":false,"chose_seed":false,"campfire_upgraded":2,"win_rate":0,"timestamp":1555028677,"path_taken":["M","$","M","?","M","R","E","R","T","E","M","$","M","?","R","BOSS","M","?","?","M","M","R","$","E"],"build_version":"2019-01-23","purchased_purges":1,"victory":false,"max_hp_per_floor":[71,71,71,71,71,71,71,71,71,71,71,71,71,71,71,71,76,76,76,76,76,76,76,76,76],"card_choices":[{"not_picked":["Stack","Scrape"],"picked":"Conserve Battery","floor":1},{"not_picked":["Compile Driver","Cold Snap"],"picked":"Conserve Battery","floor":3},{"not_picked":["Sweeping Beam","Amplify"],"picked":"Streamline","floor":5},{"not_picked":["Reprogram","Scrape"],"picked":"Skim","floor":7},{"not_picked":["Cold Snap","Storm"],"picked":"Streamline","floor":10},{"not_picked":["Doom and Gloom","Cold Snap"],"picked":"BootSequence","floor":11},{"not_picked":["Gash","Turbo"],"picked":"Sweeping Beam","floor":13},{"not_picked":["Machine Learning","Reboot"],"picked":"Creative AI","floor":16},{"not_picked":["Compile Driver","Gash"],"picked":"Conserve Battery","floor":17},{"not_picked":["Stack","Compile Driver+1"],"picked":"Steam","floor":18},{"not_picked":["Doom and Gloom+1","Reprogram"],"picked":"Beam Cell","floor":21},{"not_picked":["Streamline","Consume"],"picked":"Capacitor","floor":22}],"player_experience":2635502,"relics_obtained":[{"floor":7,"key":"Bottled Flame"},{"floor":9,"key":"Letter Opener"},{"floor":10,"key":"FossilizedHelix"},{"floor":20,"key":"Matryoshka"}],"event_choices":[{"cards_removed":["Strike_B"],"damage_healed":0,"gold_gain":0,"player_choice":"Card Removal","damage_taken":7,"max_hp_gain":0,"max_hp_loss":0,"event_name":"Golden Wing","floor":4,"gold_loss":0},{"damage_healed":0,"gold_gain":175,"player_choice":"AGREE","damage_taken":0,"max_hp_gain":0,"max_hp_loss":0,"event_name":"Liars Game","floor":14,"gold_loss":0,"cards_obtained":["Doubt"]},{"damage_healed":0,"gold_gain":0,"player_choice":"Ignored","damage_taken":0,"max_hp_gain":0,"max_hp_loss":0,"event_name":"Ghosts","floor":19,"gold_loss":0}],"is_beta":false,"boss_relics":[{"not_picked":["Lizard Tail","Pandora\u0027s Box"],"picked":"Tiny House"}],"items_purged_floors":[12],"is_endless":false,"potions_floor_spawned":[3,11,16,18,21],"killed_by":"Gremlin Leader","ascension_level":14}