{"gold_per_floor":[11,11,21,38,57,57,77,152,178,103,131,131,31,48,48,146,146,165,165,175,190,65,65,92,92,92,53,53,73,83,83,83,83],"floor_reached":33,"playtime":1469,"items_purged":["Strike_B","Strike_B","Defend_B"],"score":292,"play_id":"fcba3561-bcb2-4f99-badc-ad13b904a4e7","local_time":"20180808220841","is_ascension_mode":false,"campfire_choices":[{"data":"Sunder","floor":6,"key":"SMITH"},{"data":"Auto Shields","floor":15,"key":"SMITH"},{"data":"Gash","floor":23,"key":"SMITH"},{"floor":25,"key":"REST"},{"floor":32,"key":"REST"}],"neow_cost":"NO_GOLD","seed_source_timestamp":311171395233614,"circlet_count":0,"master_deck":["Defend_B","Zap","Dualcast","Conserve Battery","Auto Shields+1","Gash+1","Sunder+1","Melter","Leap","Meteor Strike","BootSequence+1","Self Repair","Bite","Bite","Bite","Bite","Bite","Steam+1"],"relics":["Cracked Core","Bag of Preparation","Dream Catcher","Inserter","Pen Nib","Ornamental Fan"],"potions_floor_usage":[16,16,20,20,24,29],"damage_taken":[{"damage":2,"enemies":"Small Slimes","floor":1,"turns":3},{"damage":1,"enemies":"2 Louse","floor":3,"turns":3},{"damage":1,"enemies":"Jaw Worm","floor":4,"turns":4},{"damage":0,"enemies":"2 Fungi Beasts","floor":5,"turns":3},{"damage":0,"enemies":"Exordium Wildlife","floor":7,"turns":4},{"damage":8,"enemies":"3 Sentries","floor":11,"turns":6},{"damage":1,"enemies":"Blue Slaver","floor":14,"turns":3},{"damage":40,"enemies":"The Guardian","floor":16,"turns":11},{"damage":3,"enemies":"Spheric Guardian","floor":18,"turns":3},{"damage":16,"enemies":"2 Thieves","floor":20,"turns":5},{"damage":11,"enemies":"Snecko","floor":21,"turns":5},{"damage":41,"enemies":"Book of Stabbing","floor":24,"turns":6},{"damage":0,"enemies":"3 Cultists","floor":29,"turns":5},{"damage":33,"enemies":"Slaver and Parasite","floor":30,"turns":7},{"damage":82,"enemies":"Collector","floor":33,"turns":9}],"seed_played":"7097848875320134444","potions_obtained":[{"floor":1,"key":"Swift Potion"},{"floor":3,"key":"Regen Potion"},{"floor":7,"key":"GamblersBrew"},{"floor":18,"key":"Fruit Juice"},{"floor":20,"key":"Poison Potion"},{"floor":21,"key":"Swift Potion"}],"is_trial":false,"path_per_floor":["M","?","M","M","M","R","M","?","T","$","E","?","$","M","R","B",null,"M","?","M","M","$","R","E","R","T","$","?","M","M","?","R"],"character_chosen":"DEFECT","items_purchased":["Self Repair"],"campfire_rested":2,"item_purchase_floors":[27],"current_hp_per_floor":[73,73,72,71,71,71,71,60,60,60,52,57,57,56,56,31,80,77,77,66,55,55,55,14,39,39,39,39,54,44,44,59,0],"gold":83,"neow_bonus":"REMOVE_TWO","is_prod":false,"is_daily":false,"chose_seed":false,"campfire_upgraded":3,"win_rate":0,"timestamp":1533780521,"path_taken":["M","?","M","M","M","R","M","?","T","$","E","?","?","M","R","BOSS","M","?","M","M","$","R","E","R","T","?","?","M","M","?","R","BOSS"],"build_version":"2018-08-02","purchased_purges":3,"victory":false,"max_hp_per_floor":[75,75,75,75,75,75,75,75,75,75,75,80,80,80,80,80,80,80,80,85,85,85,85,85,85,85,85,59,59,59,59,59,59],"card_choices":[{"not_picked":["Ball Lightning","Turbo"],"picked":"Conserve Battery","floor":1},{"not_picked":["Redo","Doom and Gloom"],"picked":"Auto Shields","floor":3},{"not_picked":["Leap","Melter"],"picked":"Gash","floor":4},{"not_picked":["Compile Driver","Ball Lightning"],"picked":"Sunder","floor":5},{"not_picked":["Streamline","Ball Lightning"],"picked":"Melter","floor":7},{"not_picked":["Redo","Double Energy","Cold Snap"],"picked":"SKIP","floor":11},{"not_picked":["Compile Driver","Rebound","Consume"],"picked":"SKIP","floor":14},{"not_picked":["Recycle","Turbo"],"picked":"Leap","floor":18},{"not_picked":["Steam","Double Energy","Capacitor"],"picked":"SKIP","floor":20},{"not_picked":["Steam","Melter","Biased Cognition"],"picked":"SKIP","floor":21},{"not_picked":["Rainbow","Rebound"],"picked":"BootSequence+1","floor":24},{"not_picked":["Sweeping Beam","Consume","Skim"],"picked":"SKIP","floor":29},{"not_picked":["Cold Snap","Turbo"],"picked":"Steam+1","floor":30}],"player_experience":592868,"relics_obtained":[{"floor":9,"key":"Bag of Preparation"},{"floor":11,"key":"Dream Catcher"},{"floor":24,"key":"Pen Nib"},{"floor":26,"key":"Ornamental Fan"}],"event_choices":[{"event_name":"The Cleric","player_choice":"Leave","floor":2,"damage_taken":0},{"event_name":"World of Goop","player_choice":"Gather Gold","floor":8,"damage_taken":0},{"event_name":"Big Fish","player_choice":"Donut","floor":12,"damage_taken":0},{"event_name":"Transmorgrifier","player_choice":"Transform","floor":19,"damage_taken":0},{"event_name":"Vampires","player_choice":"Became a vampire","floor":28,"damage_taken":0},{"event_name":"Back to Basics","player_choice":"Elegance","floor":31,"damage_taken":0}],"is_beta":false,"boss_relics":[{"not_picked":["Velvet Choker","Runic Dome"],"picked":"Inserter"}],"items_purged_floors":[10,13,22],"is_endless":false,"potions_floor_spawned":[1,3,7,18,20,21],"killed_by":"Collector","ascension_level":0}