{"gold_per_floor":[111,131,149,224,235,266,266,283,335,335,369,369,369,388,388,490,490,510,74,94,114,133,168,267,267,267,101,111,125,125,44,44,140,140,155,55,70,85,85,85,95,95,118,133,160,160,180,209,209,209],"floor_reached":51,"playtime":5097,"items_purged":["Strike_B","Defend_B"],"score":716,"play_id":"0ddb341e-c6a4-49ed-a915-d18b248701d9","local_time":"20180804164435","is_ascension_mode":false,"campfire_choices":[{"data":"Defragment","floor":7,"key":"SMITH"},{"floor":10,"key":"REST"},{"data":"Conserve Battery","floor":13,"key":"SMITH"},{"data":"Dualcast","floor":15,"key":"SMITH"},{"data":"Buffer","floor":30,"key":"SMITH"},{"data":"Static Discharge","floor":32,"key":"SMITH"},{"floor":40,"key":"REST"},{"floor":46,"key":"REST"},{"floor":49,"key":"REST"}],"neow_cost":"NONE","seed_source_timestamp":4129882199306,"circlet_count":0,"master_deck":["Strike_B+1","Strike_B+1","Defend_B+1","Defend_B+1","Defend_B","Zap","Dualcast+1","Ball Lightning","Melter","Conserve Battery+1","Defragment+1","Auto Shields+1","Redo+1","Force Field+1","Buffer+1","Skim+1","Static Discharge+1","Hologram+1","Ball Lightning+1","Leap+1","Defragment+1","Blind+1","Biased Cognition","Force Field+1","Biased Cognition","Reinforced Body+1","Storm+1","Hologram+1","Madness+1","Madness+1","Heatsinks","Buffer+1","Self Repair+1","Steam+1"],"relics":["Cracked Core","Toxic Egg 2","Regal Pillow","Molten Egg 2","White Beast Statue","HandDrill","DataDisk","Bag of Preparation","Whetstone","Lizard Tail","Potion Belt","Blood Vial","War Paint"],"potions_floor_usage":[6,14,16,16,18,21,21,22,23,29,33,33,38,41,41,50,50,50],"damage_taken":[{"damage":2,"enemies":"2 Louse","floor":1,"turns":2},{"damage":1,"enemies":"Cultist","floor":2,"turns":3},{"damage":0,"enemies":"Small Slimes","floor":3,"turns":2},{"damage":2,"enemies":"2 Fungi Beasts","floor":5,"turns":3},{"damage":15,"enemies":"3 Sentries","floor":6,"turns":6},{"damage":8,"enemies":"3 Louse","floor":8,"turns":3},{"damage":15,"enemies":"Gremlin Nob","floor":11,"turns":4},{"damage":7,"enemies":"Blue Slaver","floor":14,"turns":2},{"damage":12,"enemies":"Slime Boss","floor":16,"turns":8},{"damage":21,"enemies":"Chosen","floor":18,"turns":5},{"damage":10,"enemies":"2 Thieves","floor":20,"turns":4},{"damage":25,"enemies":"Centurion and Healer","floor":21,"turns":8},{"damage":0,"enemies":"Snecko","floor":22,"turns":4},{"damage":32,"enemies":"Slavers","floor":23,"turns":5},{"damage":0,"enemies":"Snake Plant","floor":28,"turns":3},{"damage":6,"enemies":"Sentry and Sphere","floor":29,"turns":4},{"damage":67,"enemies":"Automaton","floor":33,"turns":11},{"damage":36,"enemies":"3 Darklings","floor":35,"turns":6},{"damage":1,"enemies":"Orb Walker","floor":37,"turns":4},{"damage":10,"enemies":"Maw","floor":38,"turns":7},{"damage":26,"enemies":"4 Shapes","floor":41,"turns":4},{"damage":0,"enemies":"Transient","floor":44,"turns":5},{"damage":16,"enemies":"Giant Head","floor":45,"turns":11},{"damage":12,"enemies":"Maw","floor":47,"turns":5},{"damage":20,"enemies":"Nemesis","floor":48,"turns":5},{"damage":60,"enemies":"Donu and Deca","floor":50,"turns":10}],"seed_played":"7248959397018943267","potions_obtained":[{"floor":2,"key":"FocusPotion"},{"floor":6,"key":"FearPotion"},{"floor":8,"key":"FearPotion"},{"floor":14,"key":"Fruit Juice"},{"floor":16,"key":"Dexterity Potion"},{"floor":18,"key":"Swift Potion"},{"floor":20,"key":"Poison Potion"},{"floor":21,"key":"Regen Potion"},{"floor":22,"key":"GamblersBrew"},{"floor":23,"key":"LiquidBronze"},{"floor":28,"key":"Fruit Juice"},{"floor":29,"key":"GamblersBrew"},{"floor":33,"key":"Ancient Potion"},{"floor":35,"key":"Block Potion"},{"floor":37,"key":"GamblersBrew"},{"floor":38,"key":"Dexterity Potion"},{"floor":41,"key":"SmokeBomb"},{"floor":44,"key":"Strength Potion"},{"floor":45,"key":"SneckoOil"},{"floor":47,"key":"Fruit Juice"},{"floor":48,"key":"SkillPotion"}],"is_trial":false,"path_per_floor":["M","M","M","?","M","E","R","M","T","R","E","?","R","M","R","B",null,"M","$","M","M","M","E","?","?","T","$","M","M","R","$","R","B",null,"M","$","M","M","?","R","M","?","T","M","E","R","M","E","R","B"],"character_chosen":"DEFECT","items_purchased":["HandDrill","DataDisk","Static Discharge","Blind+1","Force Field+1"],"campfire_rested":4,"item_purchase_floors":[19,19,19,27,31],"current_hp_per_floor":[80,79,79,71,69,54,54,46,46,82,67,67,67,60,60,53,87,66,66,56,31,40,8,8,87,87,87,87,86,86,86,86,19,92,56,56,55,45,33,75,49,49,49,49,33,75,75,57,92,47],"gold":209,"neow_bonus":"TEN_PERCENT_HP_BONUS","is_prod":false,"is_daily":false,"chose_seed":false,"campfire_upgraded":5,"win_rate":0,"timestamp":1533415475,"path_taken":["M","M","M","?","M","E","R","M","T","R","E","?","R","?","R","BOSS","M","$","M","M","M","E","?","?","T","?","M","?","R","?","R","BOSS","M","$","?","M","?","R","M","?","T","M","E","R","M","E","R","BOSS"],"build_version":"2018-08-02","purchased_purges":2,"victory":true,"max_hp_per_floor":[82,82,82,82,82,82,82,82,82,82,82,82,82,82,82,87,87,87,87,87,87,87,87,87,87,87,87,87,92,92,92,92,92,92,92,92,92,92,92,92,92,92,92,92,92,92,92,92,92,97],"card_choices":[{"not_picked":["Coolheaded","Barrage"],"picked":"Ball Lightning","floor":1},{"not_picked":["Scrape","Chaos"],"picked":"Melter","floor":2},{"not_picked":["Sweeping Beam","Rebound"],"picked":"Conserve Battery","floor":3},{"not_picked":["Streamline","BootSequence"],"picked":"Defragment","floor":5},{"not_picked":["Stack","Creative AI"],"picked":"Auto Shields","floor":6},{"not_picked":["Gash","Skim+1"],"picked":"Redo+1","floor":8},{"not_picked":["Compile Driver","Coolheaded+1"],"picked":"Force Field+1","floor":11},{"not_picked":["Beam Cell+1","Sweeping Beam+1","Rebound+1"],"picked":"SKIP","floor":14},{"not_picked":["Core Surge+1","Rainbow+1"],"picked":"Buffer","floor":16},{"not_picked":["Conserve Battery+1","Ball Lightning+1"],"picked":"Skim+1","floor":18},{"not_picked":["Barrage+1","Turbo+1"],"picked":"Hologram+1","floor":20},{"not_picked":["Compile Driver+1","Coolheaded+1"],"picked":"Ball Lightning+1","floor":21},{"not_picked":["FTL+1","Hello World"],"picked":"Leap+1","floor":22},{"not_picked":["Hologram+1","Stack+1"],"picked":"Defragment+1","floor":23},{"not_picked":["Cold Snap+1","Leap+1"],"picked":"Biased Cognition","floor":28},{"not_picked":["Compile Driver+1","Blizzard+1","Genetic Algorithm+1"],"picked":"SKIP","floor":29},{"not_picked":["Machine Learning","Core Surge+1"],"picked":"Biased Cognition","floor":33},{"not_picked":["Redo+1","Rebound+1"],"picked":"Reinforced Body+1","floor":35},{"not_picked":["Go for the Eyes+1","Capacitor+1"],"picked":"Storm+1","floor":37},{"not_picked":["Chaos+1","Gash+1"],"picked":"Hologram+1","floor":38},{"not_picked":["Genetic Algorithm+1","Compile Driver+1"],"picked":"Heatsinks","floor":41},{"not_picked":["Ball Lightning+1","Beam Cell+1"],"picked":"Self Repair+1","floor":44},{"not_picked":["Scrape+1","Blizzard+1"],"picked":"Steam+1","floor":45},{"not_picked":["Turbo+1","Barrage+1","Doom and Gloom+1"],"picked":"SKIP","floor":47},{"not_picked":["Glacier+1","Rebound+1","Rip and Tear+1"],"picked":"SKIP","floor":48}],"player_experience":557302,"relics_obtained":[{"floor":6,"key":"Toxic Egg 2"},{"floor":9,"key":"Regal Pillow"},{"floor":11,"key":"Molten Egg 2"},{"floor":23,"key":"Bag of Preparation"},{"floor":26,"key":"Whetstone"},{"floor":43,"key":"Potion Belt"},{"floor":45,"key":"Blood Vial"},{"floor":48,"key":"War Paint"}],"event_choices":[{"event_name":"FaceTrader","player_choice":"Touch","floor":4,"damage_taken":0},{"event_name":"Living Wall","player_choice":"Forget","floor":12,"damage_taken":0},{"event_name":"Nest","player_choice":"Stole From Cult","floor":24,"damage_taken":0},{"event_name":"Wheel of Change","player_choice":"Full Heal","floor":25,"damage_taken":0},{"event_name":"Winding Halls","player_choice":"Embrace Madness","floor":39,"damage_taken":0},{"event_name":"Duplicator","player_choice":"One dupe","floor":42,"damage_taken":0}],"is_beta":false,"boss_relics":[{"not_picked":["Ectoplasm","Calling Bell"],"picked":"White Beast Statue"},{"not_picked":["Philosopher\u0027s Stone","Velvet Choker"],"picked":"Lizard Tail"}],"items_purged_floors":[27,36],"is_endless":false,"potions_floor_spawned":[2,6,8,14,16,18,20,21,22,23,28,29,33,35,37,38,41,44,45,47,48],"ascension_level":0}