{"gold_per_floor":[113,113,263,277,277,310,310,327,627,255,255,273,293,305,305,381,381,391,403,403,403,418,418,101,114,139,166,166,197,221,236,236,236],"floor_reached":33,"playtime":1406,"items_purged":["Strike_B","Strike_B"],"score":577,"play_id":"824426a8-c7d3-4414-bfef-9770a617eee0","local_time":"20190503201139","is_ascension_mode":true,"campfire_choices":[{"data":"Biased Cognition","floor":7,"key":"SMITH"},{"data":"Coolheaded","floor":11,"key":"SMITH"},{"data":"Buffer","floor":15,"key":"SMITH"},{"data":"Self Repair","floor":23,"key":"SMITH"},{"data":"Coolheaded","floor":28,"key":"SMITH"},{"floor":32,"key":"REST"}],"neow_cost":"NONE","seed_source_timestamp":1057542756775263,"circlet_count":0,"master_deck":["AscendersBane","Strike_B","Strike_B","Defend_B","Defend_B","Defend_B","Defend_B","Zap+1","Dualcast","Cold Snap","Biased Cognition+1","Genetic Algorithm","Reinforced Body","Leap","Sweeping Beam","Biased Cognition+1","Coolheaded+1","Sweeping Beam","FTL","Barrage","Buffer+1","White Noise","Coolheaded+1","Electrodynamics","Self Repair+1","Double Energy","Chill+1","Go for the Eyes+1","Hologram"],"relics":["Cracked Core","NeowsBlessing","Prayer Wheel","Old Coin","DollysMirror","Nuclear Battery","Medical Kit","DataDisk","Mango","Frozen Egg 2","Anchor"],"potions_floor_usage":[14,16,16,25,27,29],"damage_taken":[{"damage":0,"enemies":"Jaw Worm","floor":1,"turns":1},{"damage":0,"enemies":"Small Slimes","floor":4,"turns":1},{"damage":0,"enemies":"Gremlin Nob","floor":6,"turns":1},{"damage":1,"enemies":"Cultist","floor":8,"turns":3},{"damage":9,"enemies":"Large Slime","floor":12,"turns":4},{"damage":6,"enemies":"Blue Slaver","floor":13,"turns":3},{"damage":6,"enemies":"Lots of Slimes","floor":14,"turns":5},{"damage":61,"enemies":"The Guardian","floor":16,"turns":13},{"damage":10,"enemies":"Chosen","floor":18,"turns":7},{"damage":1,"enemies":"2 Thieves","floor":19,"turns":3},{"damage":0,"enemies":"3 Cultists","floor":22,"turns":3},{"damage":17,"enemies":"Shelled Parasite and Fungi","floor":25,"turns":7},{"damage":36,"enemies":"Gremlin Leader","floor":27,"turns":8},{"damage":14,"enemies":"Book of Stabbing","floor":29,"turns":5},{"damage":23,"enemies":"Cultist and Chosen","floor":31,"turns":7},{"damage":45,"enemies":"Collector","floor":33,"turns":6}],"seed_played":"6978120286382405373","potions_obtained":[{"floor":4,"key":"Regen Potion"},{"floor":12,"key":"Regen Potion"},{"floor":14,"key":"Weak Potion"},{"floor":18,"key":"EntropicBrew"},{"floor":29,"key":"FearPotion"}],"is_trial":false,"path_per_floor":["M","?","?","M","?","E","R","M","T","$","R","M","M","M","R","B",null,"M","M","?","?","M","R","$","M","T","E","R","E","T","M","R","B"],"character_chosen":"DEFECT","items_purchased":["Sweeping Beam","DollysMirror","Coolheaded","Medical Kit"],"campfire_rested":1,"item_purchase_floors":[10,10,10,24],"current_hp_per_floor":[64,64,64,64,64,64,64,63,63,63,63,54,48,56,56,10,56,46,45,59,59,59,59,59,52,52,40,40,36,36,13,38,0],"gold":236,"neow_bonus":"THREE_ENEMY_KILL","is_prod":false,"is_daily":false,"chose_seed":false,"campfire_upgraded":5,"win_rate":0,"timestamp":1556907099,"path_taken":["M","?","?","M","?","E","R","M","T","$","R","?","M","M","R","BOSS","M","M","?","?","M","R","$","M","T","E","R","E","?","M","R","BOSS"],"build_version":"2019-04-23","purchased_purges":2,"victory":false,"max_hp_per_floor":[71,71,71,71,71,71,71,71,71,71,71,71,71,71,71,71,71,71,71,71,71,71,71,71,71,71,85,85,85,85,85,85,85],"card_choices":[{"not_picked":["Redo","Rebound"],"picked":"Cold Snap","floor":1},{"not_picked":["Conserve Battery","Streamline"],"picked":"Biased Cognition","floor":4},{"not_picked":["Redo","Reinforced Body"],"picked":"Genetic Algorithm","floor":6},{"not_picked":["Hologram","Beam Cell"],"picked":"Reinforced Body","floor":8},{"not_picked":["Steam","Beam Cell"],"picked":"Leap","floor":8},{"not_picked":["Rebound","Static Discharge"],"picked":"Sweeping Beam","floor":12},{"not_picked":["Hello World","Skim"],"picked":"FTL","floor":12},{"not_picked":["Storm","Recycle"],"picked":"Barrage","floor":13},{"not_picked":["Barrage","Compile Driver"],"picked":"Buffer","floor":13},{"not_picked":["Gash","Melter"],"picked":"White Noise","floor":14},{"not_picked":["Redo","Rebound"],"picked":"Coolheaded","floor":14},{"not_picked":["Thunder Strike","Reboot"],"picked":"Electrodynamics","floor":16},{"not_picked":["Coolheaded","BootSequence"],"picked":"Self Repair","floor":18},{"not_picked":["Tempest","Beam Cell","Storm"],"picked":"SKIP","floor":18},{"not_picked":["Turbo","Heatsinks"],"picked":"Double Energy","floor":19},{"not_picked":["Darkness","Melter"],"picked":"Chill+1","floor":19},{"not_picked":["Gash","Streamline","Hologram"],"picked":"SKIP","floor":22},{"not_picked":["Leap","Lockon","Streamline"],"picked":"SKIP","floor":22},{"not_picked":["Storm","Compile Driver"],"picked":"Go for the Eyes+1","floor":25},{"not_picked":["Turbo","Beam Cell","Rip and Tear"],"picked":"SKIP","floor":25},{"not_picked":["Chill+1","Go for the Eyes","Redo"],"picked":"SKIP","floor":27},{"not_picked":["Fusion","Storm"],"picked":"Hologram","floor":29},{"not_picked":["Cold Snap","Heatsinks+1","Storm+1"],"picked":"SKIP","floor":31},{"not_picked":["Double Energy","Scrape","Go for the Eyes"],"picked":"SKIP","floor":31}],"player_experience":1473548,"relics_obtained":[{"floor":6,"key":"Prayer Wheel"},{"floor":9,"key":"Old Coin"},{"floor":26,"key":"DataDisk"},{"floor":27,"key":"Mango"},{"floor":29,"key":"Frozen Egg 2"},{"floor":30,"key":"Anchor"}],"event_choices":[{"damage_healed":0,"gold_gain":0,"player_choice":"Grow","damage_taken":0,"max_hp_gain":0,"max_hp_loss":0,"event_name":"Living Wall","floor":2,"gold_loss":0,"cards_upgraded":["Zap"]},{"damage_healed":0,"gold_gain":150,"player_choice":"AGREE","damage_taken":0,"max_hp_gain":0,"max_hp_loss":0,"event_name":"Liars Game","floor":3,"gold_loss":0,"cards_obtained":["Doubt"]},{"cards_removed":["Doubt"],"damage_healed":0,"gold_gain":0,"player_choice":"Purged","damage_taken":0,"max_hp_gain":0,"max_hp_loss":0,"event_name":"Purifier","floor":5,"gold_loss":0},{"damage_healed":14,"gold_gain":0,"player_choice":"Heal","damage_taken":0,"max_hp_gain":0,"max_hp_loss":0,"event_name":"The Library","floor":20,"gold_loss":0},{"damage_healed":0,"gold_gain":0,"player_choice":"Ignored","damage_taken":0,"max_hp_gain":0,"max_hp_loss":0,"event_name":"Vampires","floor":21,"gold_loss":0}],"is_beta":true,"boss_relics":[{"not_picked":["Busted Crown","Pandora\u0027s Box"],"picked":"Nuclear Battery"}],"items_purged_floors":[10,24],"is_endless":false,"potions_floor_spawned":[4,12,13,14,18,25,29],"killed_by":"Collector","ascension_level":17}