{"gold_per_floor":[119,119,194,344,45,74,74,74,74,74,89,89,115,130,130,203,203,223,223,242,63,80,80,80],"floor_reached":24,"playtime":972,"items_purged":["Doubt"],"score":354,"play_id":"41a988b2-6ad1-4895-a78a-4c9efc53daef","local_time":"20190427001154","is_ascension_mode":true,"campfire_choices":[{"data":"Static Discharge","floor":7,"key":"SMITH"},{"floor":12,"key":"REST"},{"data":"Buffer","floor":15,"key":"SMITH"},{"floor":23,"key":"REST"}],"neow_cost":"CURSE","seed_source_timestamp":349604224175500,"circlet_count":0,"master_deck":["AscendersBane","Strike_B","Strike_B","Strike_B","Strike_B","Defend_B","Defend_B","Defend_B","Defend_B","Zap","Dualcast","Decay","Leap","Static Discharge+1","FTL","Lockon","Chill","Buffer+1","Doom and Gloom","Machine Learning","Conserve Battery","Darkness","FTL","Apotheosis","Tempest","Auto Shields"],"relics":["Cracked Core","DataDisk","Art of War","Prayer Wheel","Bronze Scales","Fusion Hammer","MutagenicStrength"],"potions_floor_usage":[13,16,20,22],"damage_taken":[{"damage":5,"enemies":"2 Louse","floor":1,"turns":3},{"damage":34,"enemies":"Lagavulin","floor":6,"turns":8},{"damage":7,"enemies":"Small Slimes","floor":11,"turns":4},{"damage":22,"enemies":"3 Sentries","floor":13,"turns":6},{"damage":0,"enemies":"Jaw Worm","floor":14,"turns":3},{"damage":15,"enemies":"Hexaghost","floor":16,"turns":9},{"damage":41,"enemies":"2 Thieves","floor":18,"turns":3},{"damage":0,"enemies":"3 Byrds","floor":20,"turns":2},{"damage":12,"enemies":"Snecko","floor":22,"turns":3},{"damage":39,"enemies":"Slavers","floor":24,"turns":3}],"seed_played":"315295973861388242","potions_obtained":[{"floor":6,"key":"Swift Potion"},{"floor":11,"key":"Block Potion"},{"floor":14,"key":"Dexterity Potion"},{"floor":16,"key":"PowerPotion"},{"floor":20,"key":"PowerPotion"}],"is_trial":false,"path_per_floor":["M","?","?","?","$","E","R","?","T","?","M","R","E","M","R","B",null,"M","?","M","$","M","R","E"],"character_chosen":"DEFECT","items_purchased":["DataDisk","Static Discharge","Apotheosis"],"campfire_rested":2,"item_purchase_floors":[5,5,21],"current_hp_per_floor":[73,73,62,62,62,28,28,28,28,28,21,46,24,24,24,9,66,25,25,25,25,13,38,0],"gold":80,"neow_bonus":"TWENTY_PERCENT_HP_BONUS","is_prod":false,"is_daily":false,"chose_seed":false,"campfire_upgraded":2,"win_rate":0,"timestamp":1556338314,"path_taken":["M","?","?","?","$","E","R","?","T","?","M","R","E","M","R","BOSS","M","?","M","$","M","R","E"],"build_version":"2019-01-23","purchased_purges":1,"victory":false,"max_hp_per_floor":[85,85,85,85,85,85,85,85,85,85,85,85,85,85,85,85,85,85,85,85,85,85,85,85],"card_choices":[{"not_picked":["Streamline","Rebound"],"picked":"Leap","floor":1},{"not_picked":["Force Field","Double Energy"],"picked":"FTL","floor":6},{"not_picked":["Compile Driver","Force Field"],"picked":"Lockon","floor":11},{"not_picked":["Hologram","Go for the Eyes"],"picked":"Chill","floor":11},{"not_picked":["Hologram","Leap"],"picked":"Buffer","floor":13},{"not_picked":["Chaos","Static Discharge"],"picked":"Doom and Gloom","floor":14},{"not_picked":["Compile Driver","Rip and Tear","Go for the Eyes"],"picked":"SKIP","floor":14},{"not_picked":["Seek","Rainbow"],"picked":"Machine Learning","floor":16},{"not_picked":["Go for the Eyes","Sweeping Beam"],"picked":"Conserve Battery","floor":18},{"not_picked":["Cold Snap","Undo"],"picked":"Darkness","floor":18},{"not_picked":["Compile Driver","Steam+1"],"picked":"FTL","floor":20},{"not_picked":["Turbo+1","Blizzard","Barrage"],"picked":"SKIP","floor":20},{"not_picked":["Compile Driver","Sweeping Beam"],"picked":"Tempest","floor":22},{"not_picked":["Blizzard","Sunder"],"picked":"Auto Shields","floor":22}],"player_experience":2849208,"relics_obtained":[{"floor":6,"key":"Art of War"},{"floor":9,"key":"Prayer Wheel"},{"floor":13,"key":"Bronze Scales"}],"event_choices":[{"damage_healed":0,"gold_gain":0,"player_choice":"Ignored","damage_taken":0,"max_hp_gain":0,"max_hp_loss":0,"event_name":"Golden Idol","floor":2,"gold_loss":0},{"damage_healed":0,"gold_gain":75,"player_choice":"Gather Gold","damage_taken":11,"max_hp_gain":0,"max_hp_loss":0,"event_name":"World of Goop","floor":3,"gold_loss":0},{"damage_healed":0,"gold_gain":150,"player_choice":"AGREE","damage_taken":0,"max_hp_gain":0,"max_hp_loss":0,"event_name":"Liars Game","floor":4,"gold_loss":0,"cards_obtained":["Doubt"]},{"damage_healed":0,"gold_gain":0,"player_choice":"Leave","damage_taken":0,"max_hp_gain":0,"max_hp_loss":0,"event_name":"The Cleric","floor":8,"gold_loss":0},{"damage_healed":0,"gold_gain":0,"player_choice":"Ignored","damage_taken":0,"max_hp_gain":0,"max_hp_loss":0,"event_name":"Shining Light","floor":10,"gold_loss":0},{"damage_healed":0,"gold_gain":0,"player_choice":"Inject Mutagens","damage_taken":0,"relics_obtained":["MutagenicStrength"],"max_hp_gain":0,"max_hp_loss":0,"event_name":"Drug Dealer","floor":19,"gold_loss":0}],"is_beta":false,"boss_relics":[{"not_picked":["Empty Cage","Tiny House"],"picked":"Fusion Hammer"}],"items_purged_floors":[5],"is_endless":false,"potions_floor_spawned":[6,11,14,16,18,20],"killed_by":"Slavers","ascension_level":15}