{"path_per_floor":["M","M","M","M","M","R","$","?","T","E","R","M","M","M","R","B",null,"M","M","?","M","M"],"character_chosen":"IRONCLAD","items_purchased":["Whirlwind","Mind Blast"],"gold_per_floor":[118,137,157,177,194,194,20,20,20,52,52,65,76,87,87,191,191,211,192,442,457,477],"floor_reached":23,"campfire_rested":0,"playtime":2179,"current_hp_per_floor":[70,69,72,63,48,48,48,41,41,35,35,41,43,49,49,12,76,75,74,74,58,40],"items_purged":[],"gold":477,"play_id":"c8eb9de9-e1f0-4b81-af66-00f022969f57","is_prod":false,"is_daily":false,"campfire_rituals":0,"campfire_upgraded":3,"is_hardmode":false,"path_taken":["M","M","M","M","M","R","$","?","T","E","R","M","M","M","R","BOSS","M","M","?","M","M","E"],"build_version":"2018-01-18-PROD4","purchased_purges":0,"victory":false,"master_deck":["Strike_R","Strike_R","Strike_R","Strike_R","Strike_R","Defend_R","Defend_R","Defend_R","Defend_R","Bash","Rampage","Pummel","Headbutt","Shrug It Off","Metallicize","Whirlwind","Mind Blast","Clothesline","Headbutt","Fire Breathing","Feed","Bludgeon","Body Slam","Whirlwind","Regret","Perfected Strike","Rupture"],"max_hp_per_floor":[72,72,72,72,72,72,72,72,72,72,72,72,72,72,72,76,76,80,84,84,88,88],"relics":["Burning Blood","Girya","Kunai","Toxic Egg","Bag of Marbles","Black Star"],"campfire_meditates":0,"card_choices":[{"not_picked":["Thunderclap","Clash"],"picked":"Rampage"},{"not_picked":["Heavy Blade","Limit Break"],"picked":"Pummel"},{"not_picked":["Cleave","Combust"],"picked":"Headbutt"},{"not_picked":["Sword Boomerang","Rage"],"picked":"Shrug It Off"},{"not_picked":["Second Wind","Warcry"],"picked":"Metallicize"},{"not_picked":["Flex","Sword Boomerang"],"picked":"Clothesline"},{"not_picked":["Body Slam","Clash"],"picked":"Headbutt"},{"not_picked":["Headbutt","Shrug It Off"],"picked":"Fire Breathing"},{"not_picked":["Heavy Blade","Dropkick"],"picked":"Feed"},{"not_picked":["Reaper","Feed"],"picked":"Bludgeon"},{"not_picked":["Thunderclap","Burning Pact"],"picked":"Body Slam"},{"not_picked":["Pommel Strike","Burning Pact"],"picked":"Whirlwind"},{"not_picked":["Sever Soul","Armaments"],"picked":"Perfected Strike"},{"not_picked":["Iron Wave","Flex"],"picked":"Rupture"}],"player_experience":3508,"potions_floor_usage":[16,16,16,22,23],"damage_taken":[{"damage":8,"enemies":"Jaw Worm","floor":1,"turns":4},{"damage":7,"enemies":"2 Louse","floor":2,"turns":3},{"damage":1,"enemies":"Cultist","floor":3,"turns":3},{"damage":15,"enemies":"Looter","floor":4,"turns":3},{"damage":21,"enemies":"Exordium Thugs","floor":5,"turns":5},{"damage":12,"enemies":"Gremlin Nob","floor":10,"turns":4},{"damage":0,"enemies":"Exordium Wildlife","floor":12,"turns":3},{"damage":4,"enemies":"Gremlin Gang","floor":13,"turns":4},{"damage":0,"enemies":"Looter","floor":14,"turns":2},{"damage":47,"enemies":"Slime Boss","floor":16,"turns":11},{"damage":11,"enemies":"Spheric Guardian","floor":18,"turns":4},{"damage":11,"enemies":"2 Thieves","floor":19,"turns":4},{"damage":26,"enemies":"Centurion and Healer","floor":21,"turns":4},{"damage":24,"enemies":"3 Cultists","floor":22,"turns":4},{"damage":42,"enemies":"Book of Stabbing","floor":23,"turns":4}],"event_choices":[{"event_name":"Scrap Ooze","player_choice":"success","floor":8,"damage_taken":7},{"event_name":"Golden Shrine","player_choice":"Desecrate","floor":20,"damage_taken":0}],"boss_relics":[{"not_picked":["Runic Pyramid","Velvet Choker"],"picked":"Black Star"}],"potions_floor_spawned":[1,5,12,13,16,21],"seed_played":"333406640693160758","killed_by":"Book of Stabbing","is_trial":false}