{"gold_per_floor":[115,131,143,156,168,168,228,228,228,262,273,8,337,337],"floor_reached":14,"playtime":3688,"items_purged":[],"score":189,"play_id":"295eb339-c280-414a-96e4-d2aba7745ffd","local_time":"20190503131805","is_ascension_mode":true,"campfire_choices":[{"data":"Crippling Poison","floor":6,"key":"SMITH"},{"data":"PiercingWail","floor":8,"key":"SMITH"}],"neow_cost":"NONE","seed_source_timestamp":1030442893526399,"circlet_count":0,"master_deck":["AscendersBane","Defend_G","Defend_G","Defend_G","Defend_G","Defend_G","Strike_G","Strike_G","Strike_G","Strike_G","Strike_G","Survivor","Neutralize","PiercingWail+1","Flying Knee","Adrenaline","Crippling Poison+1","Deadly Poison","Prepared","Poisoned Stab","Leg Sweep"],"relics":["Ring of the Snake","PreservedInsect","Oddly Smooth Stone","Mummified Hand","Turnip","Shuriken","Old Coin"],"potions_floor_usage":[7,7,11],"damage_taken":[{"damage":0,"enemies":"2 Louse","floor":1,"turns":5},{"damage":9,"enemies":"Small Slimes","floor":2,"turns":8},{"damage":3,"enemies":"Jaw Worm","floor":3,"turns":5},{"damage":0,"enemies":"Blue Slaver","floor":4,"turns":6},{"damage":0,"enemies":"2 Fungi Beasts","floor":5,"turns":4},{"damage":5,"enemies":"Lagavulin Event","floor":7,"turns":4},{"damage":3,"enemies":"Lagavulin","floor":10,"turns":5},{"damage":4,"enemies":"Lots of Slimes","floor":11,"turns":2},{"damage":21,"enemies":"Gremlin Nob","floor":13,"turns":4}],"seed_played":"3746524805457938665","potions_obtained":[{"floor":4,"key":"Poison Potion"},{"floor":5,"key":"GhostInAJar"},{"floor":7,"key":"SkillPotion"},{"floor":10,"key":"SpeedPotion"},{"floor":11,"key":"Ancient Potion"}],"is_trial":false,"path_per_floor":["M","M","M","M","M","R","?","R","T","E","M","$","E","?"],"character_chosen":"THE_SILENT","items_purchased":["Shuriken"],"campfire_rested":0,"item_purchase_floors":[12],"current_hp_per_floor":[59,50,47,47,47,47,42,42,42,39,35,35,14,0],"gold":337,"neow_bonus":"RANDOM_COMMON_RELIC","is_prod":false,"is_daily":false,"chose_seed":false,"campfire_upgraded":2,"win_rate":0,"timestamp":1556882285,"path_taken":["M","M","M","M","M","R","?","R","T","E","M","$","E","?"],"build_version":"2019-04-23","purchased_purges":0,"victory":false,"max_hp_per_floor":[66,66,66,66,66,66,66,66,66,66,66,66,66,66],"card_choices":[{"not_picked":["Prepared","Quick Slash"],"picked":"PiercingWail","floor":1},{"not_picked":["Acrobatics","Dagger Throw"],"picked":"Flying Knee","floor":2},{"not_picked":["Backstab","Heel Hook"],"picked":"Adrenaline","floor":3},{"not_picked":["PiercingWail","Deflect"],"picked":"Crippling Poison","floor":4},{"not_picked":["Underhanded Strike","Dodge and Roll"],"picked":"Deadly Poison","floor":5},{"not_picked":["Expertise","Dagger Throw"],"picked":"Prepared","floor":10},{"not_picked":["Outmaneuver","Prepared"],"picked":"Poisoned Stab","floor":11},{"not_picked":["Backflip","Deadly Poison"],"picked":"Leg Sweep","floor":13}],"player_experience":1450410,"relics_obtained":[{"floor":7,"key":"Oddly Smooth Stone"},{"floor":9,"key":"Mummified Hand"},{"floor":10,"key":"Turnip"},{"floor":13,"key":"Old Coin"}],"event_choices":[{"damage_healed":0,"gold_gain":0,"player_choice":"Searched \u00271\u0027 times","damage_taken":0,"max_hp_gain":0,"max_hp_loss":0,"event_name":"Dead Adventurer","floor":7,"gold_loss":0}],"is_beta":true,"boss_relics":[],"items_purged_floors":[],"is_endless":false,"potions_floor_spawned":[4,5,7,10,11,13],"ascension_level":17}