{"gold_per_floor":[110,110,120,45,45,45,45,45,45,65,82,160,160,136,136,207,257,228,228,32,32,32,32,32],"floor_reached":24,"playtime":564,"items_purged":["Strike_R"],"score":315,"play_id":"8c10a3f3-5c3b-435a-b38b-a96a9115734f","local_time":"20190121031408","is_ascension_mode":true,"campfire_choices":[{"data":"Bash","floor":6,"key":"SMITH"},{"data":"Headbutt","floor":8,"key":"SMITH"},{"data":"Rampage","floor":13,"key":"SMITH"},{"data":"Warcry","floor":15,"key":"SMITH"},{"data":"Metamorphosis","floor":23,"key":"SMITH"}],"neow_cost":"NONE","seed_source_timestamp":10796550517300,"circlet_count":0,"master_deck":["AscendersBane","Strike_R+1","Strike_R+1","Strike_R+1","Strike_R+1","Defend_R+1","Defend_R+1","Defend_R+1","Defend_R+1","Bash+1","Headbutt+1","Rampage+1","Sentinel","Warcry+1","Barricade","Uppercut","Cleave","Metamorphosis+1","Decay"],"relics":["Burning Blood","Dream Catcher","StoneCalendar","Tiny House"],"potions_floor_usage":[16],"damage_taken":[{"damage":14,"enemies":"Jaw Worm","floor":1,"turns":5},{"damage":0,"enemies":"Small Slimes","floor":3,"turns":3},{"damage":1,"enemies":"Cultist","floor":10,"turns":3},{"damage":14,"enemies":"Blue Slaver","floor":11,"turns":4},{"damage":23,"enemies":"Slime Boss","floor":16,"turns":7},{"damage":47,"enemies":"2 Thieves","floor":18,"turns":5},{"damage":40,"enemies":"Chosen","floor":24,"turns":4}],"seed_played":"6429785610667069486","potions_obtained":[{"floor":11,"key":"Ancient Potion"},{"floor":17,"key":"SneckoOil"}],"is_trial":false,"path_per_floor":["M","?","M","$","?","R","?","R","T","M","M","?","R","$","R","B",null,"M","?","$","?","?","R","M"],"character_chosen":"IRONCLAD","items_purchased":["Warcry","Metamorphosis"],"campfire_rested":0,"item_purchase_floors":[14,20],"current_hp_per_floor":[67,62,68,68,68,68,68,68,68,73,65,65,65,65,65,48,79,38,38,38,38,38,38,0],"gold":32,"neow_bonus":"TEN_PERCENT_HP_BONUS","is_prod":false,"is_daily":false,"chose_seed":false,"campfire_upgraded":5,"win_rate":0,"timestamp":1548058448,"path_taken":["M","?","M","$","?","R","?","R","T","M","M","?","R","$","R","BOSS","M","?","$","?","?","R","?"],"build_version":"2019-01-17v2","purchased_purges":1,"victory":false,"max_hp_per_floor":[82,82,82,82,82,82,82,82,82,82,82,82,82,82,82,82,87,87,87,87,87,87,87,87],"card_choices":[{"not_picked":["Pommel Strike","True Grit"],"picked":"Headbutt","floor":1},{"not_picked":["Wild Strike","Heavy Blade","Thunderclap"],"picked":"SKIP","floor":3},{"not_picked":["Twin Strike","Pummel"],"picked":"Rampage","floor":10},{"not_picked":["Perfected Strike","Anger"],"picked":"Sentinel","floor":11},{"not_picked":["Brutality","Exhume"],"picked":"Barricade","floor":16},{"not_picked":["Wild Strike","Body Slam"],"picked":"Uppercut","floor":17},{"not_picked":["Wild Strike","Clash"],"picked":"Cleave","floor":18}],"player_experience":1815255,"relics_obtained":[{"floor":9,"key":"StoneCalendar"}],"event_choices":[{"damage_healed":0,"gold_gain":0,"player_choice":"Success","damage_taken":5,"relics_obtained":["Dream Catcher"],"max_hp_gain":0,"max_hp_loss":0,"event_name":"Scrap Ooze","floor":2,"gold_loss":0},{"damage_healed":0,"gold_gain":0,"player_choice":"Ignored","damage_taken":0,"max_hp_gain":0,"max_hp_loss":0,"event_name":"Golden Idol","floor":5,"gold_loss":0},{"damage_healed":0,"gold_gain":0,"player_choice":"Ignored","damage_taken":0,"max_hp_gain":0,"max_hp_loss":0,"event_name":"Shining Light","floor":7,"gold_loss":0},{"damage_healed":0,"gold_gain":78,"player_choice":"Gained Gold","damage_taken":0,"max_hp_gain":0,"max_hp_loss":0,"event_name":"Golden Wing","floor":12,"gold_loss":0},{"damage_healed":0,"gold_gain":0,"player_choice":"Simplicity","damage_taken":0,"max_hp_gain":0,"max_hp_loss":0,"event_name":"Back to Basics","floor":19,"gold_loss":0,"cards_upgraded":["Strike_R","Strike_R","Strike_R","Defend_R","Defend_R","Defend_R","Defend_R"]},{"damage_healed":0,"gold_gain":0,"player_choice":"Ignored","damage_taken":0,"max_hp_gain":0,"max_hp_loss":0,"event_name":"Vampires","floor":21,"gold_loss":0},{"damage_healed":0,"gold_gain":0,"player_choice":"Smashed Altar","damage_taken":0,"max_hp_gain":0,"max_hp_loss":0,"event_name":"Forgotten Altar","floor":22,"gold_loss":0,"cards_obtained":["Decay"]}],"is_beta":false,"boss_relics":[{"not_picked":["Ectoplasm","Orrery"],"picked":"Tiny House"}],"items_purged_floors":[4],"is_endless":false,"potions_floor_spawned":[11],"killed_by":"Chosen","ascension_level":15}