{"gold_per_floor":[415,24,38,38,58,87,87,119,146,46,46],"floor_reached":11,"playtime":974,"items_purged":["Strike_G"],"score":97,"play_id":"38691f67-185c-4888-90a3-35cf64ffb98a","local_time":"20190518215740","is_ascension_mode":true,"campfire_choices":[{"floor":7,"key":"REST"}],"neow_cost":"PERCENT_DAMAGE","seed_source_timestamp":267943472687400,"circlet_count":0,"master_deck":["Defend_G","Defend_G","Defend_G","Defend_G","Defend_G","Strike_G","Strike_G","Strike_G","Strike_G","Survivor","Neutralize","Leg Sweep","Jack Of All Trades","Footwork","Doppelganger","Blur","Slice","Bane","Deadly Poison"],"relics":["Ring of the Snake","Old Coin","Bag of Marbles","Anchor","Juzu Bracelet","Art of War"],"potions_floor_usage":[8,11],"damage_taken":[{"damage":0,"enemies":"Small Slimes","floor":1,"turns":4},{"damage":0,"enemies":"Cultist","floor":3,"turns":6},{"damage":0,"enemies":"2 Louse","floor":5,"turns":7},{"damage":33,"enemies":"3 Sentries","floor":6,"turns":19},{"damage":35,"enemies":"Lagavulin","floor":8,"turns":11},{"damage":3,"enemies":"Large Slime","floor":11,"turns":3}],"seed_played":"-7629842242186777448","potions_obtained":[{"floor":3,"key":"Regen Potion"},{"floor":6,"key":"Poison Potion"},{"floor":8,"key":"FearPotion"}],"is_trial":false,"path_per_floor":["M","$","M","?","M","E","R","E","T","$","M"],"character_chosen":"THE_SILENT","items_purchased":["Jack Of All Trades","Footwork","Doppelganger","AttackPotion","Strength Potion"],"campfire_rested":1,"item_purchase_floors":[2,2,2,10,10],"current_hp_per_floor":[49,49,49,49,49,16,37,2,2,2,0],"gold":46,"neow_bonus":"ONE_RARE_RELIC","is_prod":false,"is_daily":false,"chose_seed":false,"campfire_upgraded":0,"win_rate":0,"timestamp":1558209460,"path_taken":["M","$","M","?","?","E","R","E","T","$","M"],"build_version":"2019-05-07","purchased_purges":1,"victory":false,"max_hp_per_floor":[70,70,70,70,70,70,70,70,70,70,70],"card_choices":[{"not_picked":["Bane","Flying Knee"],"picked":"Leg Sweep","floor":1},{"not_picked":["Prepared","Caltrops"],"picked":"Blur","floor":3},{"not_picked":["Dodge and Roll","Dagger Throw"],"picked":"Slice","floor":5},{"not_picked":["Dagger Spray","Sucker Punch"],"picked":"Bane","floor":6},{"not_picked":["Underhanded Strike","Poisoned Stab"],"picked":"Deadly Poison","floor":8}],"player_experience":294781,"relics_obtained":[{"floor":6,"key":"Anchor"},{"floor":8,"key":"Juzu Bracelet"},{"floor":9,"key":"Art of War"}],"event_choices":[{"damage_healed":0,"gold_gain":0,"player_choice":"Gave Potion","damage_taken":0,"relics_obtained":["Bag of Marbles"],"max_hp_gain":0,"max_hp_loss":0,"event_name":"WeMeetAgain","floor":4,"gold_loss":0}],"is_beta":true,"boss_relics":[],"items_purged_floors":[2],"is_endless":false,"potions_floor_spawned":[3,6,8],"killed_by":"Large Slime","ascension_level":4}