{"gold_per_floor":[111,125,142,161,181,181,181,181,181,210,64,64,5,31,31,130,130,148,163,32,32,43,43,43,76,126,126],"floor_reached":27,"playtime":875,"items_purged":["Strike_B"],"score":289,"play_id":"00c05699-8546-4651-abd7-dad475155c9f","local_time":"20190422162152","is_ascension_mode":true,"campfire_choices":[{"data":"Hologram","floor":6,"key":"SMITH"},{"data":"Dualcast","floor":8,"key":"SMITH"},{"data":"Loop","floor":12,"key":"SMITH"},{"data":"Darkness","floor":15,"key":"SMITH"},{"data":"Self Repair","floor":23,"key":"SMITH"}],"neow_cost":"NONE","seed_source_timestamp":93885432539402,"circlet_count":0,"master_deck":["Strike_B","Strike_B+1","Strike_B+1","Defend_B","Defend_B","Defend_B","Defend_B","Zap+1","Dualcast+1","Defragment+1","Leap","Hologram+1","Loop+1","Darkness+1","Self Repair","Self Repair+1","Ball Lightning","Streamline","Defragment+1"],"relics":["Cracked Core","Mercury Hourglass","Whetstone","Mango","Happy Flower","Coffee Dripper","MutagenicStrength","WingedGreaves","Centennial Puzzle"],"potions_floor_usage":[25,25,25,25,27,27],"damage_taken":[{"damage":2,"enemies":"Jaw Worm","floor":1,"turns":4},{"damage":0,"enemies":"Cultist","floor":2,"turns":3},{"damage":0,"enemies":"2 Louse","floor":3,"turns":3},{"damage":3,"enemies":"Blue Slaver","floor":4,"turns":3},{"damage":9,"enemies":"3 Louse","floor":5,"turns":4},{"damage":14,"enemies":"Lagavulin","floor":10,"turns":6},{"damage":6,"enemies":"3 Sentries","floor":14,"turns":5},{"damage":16,"enemies":"The Guardian","floor":16,"turns":6},{"damage":2,"enemies":"Spheric Guardian","floor":18,"turns":3},{"damage":38,"enemies":"3 Byrds","floor":19,"turns":5},{"damage":37,"enemies":"Shelled Parasite and Fungi","floor":22,"turns":4},{"damage":3,"enemies":"Slavers","floor":25,"turns":5},{"damage":26,"enemies":"Book of Stabbing","floor":27,"turns":4}],"seed_played":"-9116576422622619494","potions_obtained":[{"floor":2,"key":"Fire Potion"},{"floor":5,"key":"GamblersBrew"},{"floor":18,"key":"EntropicBrew"},{"floor":25,"key":"GamblersBrew"}],"is_trial":false,"path_per_floor":["M","M","M","M","M","R","?","R","T","E","$","R","?","E","R","B",null,"M","M","$","?","M","R","?","E","T","E"],"character_chosen":"DEFECT","items_purchased":["Loop","Self Repair","Ball Lightning"],"campfire_rested":0,"item_purchase_floors":[11,20,20],"current_hp_per_floor":[73,73,73,70,61,61,61,61,61,47,47,47,61,55,55,39,89,87,49,49,49,26,26,26,23,23,0],"gold":126,"neow_bonus":"UPGRADE_CARD","is_prod":false,"is_daily":false,"chose_seed":false,"campfire_upgraded":5,"win_rate":0,"timestamp":1555942912,"path_taken":["M","M","M","M","M","R","?","R","T","E","$","R","?","E","R","BOSS","M","M","$","?","M","R","?","E","T","E"],"build_version":"2019-04-21","purchased_purges":1,"victory":false,"max_hp_per_floor":[75,75,75,75,75,75,75,75,75,75,75,75,89,89,89,89,89,89,89,89,89,89,89,89,89,89,89],"card_choices":[{"not_picked":["Gash","Beam Cell"],"picked":"Defragment","floor":1},{"not_picked":["Sunder","Go for the Eyes","Gash"],"picked":"SKIP","floor":2},{"not_picked":["Gash","Steam"],"picked":"Leap","floor":3},{"not_picked":["Chaos","Reboot","Leap"],"picked":"SKIP","floor":4},{"not_picked":["Coolheaded","Steam Power"],"picked":"Hologram","floor":5},{"not_picked":["BootSequence","Rebound","Hello World"],"picked":"SKIP","floor":10},{"not_picked":["Leap","Chill"],"picked":"Darkness","floor":14},{"not_picked":["Gash","Stack","Leap"],"picked":"SKIP","floor":18},{"not_picked":["Hologram","Consume"],"picked":"Self Repair","floor":19},{"not_picked":["Reinforced Body","Rebound"],"picked":"Streamline","floor":22},{"not_picked":["Hologram","Tempest","Go for the Eyes"],"picked":"SKIP","floor":25}],"player_experience":1161646,"relics_obtained":[{"floor":9,"key":"Mercury Hourglass"},{"floor":10,"key":"Whetstone"},{"floor":14,"key":"Happy Flower"},{"floor":25,"key":"WingedGreaves"},{"floor":26,"key":"Centennial Puzzle"}],"event_choices":[{"damage_healed":0,"gold_gain":0,"player_choice":"Grow","damage_taken":0,"max_hp_gain":0,"max_hp_loss":0,"event_name":"Living Wall","floor":7,"gold_loss":0,"cards_upgraded":["Defragment"]},{"damage_healed":0,"gold_gain":0,"player_choice":"Paid Gold","damage_taken":0,"relics_obtained":["Mango"],"max_hp_gain":0,"max_hp_loss":0,"event_name":"WeMeetAgain","floor":13,"gold_loss":59},{"damage_healed":0,"gold_gain":0,"player_choice":"Inject Mutagens","damage_taken":0,"relics_obtained":["MutagenicStrength"],"max_hp_gain":0,"max_hp_loss":0,"event_name":"Drug Dealer","floor":21,"gold_loss":0},{"damage_healed":0,"gold_gain":0,"player_choice":"Copied","damage_taken":0,"max_hp_gain":0,"max_hp_loss":0,"event_name":"Duplicator","floor":24,"gold_loss":0,"cards_obtained":["Defragment"]}],"is_beta":true,"boss_relics":[{"not_picked":["Runic Dome","Black Star"],"picked":"Coffee Dripper"}],"items_purged_floors":[11],"is_endless":false,"potions_floor_spawned":[2,5,18,25],"killed_by":"Book of Stabbing","ascension_level":4}