{"gold_per_floor":[109,109,109,123,138,166,166],"floor_reached":7,"playtime":174,"items_purged":[],"score":97,"play_id":"9bd6d567-8f07-44b3-b225-7b00bba3963e","local_time":"20190507114823","is_ascension_mode":true,"campfire_choices":[],"neow_cost":"NONE","seed_source_timestamp":1374178954085900,"circlet_count":0,"master_deck":["AscendersBane","Defend_G","Defend_G","Defend_G","Defend_G","Defend_G","Strike_G","Strike_G","Strike_G","Strike_G","Strike_G+1","Survivor","Neutralize+1","Cloak And Dagger+1","Backflip","Deadly Poison","Dagger Spray"],"relics":["Ring of the Snake","NeowsBlessing","Bronze Scales"],"potions_floor_usage":[],"damage_taken":[{"damage":0,"enemies":"Small Slimes","floor":1,"turns":1},{"damage":0,"enemies":"2 Louse","floor":4,"turns":1},{"damage":0,"enemies":"Jaw Worm","floor":5,"turns":1},{"damage":34,"enemies":"Lagavulin","floor":6,"turns":8},{"damage":11,"enemies":"The Mushroom Lair","floor":7,"turns":2}],"seed_played":"-921020889449881486","potions_obtained":[{"floor":1,"key":"GamblersBrew"}],"is_trial":false,"path_per_floor":["M","?","?","M","M","E","?"],"character_chosen":"THE_SILENT","items_purchased":[],"campfire_rested":0,"item_purchase_floors":[],"current_hp_per_floor":[59,59,39,39,39,5,0],"gold":166,"neow_bonus":"THREE_ENEMY_KILL","is_prod":false,"is_daily":false,"chose_seed":false,"campfire_upgraded":0,"win_rate":0,"timestamp":1557222503,"path_taken":["M","?","?","M","M","E","?"],"build_version":"2019-04-23","purchased_purges":0,"victory":false,"max_hp_per_floor":[66,66,66,66,66,66,66],"card_choices":[{"not_picked":["Well Laid Plans","Dagger Spray"],"picked":"Cloak And Dagger","floor":1},{"not_picked":["Blade Dance","Flying Knee"],"picked":"Backflip","floor":4},{"not_picked":["Eviscerate","All Out Attack"],"picked":"Deadly Poison","floor":5},{"not_picked":["Infinite Blades","Riddle With Holes"],"picked":"Dagger Spray","floor":6}],"player_experience":1554848,"relics_obtained":[{"floor":6,"key":"Bronze Scales"}],"event_choices":[{"damage_healed":0,"gold_gain":0,"player_choice":"Grow","damage_taken":0,"max_hp_gain":0,"max_hp_loss":0,"event_name":"Living Wall","floor":2,"gold_loss":0,"cards_upgraded":["Cloak And Dagger"]},{"damage_healed":0,"gold_gain":0,"player_choice":"Entered Light","damage_taken":20,"max_hp_gain":0,"max_hp_loss":0,"event_name":"Shining Light","floor":3,"gold_loss":0,"cards_upgraded":["Neutralize","Strike_G"]},{"damage_healed":0,"gold_gain":0,"player_choice":"Fought Mushrooms","damage_taken":0,"max_hp_gain":0,"max_hp_loss":0,"event_name":"Mushrooms","floor":7,"gold_loss":0}],"is_beta":true,"boss_relics":[],"items_purged_floors":[],"is_endless":false,"potions_floor_spawned":[1],"killed_by":"The Mushroom Lair","ascension_level":18}