{"gold_per_floor":[113,38,51,51,67,67,22,51,132,144,159,92,92,92,92,92],"floor_reached":16,"playtime":564,"items_purged":["Strike_R"],"score":170,"play_id":"ab777d5b-3f11-429a-906c-25183897f369","local_time":"20190119171757","is_ascension_mode":true,"campfire_choices":[{"data":"Seeing Red","floor":6,"key":"SMITH"},{"floor":13,"key":"REST"},{"data":"Corruption","floor":15,"key":"SMITH"}],"neow_cost":"NONE","seed_source_timestamp":282659511312700,"circlet_count":0,"master_deck":["AscendersBane","Strike_R","Strike_R","Strike_R","Defend_R","Defend_R","Defend_R","Defend_R","Bash","Intimidate","Ghostly Armor","Seeing Red+1","Cleave","Corruption+1","Inflame","Pommel Strike","Spot Weakness"],"relics":["Burning Blood","Pen Nib","Bottled Lightning","Bottled Tornado"],"potions_floor_usage":[5,16],"damage_taken":[{"damage":1,"enemies":"Cultist","floor":1,"turns":3},{"damage":0,"enemies":"Small Slimes","floor":3,"turns":3},{"damage":11,"enemies":"Jaw Worm","floor":5,"turns":7},{"damage":1,"enemies":"Looter","floor":7,"turns":5},{"damage":34,"enemies":"Gremlin Nob","floor":8,"turns":5},{"damage":16,"enemies":"Blue Slaver","floor":10,"turns":6},{"damage":19,"enemies":"Exordium Wildlife","floor":11,"turns":6},{"damage":55,"enemies":"Hexaghost","floor":16,"turns":9}],"seed_played":"5964660872013320263","potions_obtained":[{"floor":1,"key":"SkillPotion"},{"floor":10,"key":"Fire Potion"}],"is_trial":false,"path_per_floor":["M","$","M","?","M","R","M","E","T","M","M","$","R","T","R","B"],"character_chosen":"IRONCLAD","items_purchased":["Spot Weakness"],"campfire_rested":1,"item_purchase_floors":[12],"current_hp_per_floor":[80,80,82,82,77,77,82,54,54,44,31,31,55,55,55,0],"gold":92,"neow_bonus":"TEN_PERCENT_HP_BONUS","is_prod":false,"is_daily":false,"chose_seed":false,"campfire_upgraded":2,"win_rate":0,"timestamp":1547936277,"path_taken":["M","$","?","?","M","R","M","E","T","M","?","?","R","?","R","BOSS"],"build_version":"2019-01-17v2","purchased_purges":1,"victory":false,"max_hp_per_floor":[82,82,82,82,82,82,82,82,82,82,82,82,82,82,82,82],"card_choices":[{"not_picked":["Flex","Anger"],"picked":"Intimidate","floor":1},{"not_picked":["Havoc","Twin Strike"],"picked":"Ghostly Armor","floor":3},{"not_picked":["Twin Strike","Combust"],"picked":"Seeing Red","floor":5},{"not_picked":["Headbutt","Second Wind"],"picked":"Cleave","floor":7},{"not_picked":["Body Slam","Inflame"],"picked":"Corruption","floor":8},{"not_picked":["Power Through","Body Slam"],"picked":"Inflame","floor":10},{"not_picked":["Havoc","Wild Strike"],"picked":"Pommel Strike","floor":11}],"player_experience":1800898,"relics_obtained":[{"floor":8,"key":"Pen Nib"},{"floor":9,"key":"Bottled Lightning"},{"floor":14,"key":"Bottled Tornado"}],"event_choices":[{"cards_removed":["Strike_R"],"damage_healed":0,"gold_gain":0,"player_choice":"Purged","damage_taken":0,"max_hp_gain":0,"max_hp_loss":0,"event_name":"Purifier","floor":4,"gold_loss":0}],"is_beta":false,"boss_relics":[],"items_purged_floors":[2],"is_endless":false,"potions_floor_spawned":[1,10],"killed_by":"Hexaghost","ascension_level":14}