{"gold_per_floor":[117,42,42,61,61,61,92,92,92,111,261,261],"floor_reached":12,"playtime":166,"items_purged":[],"score":192,"play_id":"9f26069c-976d-458c-aa09-9a8c23f1aacb","local_time":"20190507142427","is_ascension_mode":true,"campfire_choices":[{"data":"PiercingWail","floor":6,"key":"SMITH"},{"floor":8,"key":"REST"}],"neow_cost":"NONE","seed_source_timestamp":1383549631140303,"circlet_count":0,"master_deck":["AscendersBane","Defend_G","Defend_G","Defend_G","Defend_G","Defend_G","Strike_G","Strike_G","Strike_G","Survivor","Neutralize","PiercingWail+1","Backflip","Grand Finale","Setup","Doubt"],"relics":["Ring of the Snake","NeowsBlessing","Mercury Hourglass","Frozen Egg 2","Boot"],"potions_floor_usage":[12],"damage_taken":[{"damage":0,"enemies":"Small Slimes","floor":1,"turns":1},{"damage":0,"enemies":"Jaw Worm","floor":4,"turns":1},{"damage":0,"enemies":"Lagavulin","floor":7,"turns":1},{"damage":0,"enemies":"2 Louse","floor":10,"turns":3},{"damage":47,"enemies":"Gremlin Nob","floor":12,"turns":4}],"seed_played":"621819555936509370","potions_obtained":[{"floor":4,"key":"Poison Potion"}],"is_trial":false,"path_per_floor":["M","?","?","M","?","R","E","R","T","M","?","E"],"character_chosen":"THE_SILENT","items_purchased":[],"campfire_rested":1,"item_purchase_floors":[],"current_hp_per_floor":[59,59,24,24,17,17,17,36,36,36,36,0],"gold":261,"neow_bonus":"THREE_ENEMY_KILL","is_prod":false,"is_daily":false,"chose_seed":false,"campfire_upgraded":1,"win_rate":0,"timestamp":1557231867,"path_taken":["M","?","?","M","?","R","E","R","T","M","?","E"],"build_version":"2019-04-23","purchased_purges":0,"victory":false,"max_hp_per_floor":[66,66,66,66,66,66,66,66,66,66,66,66],"card_choices":[{"not_picked":["Crippling Poison","Sucker Punch"],"picked":"PiercingWail","floor":1},{"not_picked":["Dagger Spray","Terror"],"picked":"Backflip","floor":4},{"not_picked":["Expertise","Acrobatics"],"picked":"Grand Finale","floor":7},{"not_picked":["Choke","Skewer"],"picked":"Setup","floor":10}],"player_experience":1560507,"relics_obtained":[{"floor":7,"key":"Frozen Egg 2"},{"floor":9,"key":"Boot"}],"event_choices":[{"cards_removed":["Strike_G"],"damage_healed":0,"gold_gain":0,"player_choice":"Card Removal","damage_taken":0,"max_hp_gain":0,"max_hp_loss":0,"event_name":"The Cleric","floor":2,"gold_loss":75},{"damage_healed":0,"gold_gain":0,"player_choice":"Success","damage_taken":35,"relics_obtained":["Mercury Hourglass"],"max_hp_gain":0,"max_hp_loss":0,"event_name":"Scrap Ooze","floor":3,"gold_loss":0},{"cards_removed":["Strike_G"],"damage_healed":0,"gold_gain":0,"player_choice":"Card Removal","damage_taken":7,"max_hp_gain":0,"max_hp_loss":0,"event_name":"Golden Wing","floor":5,"gold_loss":0},{"damage_healed":0,"gold_gain":150,"player_choice":"AGREE","damage_taken":0,"max_hp_gain":0,"max_hp_loss":0,"event_name":"Liars Game","floor":11,"gold_loss":0,"cards_obtained":["Doubt"]}],"is_beta":true,"boss_relics":[],"items_purged_floors":[],"is_endless":false,"potions_floor_spawned":[4],"killed_by":"Gremlin Nob","ascension_level":18}