{"gold_per_floor":[368,15,90,109,9,335,335,410,410,428,428,440,474,474,474,474],"floor_reached":16,"playtime":694,"items_purged":["Strike_R","Strike_R"],"score":165,"play_id":"375f219f-cf91-49c7-9bad-72cb84546504","local_time":"20190104001253","is_ascension_mode":true,"campfire_choices":[{"floor":7,"key":"REST"},{"floor":11,"key":"REST"},{"floor":15,"key":"REST"}],"neow_cost":"CURSE","seed_source_timestamp":351119784891100,"circlet_count":0,"master_deck":["AscendersBane","Strike_R","Strike_R","Strike_R","Defend_R","Defend_R","Defend_R","Defend_R","Bash","Injury","Feel No Pain","Violence","Armaments","Rampage","Whirlwind","Spot Weakness","Infernal Blade","Ghostly Armor"],"relics":["Burning Blood","Old Coin","Kunai","Bottled Flame"],"potions_floor_usage":[6,14,14],"damage_taken":[{"damage":9,"enemies":"2 Louse","floor":1,"turns":3},{"damage":18,"enemies":"Jaw Worm","floor":4,"turns":5},{"damage":41,"enemies":"Lagavulin","floor":6,"turns":9},{"damage":2,"enemies":"Cultist","floor":10,"turns":5},{"damage":22,"enemies":"Exordium Wildlife","floor":12,"turns":6},{"damage":32,"enemies":"3 Sentries","floor":13,"turns":8},{"damage":0,"enemies":"3 Louse","floor":14,"turns":1},{"damage":44,"enemies":"Hexaghost","floor":16,"turns":9}],"seed_played":"6315160190349777357","potions_obtained":[{"floor":4,"key":"Dexterity Potion"},{"floor":6,"key":"SmokeBomb"},{"floor":13,"key":"PowerPotion"}],"is_trial":false,"path_per_floor":["M","$","?","M","$","E","R","?","T","M","R","M","E","M","R","B"],"character_chosen":"IRONCLAD","items_purchased":["Violence","Armaments","Rampage"],"campfire_rested":3,"item_purchase_floors":[2,2,2],"current_hp_per_floor":[69,69,58,46,46,11,35,27,27,31,55,39,13,19,43,0],"gold":474,"neow_bonus":"TWO_FIFTY_GOLD","is_prod":false,"is_daily":false,"chose_seed":false,"campfire_upgraded":0,"win_rate":0,"timestamp":1546578773,"path_taken":["M","$","?","M","$","E","R","?","T","M","R","M","E","M","R","BOSS"],"build_version":"2019-01-03","purchased_purges":2,"victory":false,"max_hp_per_floor":[80,80,80,80,80,80,80,80,80,80,80,80,80,80,80,80],"card_choices":[{"not_picked":["Rage","Sword Boomerang"],"picked":"Feel No Pain","floor":1},{"not_picked":["Combust","Entrench","Dual Wield"],"picked":"SKIP","floor":4},{"not_picked":["Havoc","Iron Wave"],"picked":"Whirlwind","floor":6},{"not_picked":["Clash","Sentinel"],"picked":"Spot Weakness","floor":10},{"not_picked":["Anger","Dropkick"],"picked":"Infernal Blade","floor":12},{"not_picked":["Perfected Strike","Cleave"],"picked":"Ghostly Armor","floor":13}],"player_experience":1669334,"relics_obtained":[{"floor":6,"key":"Old Coin"},{"floor":9,"key":"Kunai"},{"floor":13,"key":"Bottled Flame"}],"event_choices":[{"damage_healed":0,"gold_gain":75,"player_choice":"Gather Gold","damage_taken":11,"max_hp_gain":0,"max_hp_loss":0,"event_name":"World of Goop","floor":3,"gold_loss":0},{"damage_healed":0,"gold_gain":75,"player_choice":"Touch","damage_taken":8,"max_hp_gain":0,"max_hp_loss":0,"event_name":"FaceTrader","floor":8,"gold_loss":0}],"is_beta":false,"boss_relics":[],"items_purged_floors":[2,5],"is_endless":false,"potions_floor_spawned":[4,6,13,14],"killed_by":"Hexaghost","ascension_level":10}