{"gold_per_floor":[111,61,37,37,55,55,81,27,78,78,0,17,17,27,27,132,132,150,224,19,32,32,60,60,60,112,112,144,159,175,175,175,272,272,283,302,302],"floor_reached":37,"playtime":3629,"items_purged":["Strike_B"],"score":516,"play_id":"750381d5-ed39-449a-b1fe-a558d6fbc94b","local_time":"20190424132616","is_ascension_mode":true,"campfire_choices":[{"data":"Dualcast","floor":6,"key":"SMITH"},{"data":"Fusion","floor":10,"key":"SMITH"},{"data":"Go for the Eyes","floor":13,"key":"SMITH"},{"data":"Seek","floor":15,"key":"SMITH"},{"data":"Hologram","floor":25,"key":"SMITH"},{"floor":27,"key":"REST"},{"floor":32,"key":"REST"}],"neow_cost":"NONE","seed_source_timestamp":253393764416049,"circlet_count":0,"master_deck":["Strike_B","Defend_B","Defend_B","Defend_B","Defend_B","Zap+1","Dualcast+1","Capacitor","Ball Lightning","Fusion+1","Doom and Gloom","Compile Driver","Sweeping Beam","Go for the Eyes+1","Genetic Algorithm","Seek+1","Core Surge","Cold Snap","Genetic Algorithm","Ball Lightning","Steam+1","Hologram+1","Hologram+1","Consume","Redo","Echo Form","Lockon+1"],"relics":["Cracked Core","NeowsBlessing","Pen Nib","Oddly Smooth Stone","Runic Pyramid","Bottled Tornado","MutagenicStrength","Sundial","Omamori","Unceasing Top","Blood Vial","Busted Crown"],"potions_floor_usage":[28],"damage_taken":[{"damage":0,"enemies":"Small Slimes","floor":1,"turns":1},{"damage":0,"enemies":"Jaw Worm","floor":5,"turns":1},{"damage":0,"enemies":"Lagavulin","floor":7,"turns":1},{"damage":0,"enemies":"Cultist","floor":12,"turns":3},{"damage":9,"enemies":"3 Louse","floor":14,"turns":3},{"damage":39,"enemies":"The Guardian","floor":16,"turns":8},{"damage":9,"enemies":"Shell Parasite","floor":18,"turns":4},{"damage":15,"enemies":"3 Byrds","floor":21,"turns":3},{"damage":5,"enemies":"Gremlin Leader","floor":23,"turns":6},{"damage":36,"enemies":"Slavers","floor":28,"turns":3},{"damage":3,"enemies":"Snake Plant","floor":29,"turns":5},{"damage":0,"enemies":"Centurion and Healer","floor":30,"turns":7},{"damage":45,"enemies":"Champ","floor":33,"turns":11},{"damage":45,"enemies":"3 Shapes","floor":35,"turns":4},{"damage":0,"enemies":"Orb Walker","floor":36,"turns":4},{"damage":44,"enemies":"Transient","floor":37,"turns":3}],"seed_played":"-7940287927159757198","potions_obtained":[{"floor":7,"key":"PowerPotion"},{"floor":12,"key":"Swift Potion"},{"floor":23,"key":"SpeedPotion"},{"floor":28,"key":"FearPotion"},{"floor":30,"key":"EssenceOfSteel"}],"is_trial":false,"path_per_floor":["M","?","$","?","M","R","E","$","T","R","$","M","R","M","R","B",null,"M","T","$","M","?","E","?","R","T","R","E","M","M","T","R","B",null,"M","M","M"],"character_chosen":"DEFECT","items_purchased":["Ball Lightning","Compile Driver","Sweeping Beam","Go for the Eyes","Genetic Algorithm","Ball Lightning"],"campfire_rested":2,"item_purchase_floors":[3,8,11,11,20,20],"current_hp_per_floor":[75,75,75,75,75,75,75,75,75,75,75,75,75,66,66,27,75,66,66,66,51,51,46,46,46,46,68,32,29,29,29,51,8,75,30,32,0],"gold":302,"neow_bonus":"THREE_ENEMY_KILL","is_prod":false,"is_daily":false,"chose_seed":false,"campfire_upgraded":5,"win_rate":0,"timestamp":1556105176,"path_taken":["M","?","$","?","M","R","E","$","T","R","$","M","R","M","R","BOSS","M","?","$","M","?","E","?","R","T","R","E","M","M","?","R","BOSS","M","M","M"],"build_version":"2019-04-23","purchased_purges":1,"victory":false,"max_hp_per_floor":[75,75,75,75,75,75,75,75,75,75,75,75,75,75,75,75,75,75,75,75,75,75,75,75,75,75,75,75,75,75,75,75,75,75,75,75,75],"card_choices":[{"not_picked":["Steam","Blizzard"],"picked":"Capacitor","floor":1},{"not_picked":["Gash","White Noise"],"picked":"Fusion","floor":5},{"not_picked":["Steam","Stack"],"picked":"Doom and Gloom","floor":7},{"not_picked":["Ball Lightning","Double Energy"],"picked":"Genetic Algorithm","floor":12},{"not_picked":["Coolheaded","Genetic Algorithm"],"picked":"Seek","floor":14},{"not_picked":["Hyperbeam","Meteor Strike"],"picked":"Core Surge","floor":16},{"not_picked":["Rip and Tear","Beam Cell"],"picked":"Cold Snap","floor":18},{"not_picked":["Leap","Go for the Eyes"],"picked":"Steam+1","floor":21},{"not_picked":["Beam Cell","Turbo"],"picked":"Hologram","floor":23},{"not_picked":["Gash+1","Doom and Gloom"],"picked":"Hologram+1","floor":28},{"not_picked":["Cold Snap","Go for the Eyes"],"picked":"Consume","floor":29},{"not_picked":["Leap","Go for the Eyes"],"picked":"Redo","floor":30},{"not_picked":["Fission","Rainbow"],"picked":"Echo Form","floor":33},{"not_picked":[],"picked":"Lockon+1","floor":35},{"not_picked":["Double Energy"],"picked":"SKIP","floor":36}],"player_experience":1185819,"relics_obtained":[{"floor":7,"key":"Pen Nib"},{"floor":9,"key":"Oddly Smooth Stone"},{"floor":19,"key":"Bottled Tornado"},{"floor":23,"key":"Sundial"},{"floor":26,"key":"Omamori"},{"floor":28,"key":"Unceasing Top"},{"floor":31,"key":"Blood Vial"}],"event_choices":[{"cards_removed":["Strike_B"],"damage_healed":0,"gold_gain":0,"player_choice":"Card Removal","damage_taken":0,"max_hp_gain":0,"max_hp_loss":0,"event_name":"The Cleric","floor":2,"gold_loss":50},{"damage_healed":0,"gold_gain":0,"player_choice":"Forge","damage_taken":0,"max_hp_gain":0,"max_hp_loss":0,"event_name":"Accursed Blacksmith","floor":4,"gold_loss":0,"cards_upgraded":["Zap"]},{"damage_healed":0,"gold_gain":0,"player_choice":"Inject Mutagens","damage_taken":0,"relics_obtained":["MutagenicStrength"],"max_hp_gain":0,"max_hp_loss":0,"event_name":"Drug Dealer","floor":22,"gold_loss":0},{"cards_removed":["Strike_B"],"damage_healed":0,"gold_gain":0,"player_choice":"Elegance","damage_taken":0,"max_hp_gain":0,"max_hp_loss":0,"event_name":"Back to Basics","floor":24,"gold_loss":0}],"is_beta":true,"boss_relics":[{"not_picked":["FrozenCore","Orrery"],"picked":"Runic Pyramid"},{"not_picked":["White Beast Statue","Tiny House"],"picked":"Busted Crown"}],"items_purged_floors":[20],"is_endless":false,"potions_floor_spawned":[7,12,23,28,29,30,35,36],"killed_by":"Transient","ascension_level":4}