{"gold_per_floor":[119,131,131,143,156,156,182,182,261,261,13,42,53,71,71,146,146,156,156,156,49,65,65,83,83],"floor_reached":25,"playtime":1081,"items_purged":["Strike_B"],"score":440,"play_id":"dc3ec46b-b3e2-4f4b-9940-195e3c10a671","local_time":"20190510174531","is_ascension_mode":true,"campfire_choices":[{"data":"Stack","floor":6,"key":"SMITH"},{"data":"Coolheaded","floor":8,"key":"SMITH"},{"data":"Auto Shields","floor":10,"key":"SMITH"},{"floor":15,"key":"REST"},{"floor":23,"key":"REST"}],"neow_cost":"NONE","seed_source_timestamp":1653899210887711,"circlet_count":0,"master_deck":["AscendersBane","Zap","Dualcast","Coolheaded+1","Chill","Steam","Stack+1","Auto Shields+1","Defragment+1","Rip and Tear","Go for the Eyes","Echo Form+1","Genetic Algorithm","Leap","Amplify","Ball Lightning","Stack","Biased Cognition+1","Electrodynamics+1","Reboot","Bite","Bite","Bite","Bite","Bite","Conserve Battery","Compile Driver","Ball Lightning","Self Repair+1"],"relics":["Cracked Core","NeowsBlessing","Pocketwatch","Frozen Egg 2","Omamori","Pandora\u0027s Box"],"potions_floor_usage":[7,12,16,16,22,24,25],"damage_taken":[{"damage":0,"enemies":"Jaw Worm","floor":1,"turns":1},{"damage":0,"enemies":"2 Louse","floor":2,"turns":1},{"damage":0,"enemies":"Small Slimes","floor":4,"turns":1},{"damage":2,"enemies":"Exordium Wildlife","floor":5,"turns":6},{"damage":20,"enemies":"Lagavulin","floor":7,"turns":8},{"damage":16,"enemies":"Gremlin Nob","floor":12,"turns":4},{"damage":0,"enemies":"Red Slaver","floor":13,"turns":3},{"damage":7,"enemies":"3 Louse","floor":14,"turns":4},{"damage":6,"enemies":"Hexaghost","floor":16,"turns":11},{"damage":18,"enemies":"2 Thieves","floor":18,"turns":3},{"damage":41,"enemies":"Colosseum Slavers","floor":20,"turns":4},{"damage":0,"enemies":"3 Byrds","floor":22,"turns":3},{"damage":4,"enemies":"3 Cultists","floor":24,"turns":3},{"damage":23,"enemies":"Slavers","floor":25,"turns":1}],"seed_played":"6683242382270929315","potions_obtained":[{"floor":2,"key":"AttackPotion"},{"floor":4,"key":"EssenceOfSteel"},{"floor":7,"key":"Poison Potion"},{"floor":12,"key":"LiquidBronze"},{"floor":16,"key":"Weak Potion"},{"floor":22,"key":"Energy Potion"},{"floor":24,"key":"SkillPotion"}],"is_trial":false,"path_per_floor":["M","M","?","M","M","R","E","R","T","R","$","E","M","M","R","B",null,"M","?","?","$","M","R","M","E"],"character_chosen":"DEFECT","items_purchased":["Defragment+1","Rip and Tear","Go for the Eyes","Conserve Battery","Compile Driver"],"campfire_rested":2,"item_purchase_floors":[11,11,11,21,21],"current_hp_per_floor":[64,64,57,57,55,55,35,35,35,35,35,19,19,12,33,27,60,42,42,5,5,5,19,19,0],"gold":83,"neow_bonus":"THREE_ENEMY_KILL","is_prod":false,"is_daily":false,"chose_seed":false,"campfire_upgraded":3,"win_rate":0,"timestamp":1557503131,"path_taken":["M","M","?","M","M","R","E","R","T","R","$","E","M","M","R","BOSS","M","?","?","$","M","R","M","E"],"build_version":"2019-05-07","purchased_purges":1,"victory":false,"max_hp_per_floor":[71,71,71,71,71,71,71,71,71,71,71,71,71,71,71,71,71,71,49,49,49,49,49,49,49],"card_choices":[{"not_picked":["Chaos","Tempest"],"picked":"Coolheaded","floor":1},{"not_picked":["Hello World","Fusion"],"picked":"Chill","floor":2},{"not_picked":["Streamline","Consume"],"picked":"Steam","floor":4},{"not_picked":["Skim","Beam Cell"],"picked":"Stack","floor":5},{"not_picked":["Beam Cell","Force Field"],"picked":"Auto Shields","floor":7},{"not_picked":["BootSequence","Darkness"],"picked":"Echo Form+1","floor":12},{"not_picked":["Skim","Scrape"],"picked":"Genetic Algorithm","floor":13},{"not_picked":["Cold Snap","Beam Cell"],"picked":"Leap","floor":14},{"not_picked":["Skim","Streamline","Cold Snap"],"picked":"SKIP","floor":18},{"not_picked":["Genetic Algorithm","Tempest"],"picked":"Ball Lightning","floor":22},{"not_picked":["Steam","Rip and Tear"],"picked":"Self Repair+1","floor":24}],"player_experience":1714735,"relics_obtained":[{"floor":7,"key":"Pocketwatch"},{"floor":9,"key":"Frozen Egg 2"},{"floor":12,"key":"Omamori"}],"event_choices":[{"cards_removed":["Strike_B"],"damage_healed":0,"gold_gain":0,"player_choice":"Card Removal","damage_taken":7,"max_hp_gain":0,"max_hp_loss":0,"event_name":"Golden Wing","floor":3,"gold_loss":0},{"damage_healed":0,"gold_gain":0,"player_choice":"Became a vampire","damage_taken":0,"max_hp_gain":0,"max_hp_loss":22,"event_name":"Vampires","floor":19,"gold_loss":0,"cards_obtained":["Bite","Bite","Bite","Bite","Bite"]},{"damage_healed":0,"gold_gain":0,"player_choice":"Fight","damage_taken":0,"max_hp_gain":0,"max_hp_loss":0,"event_name":"Colosseum","floor":20,"gold_loss":0},{"damage_healed":0,"gold_gain":0,"player_choice":"Fled From Nobs","damage_taken":0,"max_hp_gain":0,"max_hp_loss":0,"event_name":"Colosseum","floor":20,"gold_loss":0}],"is_beta":true,"boss_relics":[{"not_picked":["Busted Crown","Ectoplasm"],"picked":"Pandora\u0027s Box"}],"items_purged_floors":[11],"is_endless":false,"potions_floor_spawned":[2,4,7,12,16,22,24],"killed_by":"Slavers","ascension_level":19}