{"gold_per_floor":[311,321,340,358,373,407,427,61,61,61,77,97,110,110,110,214,214,231,154,8,19,19,48,48,64,64,97,97,97,12,32,32,130,130,141,141,159,171,188,188,203,214,269,287,287,316,42,60,60,60],"floor_reached":50,"playtime":2696,"items_purged":["Defend_R+1"],"score":647,"play_id":"7b0cb75e-ea72-42dc-b136-4c5f886d5b95","local_time":"20180725000209","is_ascension_mode":false,"campfire_choices":[{"data":"Armaments","floor":15,"key":"SMITH"},{"data":"Spot Weakness","floor":24,"key":"SMITH"},{"floor":29,"key":"REST"},{"data":"Whirlwind","floor":32,"key":"SMITH"},{"data":"Heavy Blade","floor":40,"key":"SMITH"},{"data":"Bite","floor":45,"key":"SMITH"},{"floor":49,"key":"REST"}],"neow_cost":"NO_GOLD","seed_source_timestamp":170620046008413,"circlet_count":0,"master_deck":["Defend_R+1","Defend_R+1","Defend_R+1","Bash","Twin Strike","Sword Boomerang","Heavy Blade+1","Armaments+1","Cleave","Anger","Spot Weakness+1","Dual Wield+1","Anger","Heavy Blade+1","Demon Form","Battle Trance+1","J.A.X.+1","Sword Boomerang","Pommel Strike+1","Anger","Bite+1","Bite","Bite","Bite","Bite","Whirlwind+1","Offering","Anger+1","Inflame+1","Pummel","Anger+1","Heavy Blade+1","Anger+1"],"relics":["Burning Blood","Old Coin","Thread and Needle","Gremlin Horn","Omamori","Sozu","Vajra","Nunchaku","Ornamental Fan","Question Card","War Paint","Black Star","Tiny Chest","Sundial","Dead Branch","HandDrill"],"potions_floor_usage":[11,13,46],"damage_taken":[{"damage":0,"enemies":"Small Slimes","floor":1,"turns":4},{"damage":11,"enemies":"2 Louse","floor":2,"turns":3},{"damage":1,"enemies":"Cultist","floor":3,"turns":3},{"damage":23,"enemies":"Lots of Slimes","floor":4,"turns":4},{"damage":0,"enemies":"3 Louse","floor":5,"turns":3},{"damage":23,"enemies":"3 Sentries","floor":6,"turns":7},{"damage":6,"enemies":"Red Slaver","floor":7,"turns":4},{"damage":0,"enemies":"Blue Slaver","floor":11,"turns":2},{"damage":6,"enemies":"Exordium Wildlife","floor":12,"turns":3},{"damage":0,"enemies":"Large Slime","floor":13,"turns":2},{"damage":0,"enemies":"Slime Boss","floor":16,"turns":5},{"damage":22,"enemies":"2 Thieves","floor":18,"turns":3},{"damage":0,"enemies":"Chosen","floor":21,"turns":4},{"damage":28,"enemies":"Gremlin Leader","floor":23,"turns":6},{"damage":8,"enemies":"Snecko","floor":25,"turns":4},{"damage":21,"enemies":"Slavers","floor":27,"turns":4},{"damage":9,"enemies":"Cultist and Chosen","floor":31,"turns":5},{"damage":62,"enemies":"Automaton","floor":33,"turns":7},{"damage":0,"enemies":"3 Shapes","floor":35,"turns":2},{"damage":4,"enemies":"Flame Bruiser 1 Orb","floor":37,"turns":3},{"damage":32,"enemies":"Spire Growth","floor":38,"turns":4},{"damage":20,"enemies":"4 Shapes","floor":39,"turns":3},{"damage":8,"enemies":"Transient","floor":41,"turns":5},{"damage":25,"enemies":"Maw","floor":42,"turns":5},{"damage":0,"enemies":"Flame Bruiser 2 Orb","floor":44,"turns":5},{"damage":44,"enemies":"Giant Head","floor":46,"turns":6},{"damage":10,"enemies":"4 Shapes","floor":48,"turns":1},{"damage":82,"enemies":"Awakened One","floor":50,"turns":6}],"seed_played":"1765748276030659156","potions_obtained":[{"floor":2,"key":"Energy Potion"},{"floor":3,"key":"SpeedPotion"},{"floor":5,"key":"FairyPotion"},{"floor":6,"key":"Fire Potion"},{"floor":16,"key":"Explosive Potion"}],"is_trial":false,"path_per_floor":["M","M","M","M","M","E","M","$","T","?","M","M","M","?","R","B",null,"M","?","$","M","?","E","R","M","T","E","?","R","?","M","R","B",null,"M","?","M","M","M","R","M","M","T","M","R","E","$","M","R"],"character_chosen":"IRONCLAD","items_purchased":["Spot Weakness","Thread and Needle","Vajra","HandDrill"],"campfire_rested":2,"item_purchase_floors":[8,8,20,47],"current_hp_per_floor":[80,75,80,63,69,52,54,54,54,42,50,52,60,60,60,68,80,64,64,64,72,72,52,52,52,52,39,39,63,63,68,68,24,80,80,80,80,61,53,53,57,48,48,65,65,40,40,38,62,0],"gold":60,"neow_bonus":"ONE_RARE_RELIC","is_prod":false,"is_daily":false,"chose_seed":false,"campfire_upgraded":5,"win_rate":0,"timestamp":1532491329,"path_taken":["M","M","M","M","M","E","M","$","T","?","M","M","?","?","R","BOSS","M","?","$","?","?","E","R","M","T","E","?","R","?","M","R","BOSS","M","?","M","M","M","R","M","M","T","?","R","E","$","M","R","BOSS"],"build_version":"2018-07-19v2","purchased_purges":1,"victory":false,"max_hp_per_floor":[80,80,80,80,80,80,80,80,80,80,80,80,80,80,80,80,80,80,80,80,80,80,80,80,80,80,80,80,80,80,80,80,80,80,80,80,80,80,80,80,80,80,80,80,80,80,80,80,80,80],"card_choices":[{"not_picked":["Thunderclap","Intimidate"],"picked":"Twin Strike","floor":1},{"not_picked":["Power Through","Intimidate"],"picked":"Sword Boomerang","floor":2},{"not_picked":["Clash","Cleave"],"picked":"Heavy Blade","floor":3},{"not_picked":["Evolve","Ghostly Armor"],"picked":"Armaments","floor":4},{"not_picked":["Body Slam","Perfected Strike"],"picked":"Cleave","floor":5},{"not_picked":["Dark Embrace","Havoc"],"picked":"Anger","floor":6},{"not_picked":["Havoc","Fiend Fire","Burning Pact"],"picked":"SKIP","floor":7},{"not_picked":["Body Slam","Blood for Blood"],"picked":"Dual Wield","floor":11},{"not_picked":["Sever Soul","True Grit"],"picked":"Anger","floor":12},{"not_picked":["Bloodletting","True Grit"],"picked":"Heavy Blade","floor":13},{"not_picked":["Bludgeon","Immolate"],"picked":"Demon Form","floor":16},{"not_picked":["Warcry+1","Rupture"],"picked":"Battle Trance+1","floor":18},{"not_picked":["Flame Barrier+1","Clash","Power Through"],"picked":"SKIP","floor":21},{"not_picked":["Hemokinesis","Power Through"],"picked":"Sword Boomerang","floor":23},{"not_picked":["Body Slam","Warcry"],"picked":"Pommel Strike+1","floor":25},{"not_picked":["Armaments","Wild Strike"],"picked":"Anger","floor":27},{"not_picked":["Sentinel","Sword Boomerang","Spot Weakness"],"picked":"Whirlwind","floor":31},{"not_picked":["Juggernaut","Fiend Fire","Reaper"],"picked":"Offering","floor":33},{"not_picked":["Ghostly Armor","Armaments","Uppercut+1"],"picked":"Anger+1","floor":35},{"not_picked":["Searing Blow+1","Thunderclap","Twin Strike+1"],"picked":"Inflame+1","floor":37},{"not_picked":["Armaments","Iron Wave+1","Burning Pact","Bloodletting"],"picked":"SKIP","floor":38},{"not_picked":["True Grit","Shrug It Off+1","Bloodletting"],"picked":"Pummel","floor":39},{"not_picked":["Sentinel+1","Heavy Blade","Brutality"],"picked":"Anger+1","floor":41},{"not_picked":["True Grit+1","Searing Blow","Shockwave+1","Armaments"],"picked":"SKIP","floor":42},{"not_picked":["Clash+1","Rampage","Seeing Red"],"picked":"Heavy Blade+1","floor":44},{"not_picked":["Disarm+1","Impervious","Warcry+1"],"picked":"Anger+1","floor":46},{"not_picked":["True Grit+1","Fire Breathing+1","Whirlwind","Blood for Blood+1"],"picked":"SKIP","floor":48}],"player_experience":507612,"relics_obtained":[{"floor":6,"key":"Blood Vial"},{"floor":9,"key":"Gremlin Horn"},{"floor":23,"key":"Nunchaku"},{"floor":26,"key":"Ornamental Fan"},{"floor":27,"key":"Question Card"},{"floor":43,"key":"Tiny Chest"},{"floor":46,"key":"Sundial"},{"floor":46,"key":"Dead Branch"}],"event_choices":[{"event_name":"Scrap Ooze","player_choice":"success","floor":10,"damage_taken":12},{"event_name":"The Woman in Blue","player_choice":"Bought 0 Potions","floor":14,"damage_taken":0},{"event_name":"Drug Dealer","player_choice":"Got JAXXED","floor":19,"damage_taken":0},{"event_name":"Back to Basics","player_choice":"Simplicity","floor":22,"damage_taken":0},{"event_name":"Vampires","player_choice":"Became a vampire (Vial)","floor":28,"damage_taken":0},{"event_name":"Addict","player_choice":"Obtained Relic","floor":30,"damage_taken":0},{"event_name":"Upgrade Shrine","player_choice":"Upgraded","floor":36,"damage_taken":0}],"is_beta":false,"boss_relics":[{"not_picked":["Runic Cube","Eternal Feather"],"picked":"Sozu"},{"not_picked":["Coffee Dripper","Velvet Choker"],"picked":"Black Star"}],"items_purged_floors":[47],"is_endless":false,"potions_floor_spawned":[2,3,5,6,16,18,25,35,37,42,44],"killed_by":"Awakened One","ascension_level":0}