{"gold_per_floor":[119,119,119,129,145,145,171,186,186,202,202,228,252,25,25,122,122,139,41,0,15,15,15,15,15,15,33,33,64,80,80,80,178,178,194,204,204,204,30,56,8,8,8,40,58,58,58,71,71,71],"floor_reached":50,"playtime":2201,"items_purged":["Strike_B"],"score":579,"play_id":"f418b461-6e8d-4976-95be-3edba1695487","local_time":"20181119153447","is_ascension_mode":true,"campfire_choices":[{"data":"Streamline","floor":6,"key":"SMITH"},{"data":"Zap","floor":11,"key":"SMITH"},{"floor":15,"key":"DIG"},{"floor":23,"key":"RECALL"},{"data":"Chaos","floor":25,"key":"SMITH"},{"floor":28,"key":"REST"},{"floor":32,"key":"REST"},{"floor":46,"key":"REST"},{"floor":49,"key":"REST"}],"neow_cost":"NONE","seed_source_timestamp":340708636851059,"circlet_count":0,"master_deck":["Strike_B","Defend_B","Defend_B","Defend_B","Defend_B","Zap+1","Dualcast","Streamline+1","Doom and Gloom","Ball Lightning","Loop","Electrodynamics","Capacitor","Biased Cognition","Sweeping Beam","Barrage","Defragment+1","Chaos+1","Glacier","Double Energy+1","Go for the Eyes","Core Surge","Static Discharge","Beam Cell+1","Jack Of All Trades","Secret Technique","Doubt","Redo+1","Conserve Battery","Madness","Madness","Chaos+1"],"relics":["Cracked Core","NeowsBlessing","Potion Belt","Sundial","Shovel","Centennial Puzzle","Oddly Smooth Stone","Lizard Tail","Pantograph","Art of War","Gremlin Horn","Black Star","Ancient Tea Set","Juzu Bracelet","Kunai","Happy Flower","Boot"],"potions_floor_usage":[12,12,16,18,27,35,40,40,44,44,50,50],"damage_taken":[{"damage":0,"enemies":"Small Slimes","floor":1,"turns":1},{"damage":0,"enemies":"Cultist","floor":4,"turns":1},{"damage":0,"enemies":"2 Louse","floor":5,"turns":1},{"damage":21,"enemies":"Lagavulin","floor":7,"turns":7},{"damage":3,"enemies":"Blue Slaver","floor":8,"turns":3},{"damage":10,"enemies":"Large Slime","floor":10,"turns":4},{"damage":14,"enemies":"Gremlin Nob","floor":12,"turns":4},{"damage":16,"enemies":"Slime Boss","floor":16,"turns":6},{"damage":12,"enemies":"Chosen","floor":18,"turns":4},{"damage":33,"enemies":"2 Thieves","floor":21,"turns":3},{"damage":3,"enemies":"Snecko","floor":27,"turns":5},{"damage":13,"enemies":"Book of Stabbing","floor":29,"turns":5},{"damage":16,"enemies":"Snake Plant","floor":30,"turns":3},{"damage":42,"enemies":"Automaton","floor":33,"turns":6},{"damage":16,"enemies":"Orb Walker","floor":35,"turns":4},{"damage":8,"enemies":"3 Shapes","floor":36,"turns":4},{"damage":45,"enemies":"Giant Head","floor":40,"turns":10},{"damage":49,"enemies":"Nemesis","floor":44,"turns":9},{"damage":51,"enemies":"Jaw Worm Horde","floor":45,"turns":3},{"damage":12,"enemies":"4 Shapes","floor":48,"turns":3},{"damage":83,"enemies":"Awakened One","floor":50,"turns":5}],"seed_played":"-593321217392560123","potions_obtained":[{"floor":1,"key":"AttackPotion"},{"floor":8,"key":"Block Potion"},{"floor":12,"key":"Swift Potion"},{"floor":16,"key":"SkillPotion"},{"floor":21,"key":"Regen Potion"},{"floor":29,"key":"SteroidPotion"},{"floor":33,"key":"Weak Potion"},{"floor":36,"key":"AttackPotion"},{"floor":40,"key":"Poison Potion"},{"floor":44,"key":"GamblersBrew"},{"floor":45,"key":"Regen Potion"}],"is_trial":false,"path_per_floor":["M","?","$","M","M","R","E","M","T","M","R","E","T","$","R","B",null,"M","$","?","M","?","R","?","R","T","M","R","E","M","T","R","B",null,"M","M","?","?","$","E","$","?","T","E","M","R","?","M","R","B"],"character_chosen":"DEFECT","items_purchased":["Centennial Puzzle","Capacitor","Barrage","Secret Technique","Fire Potion"],"campfire_rested":4,"item_purchase_floors":[14,14,19,39,41],"current_hp_per_floor":[75,75,75,75,75,75,54,51,51,41,41,27,27,27,27,11,75,63,63,63,30,30,30,30,30,30,36,58,45,29,29,51,33,75,59,51,51,51,51,6,6,75,75,26,17,39,30,18,40,0],"gold":71,"neow_bonus":"THREE_ENEMY_KILL","is_prod":false,"is_daily":false,"chose_seed":false,"campfire_upgraded":3,"win_rate":0,"timestamp":1542638087,"path_taken":["M","?","$","?","M","R","E","M","T","M","R","E","?","$","R","BOSS","M","$","?","M","?","R","?","R","T","M","R","E","?","?","R","BOSS","M","M","?","?","$","E","$","?","T","E","M","R","?","M","R","BOSS"],"build_version":"2018-11-15","purchased_purges":1,"victory":false,"max_hp_per_floor":[75,75,75,75,75,75,75,75,75,75,75,75,75,75,75,75,75,75,75,75,75,75,75,75,75,75,75,75,75,75,75,75,75,75,75,75,75,75,75,75,75,75,75,75,75,75,75,75,75,75],"card_choices":[{"not_picked":["Rip and Tear","Barrage"],"picked":"Streamline","floor":1},{"not_picked":["Force Field","Beam Cell","Compile Driver"],"picked":"SKIP","floor":4},{"not_picked":["Go for the Eyes","Barrage"],"picked":"Doom and Gloom","floor":5},{"not_picked":["Fission","Recycle"],"picked":"Ball Lightning","floor":7},{"not_picked":["Turbo","Heatsinks"],"picked":"Loop","floor":8},{"not_picked":["Reinforced Body","White Noise"],"picked":"Compile Driver","floor":10},{"not_picked":["Beam Cell","Consume"],"picked":"Electrodynamics","floor":12},{"not_picked":["Multi-Cast","Reboot"],"picked":"Biased Cognition","floor":16},{"not_picked":["Auto Shields","Rebound"],"picked":"Sweeping Beam","floor":18},{"not_picked":["Auto Shields","Stack"],"picked":"Defragment+1","floor":21},{"not_picked":["Stack","Aggregate"],"picked":"Double Energy+1","floor":27},{"not_picked":["Gash","Turbo+1"],"picked":"Go for the Eyes","floor":29},{"not_picked":["Gash","Loop","Coolheaded"],"picked":"SKIP","floor":30},{"not_picked":["Machine Learning","Creative AI"],"picked":"Core Surge","floor":33},{"not_picked":["Barrage+1","Chill+1"],"picked":"Static Discharge","floor":35},{"not_picked":["Compile Driver","Capacitor"],"picked":"Beam Cell+1","floor":36},{"not_picked":["Deep Breath","Mind Blast"],"picked":"Jack Of All Trades","floor":38},{"not_picked":["Sweeping Beam+1","Reinforced Body","Beam Cell"],"picked":"SKIP","floor":40},{"not_picked":["Streamline","Hologram"],"picked":"Redo+1","floor":44},{"not_picked":["Turbo","Glacier+1"],"picked":"Conserve Battery","floor":45},{"not_picked":["Sweeping Beam","Hologram"],"picked":"Chaos+1","floor":48}],"player_experience":229084,"relics_obtained":[{"floor":7,"key":"Potion Belt"},{"floor":9,"key":"Sundial"},{"floor":12,"key":"Shovel"},{"floor":15,"key":"Oddly Smooth Stone"},{"floor":26,"key":"Pantograph"},{"floor":29,"key":"Art of War"},{"floor":31,"key":"Gremlin Horn"},{"floor":40,"key":"Ancient Tea Set"},{"floor":40,"key":"Juzu Bracelet"},{"floor":43,"key":"Kunai"},{"floor":44,"key":"Happy Flower"},{"floor":44,"key":"Boot"}],"event_choices":[{"damage_healed":0,"gold_gain":0,"cards_transformed":["Strike_B"],"player_choice":"Transformed","damage_taken":0,"max_hp_gain":0,"max_hp_loss":0,"event_name":"Transmorgrifier","floor":2,"gold_loss":0,"cards_obtained":["Meteor Strike"]},{"damage_healed":0,"gold_gain":0,"player_choice":"Paid Fearfully","damage_taken":0,"max_hp_gain":0,"max_hp_loss":0,"event_name":"Masked Bandits","floor":20,"gold_loss":41},{"damage_healed":0,"gold_gain":0,"cards_transformed":["Meteor Strike","Strike_B"],"player_choice":"Became Test Subject","damage_taken":0,"max_hp_gain":0,"max_hp_loss":0,"event_name":"Drug Dealer","floor":22,"gold_loss":0,"cards_obtained":["Chaos","Glacier"]},{"damage_healed":0,"gold_gain":0,"player_choice":"Ignored","damage_taken":0,"max_hp_gain":0,"max_hp_loss":0,"event_name":"Ghosts","floor":24,"gold_loss":0},{"cards_removed":["Compile Driver"],"damage_healed":0,"gold_gain":0,"player_choice":"Removed Attack","damage_taken":0,"max_hp_gain":0,"max_hp_loss":0,"event_name":"Falling","floor":37,"gold_loss":0},{"damage_healed":0,"gold_gain":0,"player_choice":"Memory 1","damage_taken":0,"max_hp_gain":0,"max_hp_loss":0,"event_name":"SensoryStone","floor":38,"gold_loss":0},{"damage_healed":69,"gold_gain":0,"player_choice":"Heal","damage_taken":0,"max_hp_gain":0,"max_hp_loss":0,"event_name":"MindBloom","floor":42,"gold_loss":0,"cards_obtained":["Doubt"]},{"damage_healed":0,"gold_gain":0,"player_choice":"Embrace Madness","damage_taken":9,"max_hp_gain":0,"max_hp_loss":0,"event_name":"Winding Halls","floor":47,"gold_loss":0,"cards_obtained":["Madness","Madness"]}],"is_beta":true,"boss_relics":[{"not_picked":["Coffee Dripper","Ectoplasm"],"picked":"Lizard Tail"},{"not_picked":["Snecko Eye","Sozu"],"picked":"Black Star"}],"items_purged_floors":[19],"is_endless":false,"potions_floor_spawned":[1,8,12,16,21,29,33,36,40,44,45],"killed_by":"Awakened One","ascension_level":2}