{"gold_per_floor":[109,120,120,137,137,137,155,184,184,203,203,222,222,248,248,344,344,363,117,117,135,0,0,0],"floor_reached":24,"playtime":5475,"items_purged":["Strike_R"],"score":309,"play_id":"c01945ad-1159-48dd-81d0-7df23c16ce49","local_time":"20190105043720","is_ascension_mode":true,"campfire_choices":[{"data":"Armaments","floor":6,"key":"SMITH"},{"floor":11,"key":"REST"},{"data":"Juggernaut","floor":13,"key":"SMITH"},{"data":"Bash","floor":15,"key":"SMITH"},{"data":"The Bomb","floor":23,"key":"SMITH"}],"neow_cost":"CURSE","seed_source_timestamp":448595551134600,"circlet_count":0,"master_deck":["AscendersBane","Strike_R","Strike_R","Defend_R","Defend_R","Defend_R","Bash+1","Juggernaut+1","Infernal Blade","Armaments+1","Shrug It Off","Ghostly Armor","Inflame","Feed","The Bomb+1","RitualDagger"],"relics":["Burning Blood","Darkstone Periapt","Singing Bowl","Boot","Black Star"],"potions_floor_usage":[8,24],"damage_taken":[{"damage":12,"enemies":"Small Slimes","floor":1,"turns":4},{"damage":1,"enemies":"Cultist","floor":2,"turns":4},{"damage":7,"enemies":"Jaw Worm","floor":4,"turns":4},{"damage":17,"enemies":"Exordium Wildlife","floor":7,"turns":6},{"damage":42,"enemies":"3 Sentries","floor":8,"turns":11},{"damage":13,"enemies":"Large Slime","floor":10,"turns":6},{"damage":0,"enemies":"Blue Slaver","floor":12,"turns":5},{"damage":2,"enemies":"Lagavulin","floor":14,"turns":7},{"damage":46,"enemies":"Hexaghost","floor":16,"turns":11},{"damage":16,"enemies":"Shell Parasite","floor":18,"turns":6},{"damage":17,"enemies":"Chosen","floor":21,"turns":6},{"damage":53,"enemies":"Book of Stabbing","floor":24,"turns":5}],"seed_played":"8532568355024286103","potions_obtained":[{"floor":1,"key":"Regen Potion"},{"floor":8,"key":"FearPotion"},{"floor":10,"key":"FearPotion"},{"floor":16,"key":"Ancient Potion"}],"is_trial":false,"path_per_floor":["M","M","?","M","?","R","M","E","T","M","R","M","R","E","R","B",null,"M","$","?","M","?","R","E"],"character_chosen":"IRONCLAD","items_purchased":["The Bomb"],"campfire_rested":1,"item_purchase_floors":[19],"current_hp_per_floor":[66,71,71,70,70,70,59,38,38,33,57,65,65,71,71,31,72,64,64,58,52,52,52,0],"gold":0,"neow_bonus":"TRANSFORM_TWO_CARDS","is_prod":false,"is_daily":false,"chose_seed":false,"campfire_upgraded":4,"win_rate":0,"timestamp":1546681040,"path_taken":["M","M","?","?","?","R","M","E","T","M","R","?","R","E","R","BOSS","M","$","?","M","?","R","E"],"build_version":"2019-01-03v4","purchased_purges":1,"victory":false,"max_hp_per_floor":[80,80,80,80,80,80,80,80,80,82,82,84,84,86,86,86,86,88,88,88,93,93,93,93],"card_choices":[{"not_picked":["True Grit","Flex"],"picked":"Armaments","floor":1},{"not_picked":["Perfected Strike","Fire Breathing"],"picked":"Shrug It Off","floor":2},{"not_picked":["Headbutt","Twin Strike"],"picked":"Ghostly Armor","floor":4},{"not_picked":["Havoc","Perfected Strike","Warcry"],"picked":"SKIP","floor":7},{"not_picked":["Sentinel","Shrug It Off"],"picked":"Inflame","floor":8},{"not_picked":["Reckless Charge","Ghostly Armor","Limit Break"],"picked":"Singing Bowl","floor":10},{"not_picked":["Pommel Strike","True Grit","Heavy Blade"],"picked":"Singing Bowl","floor":12},{"not_picked":["Cleave","Whirlwind","Thunderclap"],"picked":"Singing Bowl","floor":14},{"not_picked":["Immolate","Exhume"],"picked":"Feed","floor":16},{"not_picked":["Headbutt","Fire Breathing","Warcry+1"],"picked":"Singing Bowl","floor":18},{"not_picked":["Pommel Strike","Carnage+1","Perfected Strike+1"],"picked":"Singing Bowl","floor":21}],"player_experience":1694967,"relics_obtained":[{"floor":8,"key":"Darkstone Periapt"},{"floor":9,"key":"Singing Bowl"},{"floor":14,"key":"Boot"}],"event_choices":[{"cards_removed":["Doubt"],"damage_healed":0,"gold_gain":0,"player_choice":"Purged","damage_taken":0,"max_hp_gain":0,"max_hp_loss":0,"event_name":"Purifier","floor":3,"gold_loss":0},{"cards_removed":["Strike_R"],"damage_healed":0,"gold_gain":0,"player_choice":"Card Removal","damage_taken":0,"max_hp_gain":0,"max_hp_loss":0,"event_name":"Wheel of Change","floor":5,"gold_loss":0},{"damage_healed":0,"gold_gain":0,"player_choice":"Joined the Cult","damage_taken":6,"max_hp_gain":0,"max_hp_loss":0,"event_name":"Nest","floor":20,"gold_loss":0,"cards_obtained":["RitualDagger"]},{"damage_healed":0,"gold_gain":0,"player_choice":"Paid Fearfully","damage_taken":0,"max_hp_gain":0,"max_hp_loss":0,"event_name":"Masked Bandits","floor":22,"gold_loss":135}],"is_beta":false,"boss_relics":[{"not_picked":["Ectoplasm","Runic Pyramid"],"picked":"Black Star"}],"items_purged_floors":[19],"is_endless":false,"potions_floor_spawned":[1,8,10,16,18],"killed_by":"Book of Stabbing","ascension_level":10}