{"gold_per_floor":[20,170,170,182,18,18,53,53,106,120,131,131,161,176,176,252,252,262,262,262,274,287,287,287],"floor_reached":24,"playtime":1152,"items_purged":[],"score":402,"play_id":"325dfacd-7816-4cc6-983e-2e31469517d6","local_time":"20190511110736","is_ascension_mode":true,"campfire_choices":[{"data":"Bash","floor":6,"key":"SMITH"},{"floor":8,"key":"REST"},{"data":"Clothesline","floor":12,"key":"SMITH"},{"floor":15,"key":"REST"},{"floor":23,"key":"REST"}],"neow_cost":"NO_GOLD","seed_source_timestamp":1716352608409791,"circlet_count":0,"master_deck":["AscendersBane","Strike_R","Strike_R","Defend_R","Defend_R","Defend_R","Defend_R","Bash+1","Demon Form","Clothesline+1","Doubt","Havoc","Feel No Pain","Headbutt","Bloodletting","Twin Strike","Whirlwind","Twin Strike","Immolate","Uppercut","Blood for Blood","Rampage","Sword Boomerang"],"relics":["Black Blood","PreservedInsect","Pen Nib","Blood Vial","Sundial"],"potions_floor_usage":[18,22,22],"damage_taken":[{"damage":7,"enemies":"Small Slimes","floor":1,"turns":3},{"damage":12,"enemies":"Jaw Worm","floor":4,"turns":3},{"damage":44,"enemies":"Gremlin Nob","floor":7,"turns":5},{"damage":10,"enemies":"Cultist","floor":10,"turns":4},{"damage":20,"enemies":"2 Fungi Beasts","floor":11,"turns":4},{"damage":30,"enemies":"Lagavulin","floor":13,"turns":7},{"damage":10,"enemies":"3 Louse","floor":14,"turns":4},{"damage":26,"enemies":"Slime Boss","floor":16,"turns":6},{"damage":36,"enemies":"3 Byrds","floor":18,"turns":3},{"damage":34,"enemies":"Shell Parasite","floor":21,"turns":5},{"damage":11,"enemies":"Sentry and Sphere","floor":22,"turns":3},{"damage":47,"enemies":"Book of Stabbing","floor":24,"turns":3}],"seed_played":"-7438603364179098561","potions_obtained":[{"floor":4,"key":"Dexterity Potion"},{"floor":11,"key":"Strength Potion"},{"floor":13,"key":"LiquidBronze"},{"floor":16,"key":"Explosive Potion"},{"floor":18,"key":"GamblersBrew"},{"floor":21,"key":"BloodPotion"}],"is_trial":false,"path_per_floor":["M","?","?","M","$","R","E","R","T","M","M","R","E","M","R","B",null,"M","?","?","M","M","R","E"],"character_chosen":"IRONCLAD","items_purchased":["PreservedInsect"],"campfire_rested":3,"item_purchase_floors":[5],"current_hp_per_floor":[67,67,67,61,61,61,23,45,45,43,31,31,9,7,29,11,59,35,35,35,13,21,43,0],"gold":287,"neow_bonus":"THREE_RARE_CARDS","is_prod":false,"is_daily":false,"chose_seed":false,"campfire_upgraded":2,"win_rate":0,"timestamp":1557565656,"path_taken":["M","?","?","M","$","R","E","R","T","M","M","R","E","M","R","BOSS","M","?","?","M","M","R","E"],"build_version":"2019-05-07","purchased_purges":0,"victory":false,"max_hp_per_floor":[75,75,75,75,75,75,75,75,75,75,75,75,75,75,75,75,75,75,75,75,75,75,75,75],"card_choices":[{"not_picked":["Juggernaut","Brutality"],"picked":"Demon Form","floor":0},{"not_picked":["Body Slam","Reckless Charge"],"picked":"Clothesline","floor":1},{"not_picked":["Sword Boomerang","Perfected Strike"],"picked":"Feel No Pain","floor":4},{"not_picked":["Blood for Blood","Armaments"],"picked":"Headbutt","floor":7},{"not_picked":["Clash","Hemokinesis"],"picked":"Bloodletting","floor":10},{"not_picked":["Warcry","Corruption"],"picked":"Twin Strike","floor":11},{"not_picked":["Feel No Pain","Double Tap"],"picked":"Whirlwind","floor":13},{"not_picked":["Armaments","True Grit"],"picked":"Twin Strike","floor":14},{"not_picked":["Demon Form","Berserk"],"picked":"Immolate","floor":16},{"not_picked":["Combust","Heavy Blade"],"picked":"Uppercut","floor":18},{"not_picked":["Power Through","Fire Breathing"],"picked":"Sword Boomerang","floor":21},{"not_picked":["Wild Strike","Perfected Strike+1","Barricade"],"picked":"SKIP","floor":22}],"player_experience":1773461,"relics_obtained":[{"floor":7,"key":"Pen Nib"},{"floor":9,"key":"Blood Vial"},{"floor":13,"key":"Sundial"}],"event_choices":[{"damage_healed":0,"gold_gain":150,"player_choice":"AGREE","damage_taken":0,"max_hp_gain":0,"max_hp_loss":0,"event_name":"Liars Game","floor":2,"gold_loss":0,"cards_obtained":["Doubt"]},{"damage_healed":0,"gold_gain":0,"cards_transformed":["Strike_R"],"player_choice":"Transformed","damage_taken":0,"max_hp_gain":0,"max_hp_loss":0,"event_name":"Transmorgrifier","floor":3,"gold_loss":0,"cards_obtained":["Havoc"]},{"damage_healed":0,"gold_gain":0,"player_choice":"Ignored","damage_taken":0,"max_hp_gain":0,"max_hp_loss":0,"event_name":"Ghosts","floor":19,"gold_loss":0},{"damage_healed":0,"gold_gain":0,"cards_transformed":["Strike_R","Strike_R"],"player_choice":"Became Test Subject","damage_taken":0,"max_hp_gain":0,"max_hp_loss":0,"event_name":"Drug Dealer","floor":20,"gold_loss":0,"cards_obtained":["Blood for Blood","Rampage"]}],"is_beta":true,"boss_relics":[{"not_picked":["Busted Crown","Coffee Dripper"],"picked":"Black Blood"}],"items_purged_floors":[],"is_endless":false,"potions_floor_spawned":[4,11,13,16,18,21],"killed_by":"Book of Stabbing","ascension_level":19}