{"gold_per_floor":[109,109,34,109,123,123,141,474,498,89,109,136,136,151,151,151],"floor_reached":16,"playtime":653,"items_purged":["Strike_R","Defend_R"],"score":138,"play_id":"ec4611b2-17d2-43df-9a23-377e9e1a13ec","local_time":"20180926030147","is_ascension_mode":true,"campfire_choices":[{"data":"Armaments","floor":6,"key":"SMITH"},{"floor":15,"key":"REST"}],"neow_cost":"","seed_source_timestamp":616141513719751,"circlet_count":0,"master_deck":["Strike_R","Strike_R","Strike_R","Defend_R","Defend_R","Defend_R","Bash","Pummel","Armaments+1","Infernal Blade","Flex","Rage","Pommel Strike","Barricade"],"relics":["Burning Blood","Potion Belt","Old Coin","Bag of Marbles","Pantograph","Mummified Hand"],"potions_floor_usage":[5,12,12],"damage_taken":[{"damage":6,"enemies":"Jaw Worm","floor":1,"turns":5},{"damage":12,"enemies":"Small Slimes","floor":5,"turns":2},{"damage":1,"enemies":"Cultist","floor":7,"turns":3},{"damage":34,"enemies":"Lagavulin","floor":8,"turns":10},{"damage":3,"enemies":"Blue Slaver","floor":11,"turns":4},{"damage":34,"enemies":"3 Sentries","floor":12,"turns":10},{"damage":0,"enemies":"Large Slime","floor":14,"turns":2},{"damage":67,"enemies":"Hexaghost","floor":16,"turns":11}],"seed_played":"-2249238024241453252","potions_obtained":[{"floor":1,"key":"SkillPotion"},{"floor":7,"key":"BloodPotion"},{"floor":8,"key":"Poison Potion"}],"is_trial":false,"path_per_floor":["M","?","$","?","M","R","M","E","T","$","M","E","?","M","R"],"character_chosen":"IRONCLAD","items_purchased":["Pantograph","Flex"],"campfire_rested":1,"item_purchase_floors":[10,10],"current_hp_per_floor":[80,68,68,57,51,51,56,28,28,28,31,11,11,17,41,0],"gold":151,"neow_bonus":"","is_prod":false,"is_daily":false,"chose_seed":false,"campfire_upgraded":1,"win_rate":0,"timestamp":1537945307,"path_taken":["M","?","$","?","M","R","M","E","T","?","?","E","?","M","R","BOSS"],"build_version":"2018-09-20","purchased_purges":2,"victory":false,"max_hp_per_floor":[80,80,80,80,80,80,80,80,80,80,80,80,80,80,80,80],"card_choices":[{"not_picked":["Ghostly Armor","Rupture"],"picked":"Pummel","floor":1},{"not_picked":["Thunderclap","True Grit"],"picked":"Armaments","floor":5},{"not_picked":["Perfected Strike","Body Slam","Second Wind"],"picked":"SKIP","floor":7},{"not_picked":["True Grit","Perfected Strike"],"picked":"Infernal Blade","floor":8},{"not_picked":["Body Slam","Reckless Charge"],"picked":"Rage","floor":11},{"not_picked":["Dual Wield","Blood for Blood","Havoc"],"picked":"SKIP","floor":12},{"not_picked":["Flex","Heavy Blade"],"picked":"Barricade","floor":14}],"player_experience":922584,"relics_obtained":[{"floor":8,"key":"Old Coin"},{"floor":9,"key":"Bag of Marbles"},{"floor":12,"key":"Mummified Hand"}],"event_choices":[{"event_name":"Scrap Ooze","player_choice":"success","floor":2,"damage_taken":12},{"event_name":"World of Goop","player_choice":"Gather Gold","floor":4,"damage_taken":0},{"event_name":"Transmorgrifier","player_choice":"Transform","floor":13,"damage_taken":0}],"is_beta":false,"boss_relics":[],"items_purged_floors":[3,10],"is_endless":false,"potions_floor_spawned":[1,7,8],"killed_by":"Hexaghost","ascension_level":5}