{"gold_per_floor":[109,127,127,137,87,87,116,46,46,60,80,99,99,24,24,121,171,182,195,95,194,210,210,226,226,253,91,117,134,147,162,162,162],"floor_reached":33,"playtime":1734,"items_purged":["Strike_R","Strike_R"],"score":393,"play_id":"021b9ae5-6c8c-4f1d-a0e9-864c5f533baf","local_time":"20190102214400","is_ascension_mode":true,"campfire_choices":[{"data":"Shockwave","floor":6,"key":"SMITH"},{"floor":15,"key":"REST"},{"data":"Cleave","floor":23,"key":"SMITH"},{"data":"Shrug It Off","floor":25,"key":"SMITH"},{"floor":32,"key":"REST"}],"neow_cost":"NONE","seed_source_timestamp":254742484481900,"circlet_count":0,"master_deck":["Strike_R","Strike_R","Defend_R","Defend_R","Defend_R+1","Defend_R","Bash","Shockwave+1","Cleave+1","Infernal Blade","Flame Barrier","Evolve","Offering","Flame Barrier","Impervious","Reckless Charge+1","Flame Barrier","Shrug It Off+1","Power Through+1","Metamorphosis","Feel No Pain+1","Armaments+1","Corruption","Blood for Blood+1"],"relics":["Sozu","Turnip","Gambling Chip","Ornamental Fan","Molten Egg 2","Tiny House","Happy Flower","Regal Pillow"],"potions_floor_usage":[],"damage_taken":[{"damage":0,"enemies":"Small Slimes","floor":1,"turns":3},{"damage":0,"enemies":"Jaw Worm","floor":2,"turns":3},{"damage":0,"enemies":"Cultist","floor":4,"turns":3},{"damage":15,"enemies":"Lagavulin","floor":7,"turns":5},{"damage":7,"enemies":"Exordium Thugs","floor":10,"turns":4},{"damage":3,"enemies":"Looter","floor":11,"turns":3},{"damage":9,"enemies":"Large Slime","floor":12,"turns":5},{"damage":42,"enemies":"Hexaghost","floor":16,"turns":12},{"damage":0,"enemies":"3 Byrds","floor":18,"turns":3},{"damage":12,"enemies":"Chosen","floor":19,"turns":6},{"damage":6,"enemies":"Centurion and Healer","floor":22,"turns":6},{"damage":6,"enemies":"Snecko","floor":24,"turns":4},{"damage":12,"enemies":"Gremlin Leader","floor":28,"turns":5},{"damage":10,"enemies":"Snake Plant","floor":29,"turns":4},{"damage":6,"enemies":"Centurion and Healer","floor":30,"turns":5},{"damage":7,"enemies":"Shelled Parasite and Fungi","floor":31,"turns":7},{"damage":90,"enemies":"Automaton","floor":33,"turns":12}],"seed_played":"6456114414484607803","potions_obtained":[],"is_trial":false,"path_per_floor":["M","M","?","M","?","R","E","$","T","M","M","M","T","$","R","B",null,"M","M","$","?","M","R","M","R","T","$","E","M","M","M","R","B"],"character_chosen":"IRONCLAD","items_purchased":["Evolve","Metamorphosis"],"campfire_rested":2,"item_purchase_floors":[8,27],"current_hp_per_floor":[72,72,69,69,69,69,54,54,54,47,44,35,35,35,59,17,69,69,57,57,57,51,51,45,45,45,45,33,23,17,10,50,0],"gold":162,"neow_bonus":"BOSS_RELIC","is_prod":false,"is_daily":false,"chose_seed":false,"campfire_upgraded":3,"win_rate":0,"timestamp":1546483440,"path_taken":["M","M","?","M","?","R","E","?","T","?","M","M","?","$","R","BOSS","M","M","$","?","M","R","M","R","T","$","E","M","M","M","R","BOSS"],"build_version":"2018-12-20","purchased_purges":2,"victory":false,"max_hp_per_floor":[80,80,80,80,80,80,80,80,80,80,80,80,80,80,80,80,85,85,85,85,85,85,85,85,85,85,85,85,85,85,85,85,85],"card_choices":[{"not_picked":["True Grit","Reckless Charge"],"picked":"Shockwave","floor":1},{"not_picked":["Flex","Pummel"],"picked":"Cleave","floor":2},{"not_picked":["Thunderclap","Clash"],"picked":"Infernal Blade","floor":4},{"not_picked":["Shrug It Off","Disarm"],"picked":"Flame Barrier","floor":7},{"not_picked":["Clash","Sword Boomerang","Cleave"],"picked":"SKIP","floor":10},{"not_picked":["Wild Strike","Shrug It Off"],"picked":"Offering","floor":11},{"not_picked":["Body Slam","Carnage"],"picked":"Flame Barrier","floor":12},{"not_picked":["Limit Break","Exhume"],"picked":"Impervious","floor":16},{"not_picked":["Blood for Blood+1","Havoc"],"picked":"Reckless Charge+1","floor":17},{"not_picked":["Clash+1","Dual Wield","Heavy Blade+1"],"picked":"SKIP","floor":18},{"not_picked":["Evolve","Infernal Blade"],"picked":"Flame Barrier","floor":19},{"not_picked":["Headbutt+1","Pommel Strike+1"],"picked":"Shrug It Off","floor":22},{"not_picked":["Havoc+1","Carnage+1"],"picked":"Power Through+1","floor":24},{"not_picked":["Whirlwind+1","Infernal Blade"],"picked":"Feel No Pain+1","floor":28},{"not_picked":["Spot Weakness","Twin Strike+1"],"picked":"Armaments+1","floor":29},{"not_picked":["Thunderclap+1","Anger+1"],"picked":"Corruption","floor":30},{"not_picked":["Ghostly Armor","Fire Breathing"],"picked":"Blood for Blood+1","floor":31}],"player_experience":1655769,"relics_obtained":[{"floor":7,"key":"Gambling Chip"},{"floor":9,"key":"Ornamental Fan"},{"floor":13,"key":"Molten Egg 2"},{"floor":26,"key":"Happy Flower"},{"floor":28,"key":"Regal Pillow"}],"event_choices":[{"damage_healed":0,"gold_gain":0,"player_choice":"Success","damage_taken":3,"relics_obtained":["Turnip"],"max_hp_gain":0,"max_hp_loss":0,"event_name":"Scrap Ooze","floor":3,"gold_loss":0},{"cards_removed":["Strike_R"],"damage_healed":0,"gold_gain":0,"player_choice":"Card Removal","damage_taken":0,"max_hp_gain":0,"max_hp_loss":0,"event_name":"The Cleric","floor":5,"gold_loss":50},{"damage_healed":0,"gold_gain":99,"player_choice":"Stole From Cult","damage_taken":0,"max_hp_gain":0,"max_hp_loss":0,"event_name":"Nest","floor":21,"gold_loss":0}],"is_beta":false,"boss_relics":[{"not_picked":["Orrery","Fusion Hammer"],"picked":"Tiny House"}],"items_purged_floors":[14,20],"is_endless":false,"potions_floor_spawned":[1,2,12,16,18,28,30,31],"killed_by":"Automaton","ascension_level":9}