{"path_per_floor":["M","M","?","?","M","R","E","M","T","E","R","?","M","M","R","B",null,"M","$","?","M","?","R","M","R","T","M","M","M","E","$","R","B",null,"M","?","$","M","?","R","E","R","T","?","R","M","M","$","R"],"character_chosen":"IRONCLAD","items_purchased":["Ghostly Armor","Gremlin Horn","Regen Potion","Mind Blast"],"gold_per_floor":[117,132,132,132,142,142,171,185,185,213,213,313,326,336,336,435,435,445,24,24,44,44,44,62,62,62,76,96,107,132,32,32,131,131,149,0,0,18,72,72,107,107,107,107,107,118,131,39,39],"floor_reached":50,"campfire_rested":1,"playtime":2676,"current_hp_per_floor":[80,80,80,80,79,79,59,52,52,48,48,48,48,53,53,67,87,80,80,80,94,94,94,94,94,94,94,86,92,94,94,94,33,79,80,80,80,81,67,67,63,92,92,80,80,79,77,77,77],"items_purged":["Strike_R","Strike_R"],"gold":39,"score":741,"play_id":"8a37c95b-8bc0-4d3e-9031-4f5b622aa384","is_prod":false,"is_daily":false,"is_ascension_mode":true,"campfire_upgraded":7,"path_taken":["M","M","?","?","M","R","E","M","T","E","R","?","M","?","R","BOSS","M","$","?","M","?","R","M","R","T","M","M","M","E","$","R","BOSS","M","?","?","M","?","R","E","R","T","?","R","M","?","$","R","BOSS"],"build_version":"2018-02-08-PROD1","purchased_purges":3,"victory":false,"master_deck":["Strike_R","Defend_R","Defend_R","Defend_R","Defend_R","Carnage+1","Infernal Blade","Body Slam+1","Corruption+1","Feel No Pain+1","Flame Barrier+1","Armaments","Sentinel+1","Warcry","Juggernaut+1","Body Slam","Ghostly Armor","Infernal Blade","Anger","Body Slam+1","Power Through+1","Exhume","Metallicize","Offering+1","Body Slam+1","Warcry+1","Juggernaut","Parasite","Havoc+1","Madness","Madness","Infernal Blade+1","Mind Blast"],"max_hp_per_floor":[80,80,80,80,80,80,94,94,94,94,94,94,94,94,94,94,94,94,94,94,94,94,94,94,94,94,94,94,94,94,94,94,94,94,97,97,97,97,97,97,97,97,97,97,97,97,97,97,97],"relics":["Burning Blood","Mango","Gambling Chip","Happy Flower","Mark of Pain","Gremlin Horn","Ancient Tea Set","Pen Nib","Cursed Key","Red Mask","Shovel","Prayer Wheel","Du-Vu Doll","Ginger","Frozen Eye"],"card_choices":[{"not_picked":["Wild Strike","Combust"],"picked":"Infernal Blade"},{"not_picked":["Sword Boomerang","Wild Strike"],"picked":"Body Slam"},{"not_picked":["Heavy Blade","Sever Soul"],"picked":"Feel No Pain"},{"not_picked":["Rupture","Demon Form"],"picked":"Flame Barrier"},{"not_picked":["Bloodletting","Corruption"],"picked":"Armaments"},{"not_picked":["Iron Wave","Armaments"],"picked":"Sentinel"},{"not_picked":["Anger","True Grit"],"picked":"Warcry"},{"not_picked":["Reaper","Exhume"],"picked":"Juggernaut"},{"not_picked":["Whirlwind","True Grit"],"picked":"Body Slam"},{"not_picked":["Anger","Blood for Blood"],"picked":"Infernal Blade"},{"not_picked":["Iron Wave","Armaments"],"picked":"Body Slam"},{"not_picked":["Twin Strike","Anger"],"picked":"Power Through"},{"not_picked":["Heavy Blade","Armaments"],"picked":"Exhume"},{"not_picked":["Battle Trance","Flex"],"picked":"Metallicize"},{"not_picked":["Reaper","Limit Break"],"picked":"Offering"},{"not_picked":["Spot Weakness","Clash"],"picked":"Body Slam"},{"not_picked":["Body Slam","Clash"],"picked":"Warcry"},{"not_picked":["Havoc","Armaments"],"picked":"Juggernaut"},{"not_picked":["Clash","Flame Barrier"],"picked":"Havoc"},{"not_picked":["Shockwave","Wild Strike"],"picked":"Infernal Blade"}],"player_experience":503040,"potions_floor_usage":[13,16,16,21,21,24,28,29,38,46,50,50],"damage_taken":[{"damage":0,"enemies":"2 Louse","floor":1,"turns":4},{"damage":4,"enemies":"Cultist","floor":2,"turns":3},{"damage":7,"enemies":"Jaw Worm","floor":5,"turns":2},{"damage":40,"enemies":"Lagavulin","floor":7,"turns":6},{"damage":13,"enemies":"3 Louse","floor":8,"turns":4},{"damage":10,"enemies":"Gremlin Nob","floor":10,"turns":4},{"damage":6,"enemies":"Lots of Slimes","floor":13,"turns":3},{"damage":1,"enemies":"Looter","floor":14,"turns":3},{"damage":0,"enemies":"Slime Boss","floor":16,"turns":7},{"damage":13,"enemies":"Spheric Guardian","floor":18,"turns":5},{"damage":1,"enemies":"Chosen","floor":21,"turns":6},{"damage":4,"enemies":"Slaver and Parasite","floor":24,"turns":5},{"damage":2,"enemies":"Snecko","floor":27,"turns":4},{"damage":29,"enemies":"Centurion and Healer","floor":28,"turns":9},{"damage":0,"enemies":"3 Cultists","floor":29,"turns":3},{"damage":0,"enemies":"Book of Stabbing","floor":30,"turns":4},{"damage":67,"enemies":"Collector","floor":33,"turns":11},{"damage":8,"enemies":"3 Shapes","floor":35,"turns":3},{"damage":11,"enemies":"3 Darklings","floor":38,"turns":3},{"damage":20,"enemies":"Mysterious Sphere","floor":39,"turns":4},{"damage":10,"enemies":"Giant Head","floor":41,"turns":7},{"damage":7,"enemies":"4 Shapes","floor":46,"turns":4},{"damage":8,"enemies":"Maw","floor":47,"turns":3},{"damage":89,"enemies":"Awakened One","floor":50,"turns":7}],"event_choices":[{"event_name":"Transmorgrifier","player_choice":"Transform","floor":3,"damage_taken":0},{"event_name":"Upgrade Shrine","player_choice":"Upgraded","floor":4,"damage_taken":0},{"event_name":"Golden Shrine","player_choice":"Pray","floor":12,"damage_taken":0},{"event_name":"N\u0027loth","player_choice":"Ignored","floor":20,"damage_taken":0},{"event_name":"Transmorgrifier","player_choice":"Transform","floor":22,"damage_taken":0},{"event_name":"Tomb of Lord Red Mask","player_choice":"Paid","floor":36,"damage_taken":0},{"event_name":"Mysterious Sphere","player_choice":"Fight","floor":39,"damage_taken":0},{"event_name":"Winding Halls","player_choice":"Embrace Madness","floor":44,"damage_taken":0}],"boss_relics":[{"not_picked":["White Beast Statue","Runic Pyramid"],"picked":"Mark of Pain"},{"not_picked":["Pandora\u0027s Box","Philosopher\u0027s Stone"],"picked":"Cursed Key"}],"potions_floor_spawned":[5,7,8,10,16,18,21,27,35,38,41,46],"seed_played":"-747267867391205845","killed_by":"Awakened One","ascension_level":5,"is_trial":false}