{"gold_per_floor":[118,47,57,57,70,70,85,85,132,149,178,205,205],"floor_reached":13,"playtime":338,"items_purged":[],"score":140,"play_id":"c66c8323-d22e-40fe-a163-4583f538bb8a","local_time":"20190407212433","is_ascension_mode":true,"campfire_choices":[{"floor":6,"key":"REST"},{"floor":8,"key":"REST"}],"neow_cost":"PERCENT_DAMAGE","seed_source_timestamp":127496760128100,"circlet_count":0,"master_deck":["AscendersBane","Strike_B","Strike_B+1","Defend_B","Defend_B","Defend_B","Defend_B","Zap","Dualcast","Sunder","Electrodynamics","Sweeping Beam+1","Capacitor","Static Discharge","Biased Cognition"],"relics":["Cracked Core","DataDisk","Whetstone","Potion Belt","Odd Mushroom"],"potions_floor_usage":[11,11],"damage_taken":[{"damage":0,"enemies":"Small Slimes","floor":1,"turns":3},{"damage":0,"enemies":"2 Louse","floor":3,"turns":1},{"damage":4,"enemies":"Jaw Worm","floor":5,"turns":3},{"damage":8,"enemies":"Red Slaver","floor":7,"turns":3},{"damage":6,"enemies":"Gremlin Gang","floor":10,"turns":3},{"damage":12,"enemies":"Gremlin Nob","floor":11,"turns":3},{"damage":21,"enemies":"The Mushroom Lair","floor":12,"turns":3},{"damage":15,"enemies":"Lagavulin","floor":13,"turns":4}],"seed_played":"66557741948402432","potions_obtained":[{"floor":1,"key":"EssenceOfSteel"},{"floor":3,"key":"Swift Potion"}],"is_trial":false,"path_per_floor":["M","$","M","?","M","R","M","R","T","M","E","?","E"],"character_chosen":"DEFECT","items_purchased":["Electrodynamics"],"campfire_rested":2,"item_purchase_floors":[2],"current_hp_per_floor":[50,50,50,17,13,35,27,49,49,43,31,10,0],"gold":205,"neow_bonus":"REMOVE_TWO","is_prod":false,"is_daily":false,"chose_seed":false,"campfire_upgraded":0,"win_rate":0,"timestamp":1554686673,"path_taken":["M","$","M","?","M","R","M","R","T","M","E","?","E"],"build_version":"2019-01-23","purchased_purges":0,"victory":false,"max_hp_per_floor":[75,75,75,75,75,75,75,75,75,75,75,75,75],"card_choices":[{"not_picked":["Compile Driver","Ball Lightning"],"picked":"Sunder","floor":1},{"not_picked":["Darkness","Rebound","Beam Cell"],"picked":"SKIP","floor":3},{"not_picked":["Redo","Doom and Gloom"],"picked":"Sweeping Beam","floor":5},{"not_picked":["Rebound","Stack","Compile Driver"],"picked":"SKIP","floor":7},{"not_picked":["Steam","Blizzard"],"picked":"Capacitor","floor":10},{"not_picked":["BootSequence","Force Field"],"picked":"Static Discharge","floor":11},{"not_picked":["Scrape","Ball Lightning"],"picked":"Biased Cognition","floor":12}],"player_experience":2604425,"relics_obtained":[{"floor":9,"key":"Whetstone"},{"floor":11,"key":"Potion Belt"},{"floor":12,"key":"Odd Mushroom"}],"event_choices":[{"damage_healed":0,"gold_gain":0,"player_choice":"Success","damage_taken":33,"relics_obtained":["DataDisk"],"max_hp_gain":0,"max_hp_loss":0,"event_name":"Scrap Ooze","floor":4,"gold_loss":0},{"damage_healed":0,"gold_gain":0,"player_choice":"Fought Mushrooms","damage_taken":0,"max_hp_gain":0,"max_hp_loss":0,"event_name":"Mushrooms","floor":12,"gold_loss":0}],"is_beta":false,"boss_relics":[],"items_purged_floors":[],"is_endless":false,"potions_floor_spawned":[1,3,5,10],"killed_by":"Lagavulin","ascension_level":13}