{"gold_per_floor":[109,109,124,46,64,64,27,27,27,53,79,91,114,126,138,250,262,285,309,331,353,17,17,17],"floor_reached":24,"playtime":1123,"items_purged":[],"score":215,"play_id":"7bc76fbc-2f56-4429-ba05-bf975461637e","local_time":"20190417142536","is_ascension_mode":false,"campfire_choices":[{"data":"Defragment","floor":6.0,"key":"SMITH"},{"data":"Force Field","floor":8.0,"key":"SMITH"},{"floor":12.0,"key":"REST"},{"data":"Genetic Algorithm","floor":15.0,"key":"SMITH"},{"floor":23.0,"key":"REST"}],"neow_cost":"NONE","seed_source_timestamp":362031303621033,"circlet_count":0,"master_deck":["Strike_B","Strike_B","Strike_B","Strike_B","Defend_B","Defend_B","Defend_B","Defend_B","Zap","Dualcast","Ball Lightning","Seek","Reinforced Body","Defragment+1","Ball Lightning","Force Field+1","Self Repair","Go for the Eyes","Genetic Algorithm+1","Thunder Strike","Fusion+1","Redo+1","Sweeping Beam","Ball Lightning","Static Discharge","Auto Shields"],"special_seed":0,"relics":["FrozenCore","MawBank","Chemical X"],"potions_floor_usage":[],"damage_taken":[{"damage":7.0,"enemies":"Small Slimes","floor":1.0,"turns":3.0},{"damage":1.0,"enemies":"Cultist","floor":3.0,"turns":3.0},{"damage":14.0,"enemies":"2 Louse","floor":5.0,"turns":3.0},{"damage":20.0,"enemies":"Large Slime","floor":10.0,"turns":5.0},{"damage":17.0,"enemies":"Lots of Slimes","floor":11.0,"turns":4.0},{"damage":6.0,"enemies":"2 Fungi Beasts","floor":13.0,"turns":4.0},{"damage":32.0,"enemies":"Slime Boss","floor":16.0,"turns":9.0},{"damage":30.0,"enemies":"3 Byrds","floor":18.0,"turns":6.0},{"damage":14.0,"enemies":"Chosen","floor":19.0,"turns":5.0},{"damage":28.0,"enemies":"Sentry and Sphere","floor":20.0,"turns":6.0},{"damage":36.0,"enemies":"Snake Plant","floor":21.0,"turns":6.0},{"damage":45,"enemies":"Cultist and Chosen","floor":24,"turns":6}],"seed_played":"6397744049793956661","potions_obtained":[{"floor":11.0,"key":"Dexterity Potion"},{"floor":16.0,"key":"Fruit Juice"},{"floor":20.0,"key":"Poison Potion"}],"is_trial":false,"path_per_floor":["M","?","M","$","M","R","$","R","T","M","M","R","M","?","R","B",null,"M","M","M","M","$","R","M"],"character_chosen":"DEFECT","items_purchased":["Defragment","Force Field","Chemical X","Static Discharge","Auto Shields"],"campfire_rested":2,"item_purchase_floors":[4,7,22,22,22],"current_hp_per_floor":[75,75,74,74,60,60,60,60,60,40,30,54,55,60,60,40,92,69,62,41,12,12,39,0],"gold":17,"neow_bonus":"TEN_PERCENT_HP_BONUS","is_prod":false,"is_daily":false,"chose_seed":false,"campfire_upgraded":3,"win_rate":0.0,"timestamp":1555536336,"path_taken":["M","?","?","$","M","R","$","R","T","M","M","R","M","?","R","BOSS","M","M","M","M","$","R","M"],"build_version":"2019-01-23","purchased_purges":0,"victory":false,"max_hp_per_floor":[82,82,82,82,82,82,82,82,82,82,82,82,82,87,87,92,92,92,92,92,92,92,92,92],"card_choices":[{"not_picked":["Conserve Battery","Compile Driver"],"picked":"Ball Lightning","floor":1.0},{"not_picked":["Compile Driver","Hologram"],"picked":"Reinforced Body","floor":3.0},{"not_picked":["Gash","Go for the Eyes"],"picked":"Ball Lightning","floor":5.0},{"not_picked":["Biased Cognition","Hologram"],"picked":"Self Repair","floor":10.0},{"not_picked":["Coolheaded","Rip and Tear"],"picked":"Go for the Eyes","floor":11.0},{"not_picked":["Ball Lightning","Aggregate"],"picked":"Genetic Algorithm","floor":13.0},{"not_picked":["Multi-Cast","Reboot"],"picked":"Thunder Strike","floor":16.0},{"not_picked":["White Noise","Melter"],"picked":"Fusion+1","floor":18.0},{"not_picked":["Compile Driver","Cold Snap+1"],"picked":"Redo+1","floor":19.0},{"not_picked":["Hologram","Leap+1"],"picked":"Sweeping Beam","floor":20.0},{"not_picked":["Leap","Beam Cell"],"picked":"Ball Lightning","floor":21.0}],"player_experience":5421,"relics_obtained":[{"floor":9.0,"key":"MawBank"}],"event_choices":[{"damage_healed":0.0,"max_hp_gain":0.0,"max_hp_loss":0.0,"gold_gain":0.0,"event_name":"Match and Keep!","player_choice":"1 cards matched","floor":2.0,"gold_loss":0.0,"damage_taken":0.0,"cards_obtained":["Seek"]},{"damage_healed":0.0,"max_hp_gain":5.0,"max_hp_loss":0.0,"gold_gain":0.0,"event_name":"Big Fish","player_choice":"Donut","floor":14.0,"gold_loss":0.0,"damage_taken":0.0}],"is_beta":false,"boss_relics":[{"not_picked":["Sozu","Fusion Hammer"],"picked":"FrozenCore"}],"items_purged_floors":[],"is_endless":false,"potions_floor_spawned":[11,16,20],"killed_by":"Cultist and Chosen","ascension_level":0}