{"gold_per_floor":[115,115,40,40,65,65,20,20,20,40,40,71,84,100,100,100],"floor_reached":16,"playtime":598,"items_purged":["Strike_R"],"score":123,"play_id":"d17cd15e-869a-4df4-a613-429541e31942","local_time":"20180929194807","is_ascension_mode":true,"campfire_choices":[{"data":"Feed","floor":6,"key":"SMITH"},{"data":"Armaments","floor":8,"key":"SMITH"},{"floor":15,"key":"REST"}],"neow_cost":"TEN_PERCENT_HP_LOSS","seed_source_timestamp":210138518436221,"circlet_count":0,"master_deck":["Strike_R","Strike_R","Strike_R","Strike_R","Defend_R","Defend_R","Defend_R","Defend_R","Bash","Feed+1","Warcry","Bash","Regret","Armaments+1","Pummel","Ghostly Armor"],"relics":["Burning Blood","Mummified Hand","Centennial Puzzle","Meat on the Bone","Nunchaku"],"potions_floor_usage":[12],"damage_taken":[{"damage":1,"enemies":"Cultist","floor":1,"turns":4},{"damage":9,"enemies":"Jaw Worm","floor":10,"turns":5},{"damage":67,"enemies":"Lagavulin","floor":12,"turns":11},{"damage":0,"enemies":"Small Slimes","floor":13,"turns":3},{"damage":35,"enemies":"Exordium Thugs","floor":14,"turns":7},{"damage":67,"enemies":"Slime Boss","floor":16,"turns":12}],"seed_played":"-5007152070895774432","potions_obtained":[{"floor":10,"key":"Swift Potion"}],"is_trial":false,"path_per_floor":["M","?","$","?","T","R","$","R","T","M","$","E","M","M","R"],"character_chosen":"IRONCLAD","items_purchased":["Armaments"],"campfire_rested":1,"item_purchase_floors":[7],"current_hp_per_floor":[75,75,75,75,75,75,75,75,75,72,72,27,49,36,62,0],"gold":100,"neow_bonus":"THREE_RARE_CARDS","is_prod":false,"is_daily":false,"chose_seed":false,"campfire_upgraded":2,"win_rate":0,"timestamp":1538264887,"path_taken":["M","?","$","?","?","R","$","R","T","M","?","E","M","M","R","BOSS"],"build_version":"2018-09-27","purchased_purges":1,"victory":false,"max_hp_per_floor":[75,75,75,75,75,75,75,75,75,75,75,79,83,87,87,87],"card_choices":[{"not_picked":["Double Tap","Reaper"],"picked":"Feed","floor":0},{"not_picked":["Second Wind","Sword Boomerang"],"picked":"Warcry","floor":1},{"not_picked":["Wild Strike","Burning Pact"],"picked":"Pummel","floor":10},{"not_picked":["Combust","Armaments","Perfected Strike"],"picked":"SKIP","floor":12},{"not_picked":["Cleave","Intimidate","Hemokinesis"],"picked":"SKIP","floor":13},{"not_picked":["Clash","Clothesline"],"picked":"Ghostly Armor","floor":14}],"player_experience":1082914,"relics_obtained":[{"floor":5,"key":"Centennial Puzzle"},{"floor":9,"key":"Meat on the Bone"},{"floor":12,"key":"Nunchaku"}],"event_choices":[{"event_name":"Match and Keep!","player_choice":"1 cards matched","floor":2,"damage_taken":0},{"event_name":"Big Fish","player_choice":"Box","floor":4,"damage_taken":0}],"is_beta":false,"boss_relics":[],"items_purged_floors":[3],"is_endless":false,"potions_floor_spawned":[10],"killed_by":"Slime Boss","ascension_level":5}