{"gold_per_floor":[111,43,43,61,161,189,189,207,207,232,248,266,277,297,297,297],"floor_reached":16,"playtime":594,"items_purged":[],"score":222,"play_id":"e41671bd-6177-4071-8833-17dc42a17b69","local_time":"20190428144504","is_ascension_mode":true,"campfire_choices":[{"data":"Neutralize","floor":7,"key":"SMITH"},{"floor":15,"key":"REST"}],"neow_cost":"NONE","seed_source_timestamp":606759050577335,"circlet_count":0,"master_deck":["AscendersBane","Defend_G+1","Defend_G","Defend_G","Defend_G+1","Defend_G","Strike_G","Strike_G","Strike_G","Strike_G","Strike_G","Survivor","Neutralize+1","Poisoned Stab","Crippling Poison","Blade Dance","Blade Dance","Dash","Sucker Punch","Dagger Spray"],"relics":["Ring of the Snake","NeowsBlessing","Pear","Bag of Preparation","Matryoshka"],"potions_floor_usage":[10,16],"damage_taken":[{"damage":0,"enemies":"Small Slimes","floor":1,"turns":1},{"damage":0,"enemies":"Cultist","floor":4,"turns":1},{"damage":0,"enemies":"Lagavulin","floor":6,"turns":1},{"damage":0,"enemies":"2 Louse","floor":8,"turns":2},{"damage":30,"enemies":"Gremlin Nob","floor":10,"turns":4},{"damage":4,"enemies":"Large Slime","floor":11,"turns":7},{"damage":1,"enemies":"Blue Slaver","floor":12,"turns":5},{"damage":8,"enemies":"Exordium Wildlife","floor":13,"turns":6},{"damage":4,"enemies":"2 Fungi Beasts","floor":14,"turns":3},{"damage":38,"enemies":"Slime Boss","floor":16,"turns":9}],"seed_played":"6479918603541427744","potions_obtained":[{"floor":8,"key":"PowerPotion"},{"floor":11,"key":"LiquidBronze"},{"floor":12,"key":"PowerPotion"}],"is_trial":false,"path_per_floor":["M","$","?","M","?","E","R","M","T","E","M","M","M","M","R","B"],"character_chosen":"THE_SILENT","items_purchased":["Crippling Poison"],"campfire_rested":1,"item_purchase_floors":[2],"current_hp_per_floor":[63,63,49,49,49,59,59,59,59,29,25,24,16,12,36,0],"gold":297,"neow_bonus":"THREE_ENEMY_KILL","is_prod":false,"is_daily":false,"chose_seed":false,"campfire_upgraded":1,"win_rate":0,"timestamp":1556455504,"path_taken":["M","$","?","M","?","E","R","M","T","E","M","M","?","M","R","BOSS"],"build_version":"2019-04-23","purchased_purges":0,"victory":false,"max_hp_per_floor":[70,70,70,70,70,80,80,80,80,80,80,80,80,80,80,80],"card_choices":[{"not_picked":["Slice","Underhanded Strike"],"picked":"Poisoned Stab","floor":1},{"not_picked":["Flechettes","Deflect"],"picked":"Blade Dance","floor":4},{"not_picked":["Underhanded Strike","Masterful Stab"],"picked":"Blade Dance","floor":6},{"not_picked":["Wraith Form v2","Prepared","Quick Slash"],"picked":"SKIP","floor":8},{"not_picked":["Backflip","Outmaneuver"],"picked":"Dash","floor":10},{"not_picked":["Slice","Blade Dance"],"picked":"Sucker Punch","floor":11},{"not_picked":["Deflect","Concentrate","Blade Dance"],"picked":"SKIP","floor":12},{"not_picked":["Slice","Dash","Prepared"],"picked":"SKIP","floor":13},{"not_picked":["Terror","Flechettes"],"picked":"Dagger Spray","floor":14}],"player_experience":1280802,"relics_obtained":[{"floor":6,"key":"Pear"},{"floor":9,"key":"Bag of Preparation"},{"floor":10,"key":"Matryoshka"}],"event_choices":[{"damage_healed":0,"gold_gain":0,"player_choice":"Entered Light","damage_taken":14,"max_hp_gain":0,"max_hp_loss":0,"event_name":"Shining Light","floor":3,"gold_loss":0,"cards_upgraded":["Defend_G","Defend_G"]},{"damage_healed":0,"gold_gain":100,"player_choice":"Pray","damage_taken":0,"max_hp_gain":0,"max_hp_loss":0,"event_name":"Golden Shrine","floor":5,"gold_loss":0}],"is_beta":true,"boss_relics":[],"items_purged_floors":[],"is_endless":false,"potions_floor_spawned":[8,11,12],"killed_by":"Slime Boss","ascension_level":12}