{"gold_per_floor":[14,27,40,56,75,75,0,0,0,0,31,181,181,193,193,270,270,289,321,340,161,161,161,180,180,180,180,180,180,191,201,201,274,274,285,305,305],"floor_reached":37,"playtime":1522,"items_purged":["Strike_G","Doubt"],"score":686,"play_id":"965cfb4c-582b-4a02-a627-c2a8aef7449d","local_time":"20190503185021","is_ascension_mode":true,"campfire_choices":[{"floor":6,"key":"REST"},{"data":"Noxious Fumes","floor":8,"key":"SMITH"},{"data":"Blur","floor":10,"key":"SMITH"},{"floor":13,"key":"REST"},{"data":"Caltrops","floor":15,"key":"SMITH"},{"floor":23,"key":"REST"},{"data":"Adrenaline","floor":25,"key":"SMITH"},{"data":"Leg Sweep","floor":28,"key":"SMITH"},{"data":"Backflip","floor":32,"key":"SMITH"}],"neow_cost":"NO_GOLD","seed_source_timestamp":1052547089224733,"circlet_count":0,"master_deck":["AscendersBane","Defend_G","Defend_G","Defend_G","Defend_G","Defend_G","Strike_G","Survivor","Neutralize","Corpse Explosion","Blur+1","Deadly Poison","Deadly Poison","Poisoned Stab","Noxious Fumes+1","PiercingWail","Cloak And Dagger","Caltrops+1","Backflip+1","PiercingWail","Leg Sweep+1","Adrenaline+1","Noxious Fumes+1","Flying Knee","Footwork+1","Predator"],"relics":["Ring of the Snake","Orichalcum","Regal Pillow","Velvet Choker","Red Mask","Paper Crane","Question Card","Sozu"],"potions_floor_usage":[11,11,19,19,30,30,33],"damage_taken":[{"damage":0,"enemies":"Cultist","floor":1,"turns":4},{"damage":10,"enemies":"2 Louse","floor":2,"turns":2},{"damage":2,"enemies":"Jaw Worm","floor":3,"turns":5},{"damage":1,"enemies":"Looter","floor":4,"turns":4},{"damage":28,"enemies":"Exordium Thugs","floor":5,"turns":5},{"damage":12,"enemies":"Gremlin Nob","floor":11,"turns":4},{"damage":7,"enemies":"3 Louse","floor":14,"turns":3},{"damage":24,"enemies":"The Guardian","floor":16,"turns":9},{"damage":20,"enemies":"Spheric Guardian","floor":18,"turns":6},{"damage":0,"enemies":"Masked Bandits","floor":19,"turns":2},{"damage":20,"enemies":"Chosen","floor":20,"turns":5},{"damage":0,"enemies":"Snake Plant","floor":24,"turns":5},{"damage":0,"enemies":"Snecko","floor":30,"turns":5},{"damage":9,"enemies":"Cultist and Chosen","floor":31,"turns":4},{"damage":36,"enemies":"Champ","floor":33,"turns":13},{"damage":20,"enemies":"Orb Walker","floor":35,"turns":4},{"damage":6,"enemies":"3 Shapes","floor":36,"turns":3},{"damage":45,"enemies":"Spire Growth","floor":37,"turns":5}],"seed_played":"-5301944367872100950","potions_obtained":[{"floor":2,"key":"EssenceOfSteel"},{"floor":4,"key":"Poison Potion"},{"floor":11,"key":"AttackPotion"},{"floor":16,"key":"AttackPotion"},{"floor":19,"key":"Ancient Potion"},{"floor":20,"key":"Dexterity Potion"},{"floor":29,"key":"EntropicBrew"},{"floor":33,"key":"LiquidBronze"}],"is_trial":false,"path_per_floor":["M","M","M","M","M","R","$","R","T","R","E","?","R","M","R","B",null,"M","?","M","$","?","R","M","R","T","?","R","?","M","M","R","B",null,"M","M","M"],"character_chosen":"THE_SILENT","items_purchased":["Leg Sweep"],"campfire_rested":3,"item_purchase_floors":[21],"current_hp_per_floor":[59,49,47,46,18,37,37,37,37,37,25,25,59,52,52,28,57,37,37,17,17,17,51,51,51,51,51,51,51,51,42,42,21,55,35,29,0],"gold":305,"neow_bonus":"TRANSFORM_TWO_CARDS","is_prod":false,"is_daily":false,"chose_seed":false,"campfire_upgraded":6,"win_rate":0,"timestamp":1556902221,"path_taken":["M","M","M","M","?","R","$","R","T","R","E","?","R","M","R","BOSS","M","?","M","$","?","R","?","R","T","?","R","?","M","M","R","BOSS","M","M","?"],"build_version":"2019-04-23","purchased_purges":2,"victory":false,"max_hp_per_floor":[66,66,66,66,66,66,66,66,66,66,66,66,66,66,66,66,66,66,66,66,66,66,66,66,66,66,66,66,66,66,66,66,66,66,66,66,66],"card_choices":[{"not_picked":["Blade Dance","Prepared"],"picked":"Deadly Poison","floor":1},{"not_picked":["Underhanded Strike","Flying Knee"],"picked":"Deadly Poison","floor":2},{"not_picked":["Skewer","Blade Dance"],"picked":"Poisoned Stab","floor":3},{"not_picked":["Tactician","Endless Agony"],"picked":"Noxious Fumes","floor":4},{"not_picked":["Prepared","Poisoned Stab"],"picked":"PiercingWail","floor":5},{"not_picked":["Expertise","Flechettes"],"picked":"Cloak And Dagger","floor":11},{"not_picked":["Poisoned Stab","Deflect"],"picked":"Caltrops","floor":14},{"not_picked":["Dagger Spray","Dagger Throw","Deflect"],"picked":"SKIP","floor":18},{"not_picked":["Sucker Punch","Blade Dance"],"picked":"Backflip","floor":19},{"not_picked":["Bane","Dagger Spray"],"picked":"PiercingWail","floor":20},{"not_picked":["Backflip","Blade Dance"],"picked":"Adrenaline","floor":24},{"not_picked":["Distraction","Dodge and Roll","Outmaneuver"],"picked":"Noxious Fumes+1","floor":30},{"not_picked":["Infinite Blades","Bouncing Flask","Blade Dance"],"picked":"Flying Knee","floor":31},{"not_picked":["Backstab","Sucker Punch","Slice+1"],"picked":"Footwork+1","floor":35},{"not_picked":["Heel Hook","Leg Sweep","Outmaneuver+1"],"picked":"Predator","floor":36}],"player_experience":1468640,"relics_obtained":[{"floor":9,"key":"Orichalcum"},{"floor":11,"key":"Regal Pillow"},{"floor":19,"key":"Red Mask"},{"floor":26,"key":"Question Card"}],"event_choices":[{"damage_healed":0,"gold_gain":150,"player_choice":"AGREE","damage_taken":0,"max_hp_gain":0,"max_hp_loss":0,"event_name":"Liars Game","floor":12,"gold_loss":0,"cards_obtained":["Doubt"]},{"damage_healed":0,"gold_gain":0,"player_choice":"Fought Bandits","damage_taken":0,"max_hp_gain":0,"max_hp_loss":0,"event_name":"Masked Bandits","floor":19,"gold_loss":0},{"damage_healed":0,"gold_gain":0,"player_choice":"Gave Potion","damage_taken":0,"relics_obtained":["Paper Crane"],"max_hp_gain":0,"max_hp_loss":0,"event_name":"WeMeetAgain","floor":22,"gold_loss":0},{"cards_removed":["Strike_G"],"damage_healed":0,"gold_gain":0,"player_choice":"Elegance","damage_taken":0,"max_hp_gain":0,"max_hp_loss":0,"event_name":"Back to Basics","floor":27,"gold_loss":0},{"damage_healed":0,"gold_gain":0,"player_choice":"Got Potions","damage_taken":0,"max_hp_gain":0,"max_hp_loss":0,"event_name":"Lab","floor":29,"gold_loss":0}],"is_beta":true,"boss_relics":[{"not_picked":["Empty Cage","Black Star"],"picked":"Velvet Choker"},{"not_picked":["Astrolabe","Cursed Key"],"picked":"Sozu"}],"items_purged_floors":[7,21],"is_endless":false,"potions_floor_spawned":[2,4,11,16,18,19,20,33,36],"killed_by":"Spire Growth","ascension_level":17}