{"gold_per_floor":[111,111,261,275,301,335,349,367,449,86,111,111,36,36],"floor_reached":14,"playtime":403,"items_purged":["Doubt"],"score":246,"play_id":"ad9e1d96-607b-4827-9074-262d596f8186","local_time":"20190518153643","is_ascension_mode":true,"campfire_choices":[{"data":"Neutralize","floor":12,"key":"SMITH"}],"neow_cost":"NONE","seed_source_timestamp":2338049041206926,"circlet_count":0,"master_deck":["AscendersBane","Defend_G","Defend_G","Defend_G","Defend_G","Defend_G","Strike_G","Strike_G","Strike_G","Survivor","Neutralize+1","Endless Agony","Deadly Poison","Venomology","Deadly Poison","Well Laid Plans","Well Laid Plans","Sucker Punch"],"relics":["Ring of the Snake","NeowsBlessing","Blood Vial","Ancient Tea Set","Paper Crane","PreservedInsect","Art of War"],"potions_floor_usage":[8,8],"damage_taken":[{"damage":0,"enemies":"Small Slimes","floor":1,"turns":1},{"damage":0,"enemies":"2 Louse","floor":4,"turns":1},{"damage":0,"enemies":"3 Sentries","floor":6,"turns":2},{"damage":0,"enemies":"Jaw Worm","floor":7,"turns":5},{"damage":9,"enemies":"Exordium Thugs","floor":8,"turns":3},{"damage":30,"enemies":"Gremlin Nob","floor":11,"turns":4},{"damage":24,"enemies":"Large Slime","floor":14,"turns":5}],"seed_played":"2618207995118263938","potions_obtained":[{"floor":6,"key":"Dexterity Potion"}],"is_trial":false,"path_per_floor":["M","?","?","M","T","E","M","M","T","$","E","R","?","M"],"character_chosen":"THE_SILENT","items_purchased":["PreservedInsect","Well Laid Plans","Sucker Punch"],"campfire_rested":0,"item_purchase_floors":[10,10,10],"current_hp_per_floor":[59,52,52,52,52,54,56,49,49,49,21,21,21,0],"gold":36,"neow_bonus":"THREE_ENEMY_KILL","is_prod":false,"is_daily":false,"chose_seed":false,"campfire_upgraded":1,"win_rate":0,"timestamp":1558186603,"path_taken":["M","?","?","M","?","E","M","?","T","$","E","R","?","M"],"build_version":"2019-05-07","purchased_purges":1,"victory":false,"max_hp_per_floor":[66,66,66,66,66,66,66,66,66,66,66,66,66,66],"card_choices":[{"not_picked":["Dodge and Roll","Eviscerate"],"picked":"Endless Agony","floor":1},{"not_picked":["Dagger Throw","Sucker Punch"],"picked":"Deadly Poison","floor":4},{"not_picked":["Reflex","Dagger Throw"],"picked":"Venomology","floor":6},{"not_picked":["Tactician","Blade Dance"],"picked":"Deadly Poison","floor":7},{"not_picked":["Backflip","All Out Attack"],"picked":"Well Laid Plans","floor":8},{"not_picked":["All Out Attack","Quick Slash","Flying Knee"],"picked":"SKIP","floor":11}],"player_experience":2030050,"relics_obtained":[{"floor":5,"key":"Blood Vial"},{"floor":6,"key":"Ancient Tea Set"},{"floor":9,"key":"Paper Crane"},{"floor":11,"key":"Art of War"}],"event_choices":[{"cards_removed":["Strike_G"],"damage_healed":0,"gold_gain":0,"player_choice":"Card Removal","damage_taken":7,"max_hp_gain":0,"max_hp_loss":0,"event_name":"Golden Wing","floor":2,"gold_loss":0},{"damage_healed":0,"gold_gain":150,"player_choice":"AGREE","damage_taken":0,"max_hp_gain":0,"max_hp_loss":0,"event_name":"Liars Game","floor":3,"gold_loss":0,"cards_obtained":["Doubt"]},{"cards_removed":["Strike_G"],"damage_healed":0,"gold_gain":0,"player_choice":"Card Removal","damage_taken":0,"max_hp_gain":0,"max_hp_loss":0,"event_name":"The Cleric","floor":13,"gold_loss":75}],"is_beta":true,"boss_relics":[],"items_purged_floors":[10],"is_endless":false,"potions_floor_spawned":[6],"killed_by":"Large Slime","ascension_level":20}