{"path_per_floor":["M","T","$","M","M","E","R","?","T","M","M"],"character_chosen":"IRONCLAD","items_purchased":["Hemokinesis"],"gold_per_floor":[110,135,95,109,123,158,158,158,226,238,249,249],"floor_reached":12,"campfire_rested":1,"playtime":1082,"item_purchase_floors":[3],"current_hp_per_floor":[72,72,72,71,63,35,59,59,59,50,39,0],"items_purged":[],"gold":249,"score":80,"play_id":"dc993732-7546-4827-b306-27cf27d14622","local_time":"20180621234425","is_prod":false,"is_daily":false,"chose_seed":false,"is_ascension_mode":false,"campfire_upgraded":0,"win_rate":0.0,"timestamp":1529639065,"campfire_choices":[{"floor":7,"key":"REST"}],"path_taken":["M","?","$","M","M","E","R","?","T","?","M","E"],"build_version":"2018-06-21","seed_source_timestamp":10915421211685,"purchased_purges":0,"circlet_count":0,"victory":false,"master_deck":["Strike_R","Strike_R","Strike_R","Strike_R","Strike_R","Defend_R+1","Defend_R","Defend_R","Defend_R+1","Bash","Pain","Rupture","Hemokinesis","Carnage","Cleave","Flame Barrier+1","Pommel Strike","Brutality"],"max_hp_per_floor":[80,80,80,80,80,80,80,80,80,80,80,80],"relics":["Burning Blood","Ginger","Potion Belt","War Paint","Darkstone Periapt"],"card_choices":[{"not_picked":["Blood for Blood","Infernal Blade"],"picked":"Rupture","floor":1},{"not_picked":["Battle Trance","Armaments"],"picked":"Carnage","floor":4},{"not_picked":["Sword Boomerang","Pommel Strike"],"picked":"Cleave","floor":5},{"not_picked":["Flex","Fire Breathing"],"picked":"Flame Barrier","floor":6},{"not_picked":["Twin Strike","True Grit"],"picked":"Pommel Strike","floor":10},{"not_picked":["Disarm","Seeing Red"],"picked":"Brutality","floor":11}],"player_experience":10140,"potions_floor_usage":[11],"damage_taken":[{"damage":14,"enemies":"Cultist","floor":1,"turns":4},{"damage":7,"enemies":"Small Slimes","floor":4,"turns":4},{"damage":14,"enemies":"Jaw Worm","floor":5,"turns":3},{"damage":34,"enemies":"3 Sentries","floor":6,"turns":8},{"damage":15,"enemies":"Looter","floor":10,"turns":3},{"damage":17,"enemies":"Exordium Thugs","floor":11,"turns":4},{"damage":43,"enemies":"Lagavulin","floor":12,"turns":5}],"relics_obtained":[{"floor":2,"key":"Potion Belt"},{"floor":6,"key":"War Paint"},{"floor":9,"key":"Darkstone Periapt"}],"event_choices":[{"event_name":"Living Wall","player_choice":"Grow","floor":8,"damage_taken":0}],"boss_relics":[],"items_purged_floors":[],"is_endless":false,"potions_floor_spawned":[5,6],"seed_played":"5318417226036155331","killed_by":"Lagavulin","ascension_level":0,"potions_obtained":[{"floor":5,"key":"Weak Potion"},{"floor":6,"key":"SteroidPotion"}],"is_trial":false}