{"gold_per_floor":[110,56,72,72,91,123,123,139,188,188,188,216,230,240,240,240],"floor_reached":16,"playtime":799,"items_purged":[],"score":148,"play_id":"fe32af6a-73c5-44d3-961e-7fdc01f2d018","local_time":"20180902040225","is_ascension_mode":true,"campfire_choices":[{"data":"Feed","floor":7,"key":"SMITH"},{"data":"Armaments","floor":11,"key":"SMITH"},{"data":"Fire Breathing","floor":15,"key":"SMITH"}],"neow_cost":"","seed_source_timestamp":187298398208233,"circlet_count":0,"master_deck":["Strike_R","Strike_R","Strike_R","Strike_R","Strike_R","Defend_R","Defend_R","Defend_R","Defend_R","Bash","Shrug It Off","Armaments+1","Hemokinesis","Feed+1","Fire Breathing+1","Shrug It Off"],"relics":["Burning Blood","Pantograph","Potion Belt","Centennial Puzzle"],"potions_floor_usage":[14,14,14,16],"damage_taken":[{"damage":1,"enemies":"Cultist","floor":1,"turns":3},{"damage":7,"enemies":"Small Slimes","floor":3,"turns":5},{"damage":4,"enemies":"2 Louse","floor":5,"turns":2},{"damage":30,"enemies":"3 Sentries","floor":6,"turns":11},{"damage":19,"enemies":"Blue Slaver","floor":8,"turns":7},{"damage":17,"enemies":"Lagavulin","floor":12,"turns":10},{"damage":3,"enemies":"Looter","floor":13,"turns":5},{"damage":2,"enemies":"Lots of Slimes","floor":14,"turns":4},{"damage":85,"enemies":"Hexaghost","floor":16,"turns":14}],"seed_played":"-3637252230685307518","potions_obtained":[{"floor":5,"key":"EssenceOfSteel"},{"floor":6,"key":"SteroidPotion"},{"floor":12,"key":"LiquidBronze"},{"floor":14,"key":"Strength Potion"}],"is_trial":false,"path_per_floor":["M","$","M","$","M","E","R","M","T","?","R","E","M","M","R"],"character_chosen":"IRONCLAD","items_purchased":["Armaments"],"campfire_rested":0,"item_purchase_floors":[2],"current_hp_per_floor":[80,80,79,79,80,60,60,51,51,51,51,44,51,59,59,0],"gold":240,"neow_bonus":"","is_prod":false,"is_daily":false,"chose_seed":false,"campfire_upgraded":3,"win_rate":0,"timestamp":1535875345,"path_taken":["M","$","M","?","M","E","R","?","T","?","R","E","M","M","R","BOSS"],"build_version":"2018-08-30","purchased_purges":0,"victory":false,"max_hp_per_floor":[80,80,80,80,80,84,84,88,88,88,88,92,96,100,100,100],"card_choices":[{"not_picked":["Body Slam","Anger"],"picked":"Shrug It Off","floor":1},{"not_picked":["Dual Wield","Anger"],"picked":"Hemokinesis","floor":3},{"not_picked":["Armaments","Perfected Strike"],"picked":"Feed","floor":5},{"not_picked":["Rampage","Corruption"],"picked":"Fire Breathing","floor":6},{"not_picked":["Clash","Rampage"],"picked":"Shrug It Off","floor":8},{"not_picked":["Bloodletting","Searing Blow","Havoc"],"picked":"SKIP","floor":12},{"not_picked":["Pommel Strike","Iron Wave","Dropkick"],"picked":"SKIP","floor":13},{"not_picked":["Cleave","Pommel Strike","Carnage"],"picked":"SKIP","floor":14}],"player_experience":728440,"relics_obtained":[{"floor":6,"key":"Pantograph"},{"floor":9,"key":"Potion Belt"},{"floor":12,"key":"Centennial Puzzle"}],"event_choices":[{"event_name":"Liars Game","player_choice":"disagreed","floor":10,"damage_taken":0}],"is_beta":false,"boss_relics":[],"items_purged_floors":[],"is_endless":false,"potions_floor_spawned":[5,6,12,14],"killed_by":"Hexaghost","ascension_level":2}