{"gold_per_floor":[114,114,114,126,226,252,268,268,268,268,303,320,346,361,361,460,460,480,490,33,48,65,65,65,78,104,104,104],"floor_reached":28,"playtime":1852,"items_purged":["Strike_B"],"score":265,"play_id":"bc8cea87-1d34-49ac-bdab-db79e9c4db19","local_time":"20180724015601","is_ascension_mode":false,"campfire_choices":[{"data":"Chaos","floor":8,"key":"SMITH"},{"floor":10,"key":"REST"},{"floor":15,"key":"REST"},{"floor":23,"key":"REST"}],"neow_cost":"","seed_source_timestamp":91914935501292,"circlet_count":0,"master_deck":["Defend_B","Defend_B","Defend_B","Defend_B","Zap","Dualcast","Sweeping Beam","Glacier","BootSequence","Chaos+1","FTL","Capacitor","Conserve Battery","Leap","Cold Snap","Creative AI","Tempest","Conserve Battery","Reinforced Body","Chill","Capacitor","Fission","Static Discharge","Bite","Bite","Bite","Bite","Bite"],"relics":["Cracked Core","Bottled Lightning","Juzu Bracelet","Calipers","Torii","Darkstone Periapt","Lizard Tail","HandDrill","Regal Pillow","Bag of Marbles"],"potions_floor_usage":[6,11,11,21],"damage_taken":[{"damage":9,"enemies":"2 Louse","floor":1,"turns":3},{"damage":5,"enemies":"Cultist","floor":4,"turns":4},{"damage":22,"enemies":"Lagavulin","floor":6,"turns":8},{"damage":1,"enemies":"Jaw Worm","floor":7,"turns":3},{"damage":10,"enemies":"Gremlin Nob","floor":11,"turns":4},{"damage":1,"enemies":"Blue Slaver","floor":12,"turns":2},{"damage":21,"enemies":"Lagavulin","floor":13,"turns":8},{"damage":0,"enemies":"Red Slaver","floor":14,"turns":4},{"damage":27,"enemies":"The Guardian","floor":16,"turns":13},{"damage":3,"enemies":"3 Byrds","floor":18,"turns":7},{"damage":11,"enemies":"Spheric Guardian","floor":19,"turns":4},{"damage":64,"enemies":"3 Cultists","floor":21,"turns":9},{"damage":15,"enemies":"Snake Plant","floor":22,"turns":6},{"damage":19,"enemies":"Sentry and Sphere","floor":25,"turns":11},{"damage":48,"enemies":"3 Cultists","floor":28,"turns":7}],"seed_played":"4713811308767844676","potions_obtained":[{"floor":4,"key":"Ancient Potion"},{"floor":6,"key":"Block Potion"},{"floor":7,"key":"PowerPotion"},{"floor":16,"key":"Energy Potion"},{"floor":19,"key":"SteroidPotion"}],"is_trial":false,"path_per_floor":["M","?","T","M","?","E","M","R","T","R","E","M","E","M","R","B",null,"M","M","$","M","M","R","?","M","T","?"],"character_chosen":"DEFECT","items_purchased":["HandDrill","Regal Pillow","Reinforced Body"],"campfire_rested":3,"item_purchase_floors":[20,20,20],"current_hp_per_floor":[66,66,66,61,61,39,38,38,38,60,50,49,28,28,50,23,75,72,61,61,37,22,59,59,40,40,40,0],"gold":104,"neow_bonus":"","is_prod":false,"is_daily":false,"chose_seed":false,"campfire_upgraded":1,"win_rate":0,"timestamp":1532411761,"path_taken":["M","?","?","M","?","E","M","R","T","R","E","M","E","M","R","BOSS","M","M","$","M","M","R","?","M","T","?","M"],"build_version":"2018-07-19v2","purchased_purges":1,"victory":false,"max_hp_per_floor":[75,75,75,75,75,75,75,75,75,75,75,75,75,75,75,75,75,75,75,75,75,75,75,75,75,75,52,52],"card_choices":[{"not_picked":["Rebound","Force Field"],"picked":"Sweeping Beam","floor":1},{"not_picked":["Barrage","Redo"],"picked":"BootSequence","floor":4},{"not_picked":["Scrape","Hologram"],"picked":"Chaos","floor":6},{"not_picked":["Steam","Force Field"],"picked":"FTL","floor":7},{"not_picked":["Ball Lightning","Conserve Battery"],"picked":"Capacitor","floor":11},{"not_picked":["Doom and Gloom","Meteor Strike"],"picked":"Conserve Battery","floor":12},{"not_picked":["Coolheaded","Rebound"],"picked":"Leap","floor":13},{"not_picked":["Sweeping Beam","Gash"],"picked":"Cold Snap","floor":14},{"not_picked":["Echo Form","Biased Cognition"],"picked":"Creative AI","floor":16},{"not_picked":["Hologram","Sunder"],"picked":"Tempest","floor":18},{"not_picked":["Compile Driver+1","Streamline"],"picked":"Conserve Battery","floor":19},{"not_picked":["Compile Driver","Redo+1"],"picked":"Chill","floor":21},{"not_picked":["Go for the Eyes","Compile Driver"],"picked":"Capacitor","floor":22},{"not_picked":["Cold Snap","Ball Lightning"],"picked":"Static Discharge","floor":25}],"player_experience":467461,"relics_obtained":[{"floor":3,"key":"Bottled Lightning"},{"floor":6,"key":"Juzu Bracelet"},{"floor":9,"key":"Calipers"},{"floor":11,"key":"Torii"},{"floor":13,"key":"Darkstone Periapt"},{"floor":26,"key":"Bag of Marbles"}],"event_choices":[{"event_name":"Transmorgrifier","player_choice":"Transform","floor":2,"damage_taken":0},{"event_name":"Wheel of Change","player_choice":"Gold","floor":5,"damage_taken":0},{"event_name":"The Library","player_choice":"Read","floor":24,"damage_taken":0},{"event_name":"Vampires","player_choice":"Became a vampire","floor":27,"damage_taken":0}],"is_beta":false,"boss_relics":[{"not_picked":["Ectoplasm","Empty Cage"],"picked":"Lizard Tail"}],"items_purged_floors":[20],"is_endless":false,"potions_floor_spawned":[4,6,7,16,19],"killed_by":"3 Cultists","ascension_level":0}