{"path_per_floor":["M","M","M","M","$","R","M","E","T","M","?","M","M","M","R","B",null,"M","M","?","?","$","E","?","R","T","?","R","M","E","M","R","B",null,"M","$","M","?","M","E","R","?","T","M","M","E","M","M","R","B"],"character_chosen":"IRONCLAD","items_purchased":["Whirlwind","Bag of Marbles","Uppercut","Inflame","Dual Wield","War Paint"],"gold_per_floor":[115,126,143,159,15,15,34,61,88,100,100,113,127,145,145,241,241,260,280,280,280,22,52,52,52,52,52,52,64,92,106,106,204,204,216,1,14,61,75,104,104,104,104,116,134,167,185,204,204,204],"floor_reached":51,"campfire_rested":1,"playtime":3861,"current_hp_per_floor":[73,80,80,74,74,74,80,58,58,71,71,80,80,80,80,80,80,80,80,80,80,80,80,64,64,64,64,64,70,80,80,80,23,80,80,80,80,80,80,59,80,80,80,80,67,64,53,57,57,16],"items_purged":["Strike_R"],"gold":204,"play_id":"7d7d62e3-1f7f-45c5-a9de-7fc730fd4d65","is_prod":false,"is_daily":false,"is_ascension_mode":false,"campfire_upgraded":6,"path_taken":["M","M","M","M","?","R","?","E","T","M","?","M","M","M","R","BOSS","M","M","?","?","$","E","?","R","T","?","R","M","E","M","R","BOSS","M","$","M","?","?","E","R","?","T","M","?","E","M","M","R","BOSS"],"build_version":"2018-01-25-PROD3","purchased_purges":1,"victory":true,"master_deck":["Strike_R","Strike_R","Strike_R","Strike_R","Defend_R+1","Defend_R","Defend_R+1","Defend_R","Bash","Reaper","Ghostly Armor","Heavy Blade","Anger","Whirlwind+1","Heavy Blade","Metallicize+1","Pommel Strike+1","Offering+1","Thunderclap","Fire Breathing","Uppercut+1","Inflame","Heavy Blade+1","Perfected Strike","Flame Barrier","Juggernaut","Perfected Strike+1","Dual Wield+1","Shockwave","Demon Form","Writhe","Carnage+1","Blood for Blood+1","Clothesline+1"],"max_hp_per_floor":[80,80,80,80,80,80,80,80,80,80,80,80,80,80,80,80,80,80,80,80,80,80,80,80,80,80,80,80,80,80,80,80,80,80,80,80,80,80,80,80,80,80,80,80,80,80,80,80,80,80],"relics":["Black Blood","Sundial","Lantern","Pen Nib","Snecko Eye","Bag of Marbles","Anchor","Enchiridion","Ginger","Dodecahedron","War Paint","Du-Vu Doll","Charon\u0027s Ashes","Dead Branch","Red Skull"],"card_choices":[{"not_picked":["Carnage","Thunderclap"],"picked":"Ghostly Armor"},{"not_picked":["Cleave","Perfected Strike"],"picked":"Heavy Blade"},{"not_picked":["Thunderclap","Clash"],"picked":"Anger"},{"not_picked":["Wild Strike","Body Slam"],"picked":"Heavy Blade"},{"not_picked":["Twin Strike","Sever Soul"],"picked":"Metallicize"},{"not_picked":["Warcry","Clash"],"picked":"Pommel Strike"},{"not_picked":["Shockwave","Wild Strike"],"picked":"Offering"},{"not_picked":["Sword Boomerang","Feel No Pain"],"picked":"Thunderclap"},{"not_picked":["Wild Strike","True Grit"],"picked":"Fire Breathing"},{"not_picked":["Disarm","Shrug It Off"],"picked":"Heavy Blade"},{"not_picked":["Armaments","Sword Boomerang"],"picked":"Perfected Strike"},{"not_picked":["Reaper","Twin Strike"],"picked":"Flame Barrier"},{"not_picked":["Brutality","Dark Embrace"],"picked":"Juggernaut"},{"not_picked":["Warcry","Armaments"],"picked":"Perfected Strike"},{"not_picked":["Carnage","Shrug It Off"],"picked":"Shockwave"},{"not_picked":["Perfected Strike","Warcry"],"picked":"Demon Form"},{"not_picked":["Bloodletting","Shrug It Off"],"picked":"Carnage"},{"not_picked":["Clothesline","Rampage"],"picked":"Blood for Blood"},{"not_picked":["Anger","Spot Weakness"],"picked":"Clothesline"}],"player_experience":326442,"potions_floor_usage":[4,30,30,31,40,46,50],"damage_taken":[{"damage":13,"enemies":"Blue Slaver","floor":1,"turns":5},{"damage":0,"enemies":"Small Slimes","floor":2,"turns":5},{"damage":10,"enemies":"Cultist","floor":3,"turns":4},{"damage":17,"enemies":"Exordium Thugs","floor":4,"turns":9},{"damage":0,"enemies":"Looter","floor":7,"turns":4},{"damage":28,"enemies":"Gremlin Nob","floor":8,"turns":4},{"damage":1,"enemies":"2 Fungi Beasts","floor":10,"turns":3},{"damage":2,"enemies":"3 Louse","floor":12,"turns":3},{"damage":4,"enemies":"Looter","floor":13,"turns":1},{"damage":4,"enemies":"2 Fungi Beasts","floor":14,"turns":2},{"damage":8,"enemies":"Slime Boss","floor":16,"turns":8},{"damage":6,"enemies":"Shell Parasite","floor":18,"turns":4},{"damage":6,"enemies":"Spheric Guardian","floor":19,"turns":3},{"damage":4,"enemies":"Slavers","floor":23,"turns":1},{"damage":0,"enemies":"Centurion and Healer","floor":29,"turns":3},{"damage":4,"enemies":"Gremlin Leader","floor":30,"turns":3},{"damage":0,"enemies":"Snake Plant","floor":31,"turns":2},{"damage":69,"enemies":"Automaton","floor":33,"turns":9},{"damage":2,"enemies":"Orb Walker","floor":35,"turns":3},{"damage":5,"enemies":"3 Shapes","floor":37,"turns":2},{"damage":2,"enemies":"Mysterious Sphere","floor":38,"turns":2},{"damage":4,"enemies":"Maw","floor":39,"turns":5},{"damage":31,"enemies":"Nemesis","floor":40,"turns":4},{"damage":3,"enemies":"3 Darklings","floor":44,"turns":3},{"damage":23,"enemies":"4 Shapes","floor":45,"turns":3},{"damage":13,"enemies":"Giant Head","floor":46,"turns":5},{"damage":21,"enemies":"Maw","floor":47,"turns":4},{"damage":6,"enemies":"Sphere and 2 Shapes","floor":48,"turns":3},{"damage":67,"enemies":"Awakened One","floor":50,"turns":8}],"event_choices":[{"event_name":"Wheel of Change","player_choice":"Relic","floor":11,"damage_taken":0},{"event_name":"Vampires","player_choice":"Ignored","floor":20,"damage_taken":0},{"event_name":"Drug Dealer","player_choice":"Ignored","floor":21,"damage_taken":0},{"event_name":"Cursed Tome","player_choice":"Obtained Book","floor":24,"damage_taken":0},{"event_name":"Beggar","player_choice":"Ignored","floor":27,"damage_taken":0},{"event_name":"Mysterious Sphere","player_choice":"Fight","floor":38,"damage_taken":0},{"event_name":"Winding Halls","player_choice":"Writhe","floor":42,"damage_taken":0}],"boss_relics":[{"not_picked":["Runic Cube","Cursed Key"],"picked":"Snecko Eye"},{"not_picked":["Question Card","Eternal Feather"],"picked":"Black Blood"}],"potions_floor_spawned":[1,2,10,12,13,14,23,33,35,39,40,45],"seed_played":"-1792410974611787737","ascension_level":0,"is_trial":false}