{"gold_per_floor":[116,134,59,59,71,106,106,137,206,206,206,206,206,226,226,297,297,313,313],"floor_reached":19,"playtime":595,"items_purged":[],"score":341,"play_id":"9a2c4c97-0fd7-401c-b815-4722041ab5f4","local_time":"20190512155543","is_ascension_mode":true,"campfire_choices":[{"data":"Bludgeon","floor":7,"key":"SMITH"},{"floor":10,"key":"REST"},{"floor":12,"key":"REST"},{"data":"Double Tap","floor":15,"key":"SMITH"}],"neow_cost":"NONE","seed_source_timestamp":1820597760768959,"circlet_count":0,"master_deck":["AscendersBane","Strike_R","Strike_R","Strike_R+1","Defend_R","Defend_R","Defend_R","Defend_R","Bash+1","Bludgeon+1","Double Tap+1","True Grit+1","Headbutt","Metallicize","Demon Form"],"relics":["Burning Blood","Gambling Chip","Whetstone","Ornamental Fan","Snecko Eye"],"potions_floor_usage":[16,16],"damage_taken":[{"damage":12,"enemies":"Jaw Worm","floor":1,"turns":2},{"damage":6,"enemies":"2 Louse","floor":2,"turns":3},{"damage":6,"enemies":"Small Slimes","floor":5,"turns":3},{"damage":40,"enemies":"Lagavulin","floor":6,"turns":5},{"damage":15,"enemies":"3 Sentries","floor":8,"turns":7},{"damage":14,"enemies":"Red Slaver","floor":14,"turns":3},{"damage":46,"enemies":"The Guardian","floor":16,"turns":10},{"damage":29,"enemies":"Shell Parasite","floor":18,"turns":5},{"damage":8,"enemies":"Colosseum Slavers","floor":19,"turns":4},{"damage":55,"enemies":"Colosseum Nobs","floor":19,"turns":3}],"seed_played":"3356903316125715538","potions_obtained":[{"floor":2,"key":"SpeedPotion"},{"floor":6,"key":"EssenceOfSteel"},{"floor":13,"key":"SpeedPotion"},{"floor":14,"key":"Energy Potion"}],"is_trial":false,"path_per_floor":["M","M","?","?","M","E","R","E","T","R","?","R","?","M","R","B",null,"M","?"],"character_chosen":"IRONCLAD","items_purchased":[],"campfire_rested":2,"item_purchase_floors":[],"current_hp_per_floor":[62,62,62,55,55,21,21,12,12,34,34,56,56,48,48,8,58,35,0],"gold":313,"neow_bonus":"ONE_RANDOM_RARE_CARD","is_prod":false,"is_daily":false,"chose_seed":false,"campfire_upgraded":2,"win_rate":0,"timestamp":1557669343,"path_taken":["M","M","?","?","M","E","R","E","T","R","?","R","?","M","R","BOSS","M","?"],"build_version":"2019-05-07","purchased_purges":0,"victory":false,"max_hp_per_floor":[75,75,75,75,75,75,75,75,75,75,75,75,75,75,75,75,75,75,75],"card_choices":[{"not_picked":["Heavy Blade","Warcry","Body Slam"],"picked":"SKIP","floor":1},{"not_picked":["Warcry","Corruption","Blood for Blood"],"picked":"SKIP","floor":2},{"not_picked":["Twin Strike","Intimidate"],"picked":"Double Tap","floor":5},{"not_picked":["Corruption","Entrench"],"picked":"True Grit","floor":6},{"not_picked":["Heavy Blade","Twin Strike"],"picked":"Headbutt","floor":8},{"not_picked":["Thunderclap","Reckless Charge"],"picked":"Metallicize","floor":14},{"not_picked":["Juggernaut","Brutality"],"picked":"Demon Form","floor":16},{"not_picked":["Anger","Havoc+1","Armaments"],"picked":"SKIP","floor":18}],"player_experience":1848679,"relics_obtained":[{"floor":6,"key":"Gambling Chip"},{"floor":8,"key":"Whetstone"},{"floor":9,"key":"Ornamental Fan"}],"event_choices":[{"cards_removed":["Strike_R"],"damage_healed":0,"gold_gain":0,"player_choice":"Card Removal","damage_taken":0,"max_hp_gain":0,"max_hp_loss":0,"event_name":"The Cleric","floor":3,"gold_loss":75},{"cards_removed":["Strike_R"],"damage_healed":0,"gold_gain":0,"player_choice":"Card Removal","damage_taken":7,"max_hp_gain":0,"max_hp_loss":0,"event_name":"Golden Wing","floor":4,"gold_loss":0},{"damage_healed":0,"gold_gain":0,"player_choice":"Grow","damage_taken":0,"max_hp_gain":0,"max_hp_loss":0,"event_name":"Living Wall","floor":11,"gold_loss":0,"cards_upgraded":["True Grit"]},{"damage_healed":0,"gold_gain":0,"player_choice":"Got Potions","damage_taken":0,"max_hp_gain":0,"max_hp_loss":0,"event_name":"Lab","floor":13,"gold_loss":0},{"damage_healed":0,"gold_gain":0,"player_choice":"Fight","damage_taken":0,"max_hp_gain":0,"max_hp_loss":0,"event_name":"Colosseum","floor":19,"gold_loss":0},{"damage_healed":0,"gold_gain":0,"player_choice":"Fought Nobs","damage_taken":0,"max_hp_gain":0,"max_hp_loss":0,"event_name":"Colosseum","floor":19,"gold_loss":0}],"is_beta":true,"boss_relics":[{"not_picked":["Black Star","Tiny House"],"picked":"Snecko Eye"}],"items_purged_floors":[],"is_endless":false,"potions_floor_spawned":[2,6,14,19],"killed_by":"Colosseum Nobs","ascension_level":19}