{"gold_per_floor":[12,12,22,42,42,42,19,19,19,38,65,77,2,77,77,180,180,198,6,105,118,118],"floor_reached":22,"playtime":777,"items_purged":["Strike_R"],"score":230,"play_id":"831e6564-2d2d-4349-b32d-d0346e96e28f","local_time":"20180926015417","is_ascension_mode":true,"campfire_choices":[{"data":"Bash","floor":6,"key":"SMITH"},{"data":"Heavy Blade","floor":15,"key":"SMITH"}],"neow_cost":"NO_GOLD","seed_source_timestamp":611967908728062,"circlet_count":0,"master_deck":["Strike_R","Strike_R","Strike_R","Strike_R","Defend_R","Defend_R","Defend_R","Defend_R","Bash+1","Offering","Cleave+1","Inflame","Infernal Blade","Flex","Heavy Blade+1","Metallicize","Warcry","Offering","Shrug It Off","Steam"],"relics":["Burning Blood","Pantograph","Oddly Smooth Stone","Black Star","PrismaticShard"],"potions_floor_usage":[10,11,16,22,22],"damage_taken":[{"damage":0,"enemies":"Small Slimes","floor":1,"turns":3},{"damage":8,"enemies":"2 Louse","floor":3,"turns":2},{"damage":7,"enemies":"Cultist","floor":4,"turns":3},{"damage":6,"enemies":"Looter","floor":10,"turns":2},{"damage":24,"enemies":"Gremlin Nob","floor":11,"turns":3},{"damage":6,"enemies":"Red Slaver","floor":12,"turns":1},{"damage":41,"enemies":"The Guardian","floor":16,"turns":14},{"damage":37,"enemies":"2 Thieves","floor":18,"turns":4},{"damage":24,"enemies":"Shell Parasite","floor":21,"turns":3},{"damage":25,"enemies":"Snake Plant","floor":22,"turns":4}],"seed_played":"2960630060847890491","potions_obtained":[{"floor":1,"key":"Energy Potion"},{"floor":5,"key":"Ancient Potion"},{"floor":5,"key":"Fire Potion"},{"floor":10,"key":"Poison Potion"},{"floor":12,"key":"Swift Potion"},{"floor":21,"key":"EssenceOfSteel"}],"is_trial":false,"path_per_floor":["M","?","M","M","?","R","$","?","T","M","E","M","$","?","R","B",null,"M","$","?","M"],"character_chosen":"IRONCLAD","items_purchased":["Flex","PrismaticShard"],"campfire_rested":0,"item_purchase_floors":[7,19],"current_hp_per_floor":[80,80,78,77,77,77,77,77,77,77,59,59,59,48,48,38,70,39,39,39,21,0],"gold":118,"neow_bonus":"THREE_RARE_CARDS","is_prod":false,"is_daily":false,"chose_seed":false,"campfire_upgraded":2,"win_rate":0,"timestamp":1537941257,"path_taken":["M","?","M","M","?","R","$","?","T","M","E","M","$","?","R","BOSS","M","$","?","M","M"],"build_version":"2018-09-20","purchased_purges":1,"victory":false,"max_hp_per_floor":[80,80,80,80,80,80,80,80,80,80,80,80,80,80,80,80,80,80,80,80,80,80],"card_choices":[{"not_picked":["Reaper","Fiend Fire"],"picked":"Offering","floor":0},{"not_picked":["Rampage","Warcry"],"picked":"Cleave","floor":1},{"not_picked":["Heavy Blade","Clothesline"],"picked":"Inflame","floor":3},{"not_picked":["Clash","Perfected Strike"],"picked":"Infernal Blade","floor":4},{"not_picked":["Bloodletting","Second Wind"],"picked":"Heavy Blade","floor":10},{"not_picked":["Thunderclap","Power Through"],"picked":"Metallicize","floor":11},{"not_picked":["Clash","Thunderclap"],"picked":"Warcry","floor":12},{"not_picked":["Dark Embrace","Exhume"],"picked":"Offering","floor":16},{"not_picked":["Perfected Strike","Wild Strike"],"picked":"Shrug It Off","floor":18},{"not_picked":["Warcry","Impatience+1"],"picked":"Steam","floor":21}],"player_experience":918473,"relics_obtained":[{"floor":9,"key":"Pantograph"},{"floor":11,"key":"Oddly Smooth Stone"}],"event_choices":[{"event_name":"Living Wall","player_choice":"Grow","floor":2,"damage_taken":0},{"event_name":"The Lab","player_choice":"Got Potions","floor":5,"damage_taken":0},{"event_name":"The Cleric","player_choice":"Leave","floor":8,"damage_taken":0},{"event_name":"World of Goop","player_choice":"Gather Gold","floor":14,"damage_taken":0},{"event_name":"Nest","player_choice":"Stole From Cult","floor":20,"damage_taken":0}],"is_beta":false,"boss_relics":[{"not_picked":["Mark of Pain","Lizard Tail"],"picked":"Black Star"}],"items_purged_floors":[13],"is_endless":false,"potions_floor_spawned":[1,10,12,21],"killed_by":"Snake Plant","ascension_level":5}