{"gold_per_floor":[114,114,114,126,126,156,156,42,42,70,220,220,236,48,48,123,123,123,123,123,123,123,123,123,123,123,123,123,123],"floor_reached":29,"playtime":811,"items_purged":["Doubt"],"score":652,"play_id":"3080b5de-1646-49e7-a8df-22bba1c683f6","local_time":"20190512172215","is_ascension_mode":true,"campfire_choices":[{"data":"Zap","floor":7,"key":"SMITH"},{"data":"Loop","floor":12,"key":"SMITH"},{"data":"Ball Lightning","floor":15,"key":"SMITH"},{"data":"Capacitor","floor":23,"key":"SMITH"},{"floor":27,"key":"REST"}],"neow_cost":"NONE","seed_source_timestamp":1825573643594896,"circlet_count":0,"master_deck":["AscendersBane","Strike_B","Strike_B+1","Strike_B","Strike_B","Defend_B","Defend_B","Defend_B","Defend_B","Zap+1","Dualcast+1","Leap+1","Reinforced Body+1","Ball Lightning+1","Stack+1","Loop+1","Redo+1","Seek+1","Coolheaded+1","Ball Lightning","Coolheaded+1","Capacitor+1","Ghostly+1","Ghostly+1","Ghostly+1","Sweeping Beam","Compile Driver+1","Capacitor"],"relics":["Cracked Core","NeowsBlessing","Toxic Egg 2","Dream Catcher","Symbiotic Virus","The Courier","Blood Vial","Ectoplasm","Anchor","Bottled Tornado"],"potions_floor_usage":[29,29],"damage_taken":[{"damage":0,"enemies":"Small Slimes","floor":1,"turns":1},{"damage":0,"enemies":"Jaw Worm","floor":4,"turns":1},{"damage":0,"enemies":"Gremlin Nob","floor":6,"turns":1},{"damage":2,"enemies":"Lagavulin","floor":10,"turns":6},{"damage":0,"enemies":"2 Louse","floor":13,"turns":3},{"damage":0,"enemies":"The Guardian","floor":16,"turns":6},{"damage":0,"enemies":"Spheric Guardian","floor":18,"turns":3},{"damage":11,"enemies":"3 Byrds","floor":19,"turns":5},{"damage":18,"enemies":"Cultist and Chosen","floor":20,"turns":6},{"damage":19,"enemies":"Centurion and Healer","floor":21,"turns":6},{"damage":5,"enemies":"Book of Stabbing","floor":24,"turns":5},{"damage":4,"enemies":"Shelled Parasite and Fungi","floor":28,"turns":5},{"damage":22,"enemies":"Masked Bandits","floor":29,"turns":3}],"seed_played":"-6226307736751042790","potions_obtained":[{"floor":6,"key":"EssenceOfSteel"},{"floor":13,"key":"Explosive Potion"},{"floor":16,"key":"FocusPotion"},{"floor":18,"key":"PowerPotion"}],"is_trial":false,"path_per_floor":["M","?","?","M","T","E","R","$","T","E","?","R","M","$","R","B",null,"M","M","M","M","?","R","E","?","T","R","M","?"],"character_chosen":"DEFECT","items_purchased":["Ball Lightning","Stack+1","Blood Vial"],"campfire_rested":1,"item_purchase_floors":[8,8,14],"current_hp_per_floor":[64,43,43,43,43,43,43,43,43,41,41,41,41,41,41,43,64,66,57,41,24,24,24,21,12,12,22,20,0],"gold":123,"neow_bonus":"THREE_ENEMY_KILL","is_prod":false,"is_daily":false,"chose_seed":false,"campfire_upgraded":4,"win_rate":0,"timestamp":1557674535,"path_taken":["M","?","?","M","?","E","R","$","T","E","?","R","?","$","R","BOSS","M","M","?","?","?","R","E","?","T","R","M","?"],"build_version":"2019-05-07","purchased_purges":1,"victory":false,"max_hp_per_floor":[71,71,71,71,71,71,71,71,71,71,71,71,71,71,71,71,71,71,71,71,71,35,35,35,35,35,35,35,35],"card_choices":[{"not_picked":["Barrage","Consume"],"picked":"Leap","floor":1},{"not_picked":["Turbo","Storm","Beam Cell"],"picked":"SKIP","floor":4},{"not_picked":["Lockon","Storm"],"picked":"Reinforced Body+1","floor":6},{"not_picked":["Blizzard","Go for the Eyes"],"picked":"Loop","floor":10},{"not_picked":["Turbo+1","Barrage"],"picked":"Redo+1","floor":13},{"not_picked":["Thunder Strike","Hyperbeam"],"picked":"Seek+1","floor":16},{"not_picked":["Cold Snap","Go for the Eyes"],"picked":"Coolheaded+1","floor":18},{"not_picked":["Cold Snap","Reboot+1"],"picked":"Ball Lightning","floor":19},{"not_picked":["Heatsinks","Sweeping Beam"],"picked":"Coolheaded+1","floor":20},{"not_picked":["White Noise+1","Coolheaded+1"],"picked":"Capacitor","floor":21},{"not_picked":["Amplify+1","Loop"],"picked":"Sweeping Beam","floor":24},{"not_picked":["Turbo+1","Skim+1"],"picked":"Compile Driver+1","floor":27},{"not_picked":["Go for the Eyes","Chaos+1"],"picked":"Capacitor","floor":28}],"player_experience":1852044,"relics_obtained":[{"floor":5,"key":"Toxic Egg 2"},{"floor":6,"key":"Dream Catcher"},{"floor":9,"key":"Symbiotic Virus"},{"floor":10,"key":"The Courier"},{"floor":24,"key":"Anchor"},{"floor":26,"key":"Bottled Tornado"}],"event_choices":[{"damage_healed":0,"gold_gain":0,"player_choice":"Entered Light","damage_taken":21,"max_hp_gain":0,"max_hp_loss":0,"event_name":"Shining Light","floor":2,"gold_loss":0,"cards_upgraded":["Strike_B","Dualcast"]},{"damage_healed":0,"gold_gain":0,"player_choice":"Grow","damage_taken":0,"max_hp_gain":0,"max_hp_loss":0,"event_name":"Living Wall","floor":3,"gold_loss":0,"cards_upgraded":["Leap"]},{"damage_healed":0,"gold_gain":150,"player_choice":"AGREE","damage_taken":0,"max_hp_gain":0,"max_hp_loss":0,"event_name":"Liars Game","floor":11,"gold_loss":0,"cards_obtained":["Doubt"]},{"damage_healed":0,"gold_gain":0,"player_choice":"Became a Ghost","damage_taken":0,"max_hp_gain":0,"max_hp_loss":36,"event_name":"Ghosts","floor":22,"gold_loss":0,"cards_obtained":["Ghostly","Ghostly","Ghostly"]},{"damage_healed":0,"gold_gain":0,"player_choice":"Stopped","damage_taken":9,"max_hp_gain":0,"max_hp_loss":0,"event_name":"Cursed Tome","floor":25,"gold_loss":0},{"damage_healed":0,"gold_gain":0,"player_choice":"Fought Bandits","damage_taken":0,"max_hp_gain":0,"max_hp_loss":0,"event_name":"Masked Bandits","floor":29,"gold_loss":0}],"is_beta":true,"boss_relics":[{"not_picked":["Empty Cage","Runic Dome"],"picked":"Ectoplasm"}],"items_purged_floors":[14],"is_endless":false,"potions_floor_spawned":[6,13,16,18,20,21],"killed_by":"Masked Bandits","ascension_level":20}