{"gold_per_floor":[110,128,22,22,22,22,52,1,26,26,26,44,78,94,94,166,166,186,199,212,229,229],"floor_reached":22,"playtime":922,"items_purged":[],"score":474,"play_id":"26e801eb-f98e-4723-93b9-50086d3aa694","local_time":"20190430194600","is_ascension_mode":true,"campfire_choices":[{"data":"Bash","floor":6,"key":"SMITH"},{"data":"Clothesline","floor":11,"key":"SMITH"},{"data":"Seeing Red","floor":15,"key":"SMITH"}],"neow_cost":"NONE","seed_source_timestamp":797287874497503,"circlet_count":0,"master_deck":["AscendersBane","Strike_R","Strike_R","Strike_R","Strike_R","Strike_R","Defend_R","Defend_R","Defend_R","Defend_R","Bash+1","Clothesline+1","Demon Form","Pommel Strike","Seeing Red+1","Iron Wave","Heavy Blade","Sword Boomerang","Battle Trance","Cleave","Bloodletting","Sword Boomerang"],"relics":["Burning Blood","NeowsBlessing","FossilizedHelix","Bag of Preparation","Pen Nib","Coffee Dripper"],"potions_floor_usage":[12,22],"damage_taken":[{"damage":0,"enemies":"Jaw Worm","floor":1,"turns":1},{"damage":0,"enemies":"Small Slimes","floor":2,"turns":1},{"damage":0,"enemies":"Lagavulin","floor":7,"turns":1},{"damage":0,"enemies":"Cultist","floor":12,"turns":3},{"damage":25,"enemies":"3 Sentries","floor":13,"turns":5},{"damage":13,"enemies":"Blue Slaver","floor":14,"turns":4},{"damage":0,"enemies":"Slime Boss","floor":16,"turns":8},{"damage":22,"enemies":"Spheric Guardian","floor":18,"turns":4},{"damage":7,"enemies":"Shell Parasite","floor":19,"turns":5},{"damage":31,"enemies":"Shelled Parasite and Fungi","floor":20,"turns":3},{"damage":37,"enemies":"Chosen and Byrds","floor":21,"turns":7},{"damage":23,"enemies":"Cultist and Chosen","floor":22,"turns":4}],"seed_played":"-4289709632188900299","potions_obtained":[{"floor":1,"key":"LiquidBronze"},{"floor":2,"key":"SpeedPotion"},{"floor":10,"key":"Fruit Juice"},{"floor":12,"key":"Dexterity Potion"}],"is_trial":false,"path_per_floor":["M","M","$","?","?","R","E","$","T","?","R","M","E","M","R","B",null,"M","M","M","M","M"],"character_chosen":"IRONCLAD","items_purchased":["Pommel Strike","Seeing Red","Heavy Blade"],"campfire_rested":0,"item_purchase_floors":[3,3,8],"current_hp_per_floor":[74,75,75,75,80,80,80,80,80,80,80,85,66,59,59,65,80,64,63,38,7,0],"gold":229,"neow_bonus":"THREE_ENEMY_KILL","is_prod":false,"is_daily":false,"chose_seed":false,"campfire_upgraded":3,"win_rate":0,"timestamp":1556646360,"path_taken":["M","M","$","?","?","R","E","$","T","?","R","M","E","M","R","BOSS","M","M","M","M","?"],"build_version":"2019-04-23","purchased_purges":0,"victory":false,"max_hp_per_floor":[75,75,75,75,80,80,80,80,80,80,80,85,85,85,85,85,85,85,85,85,85,85],"card_choices":[{"not_picked":["Clash","Seeing Red"],"picked":"Clothesline","floor":1},{"not_picked":["Headbutt","Sentinel"],"picked":"Demon Form","floor":2},{"not_picked":["Twin Strike","Combust"],"picked":"Iron Wave","floor":7},{"not_picked":["Perfected Strike","Evolve"],"picked":"Sword Boomerang","floor":12},{"not_picked":["Wild Strike","Berserk"],"picked":"Battle Trance","floor":13},{"not_picked":["True Grit","Twin Strike","Armaments"],"picked":"SKIP","floor":14},{"not_picked":["Wild Strike+1","Shockwave"],"picked":"Cleave","floor":18},{"not_picked":["Infernal Blade","Inflame","Dual Wield"],"picked":"SKIP","floor":19},{"not_picked":["Clothesline","Seeing Red"],"picked":"Bloodletting","floor":20},{"not_picked":["Wild Strike","Clash"],"picked":"Sword Boomerang","floor":21}],"player_experience":1371026,"relics_obtained":[{"floor":7,"key":"FossilizedHelix"},{"floor":9,"key":"Bag of Preparation"},{"floor":13,"key":"Pen Nib"}],"event_choices":[{"damage_healed":0,"gold_gain":0,"player_choice":"Ignored","damage_taken":0,"max_hp_gain":0,"max_hp_loss":0,"event_name":"Liars Game","floor":4,"gold_loss":0},{"damage_healed":0,"gold_gain":0,"player_choice":"Donut","damage_taken":0,"max_hp_gain":5,"max_hp_loss":0,"event_name":"Big Fish","floor":5,"gold_loss":0},{"damage_healed":0,"gold_gain":0,"player_choice":"Got Potions","damage_taken":0,"max_hp_gain":0,"max_hp_loss":0,"event_name":"Lab","floor":10,"gold_loss":0}],"is_beta":true,"boss_relics":[{"not_picked":["Sozu","Orrery"],"picked":"Coffee Dripper"}],"items_purged_floors":[],"is_endless":false,"potions_floor_spawned":[1,2,12,18,21],"killed_by":"Cultist and Chosen","ascension_level":15}