{"gold_per_floor":[213,213,7,22,39,68,38,38,38,56,56,56,56,68,68,163,213,231,220,26,26,26,61,79,79,105,123,123,123,133,147,147,147],"floor_reached":33,"playtime":1651,"items_purged":[],"score":399,"play_id":"54976ee9-520b-4bfe-b3dc-87fd2055e921","local_time":"20190314001940","is_ascension_mode":true,"campfire_choices":[{"data":"Discovery","floor":8,"key":"SMITH"},{"data":"Shrug It Off","floor":13,"key":"SMITH"},{"data":"Dualcast","floor":15,"key":"SMITH"},{"floor":28,"key":"REST"},{"floor":32,"key":"REST"}],"neow_cost":"NONE","seed_source_timestamp":18404404134200,"circlet_count":0,"master_deck":["Defend_B+1","Defend_B+1","Defend_B+1","Defend_B+1","Zap","Dualcast+1","Self Repair+1","Seek","Dark Shackles","Shrug It Off+1","Discovery+1","Acrobatics","Fire Breathing","Spot Weakness","Die Die Die","Jack Of All Trades","Dark Shackles+1","Leap","The Bomb","Bite","Bite","Bite","Bite","Bite","Melter","Deflect","Anger","Backflip"],"relics":["Cracked Core","PrismaticShard","StoneCalendar","Symbiotic Virus","Tiny House","Art of War","Regal Pillow","Gremlin Horn"],"potions_floor_usage":[18,19,23,25,33,33],"damage_taken":[{"damage":2,"enemies":"Jaw Worm","floor":1,"turns":3},{"damage":1,"enemies":"Cultist","floor":4,"turns":3},{"damage":12,"enemies":"Small Slimes","floor":5,"turns":3},{"damage":30,"enemies":"Lagavulin","floor":6,"turns":9},{"damage":7,"enemies":"Looter","floor":7,"turns":4},{"damage":19,"enemies":"2 Fungi Beasts","floor":10,"turns":4},{"damage":8,"enemies":"3 Louse","floor":14,"turns":5},{"damage":19,"enemies":"Slime Boss","floor":16,"turns":6},{"damage":13,"enemies":"Chosen","floor":18,"turns":6},{"damage":23,"enemies":"2 Thieves","floor":19,"turns":4},{"damage":37,"enemies":"Book of Stabbing","floor":23,"turns":7},{"damage":23,"enemies":"Shelled Parasite and Fungi","floor":24,"turns":6},{"damage":28,"enemies":"Colosseum Slavers","floor":25,"turns":6},{"damage":7,"enemies":"Cultist and Chosen","floor":27,"turns":6},{"damage":43,"enemies":"Chosen and Byrds","floor":30,"turns":7},{"damage":19,"enemies":"Shelled Parasite and Fungi","floor":31,"turns":7},{"damage":80,"enemies":"Champ","floor":33,"turns":12}],"seed_played":"5472264075479290433","potions_obtained":[{"floor":10,"key":"SpeedPotion"},{"floor":14,"key":"Dexterity Potion"},{"floor":16,"key":"EssenceOfSteel"},{"floor":17,"key":"PowerPotion"},{"floor":23,"key":"LiquidBronze"},{"floor":30,"key":"EssenceOfSteel"},{"floor":31,"key":"Fire Potion"}],"is_trial":false,"path_per_floor":["M","?","$","M","M","E","M","R","T","M","?","$","R","M","R","B",null,"M","M","$","?","?","E","M","?","T","M","R","?","M","M","R","B"],"character_chosen":"DEFECT","items_purchased":["PrismaticShard","The Bomb"],"campfire_rested":2,"item_purchase_floors":[3,20],"current_hp_per_floor":[66,66,66,72,67,44,51,51,51,39,39,39,39,41,41,32,69,66,53,53,53,53,38,31,21,21,34,56,56,27,18,49,0],"gold":147,"neow_bonus":"HUNDRED_GOLD","is_prod":false,"is_daily":false,"chose_seed":false,"campfire_upgraded":3,"win_rate":0,"timestamp":1552537180,"path_taken":["M","?","$","M","M","E","M","R","T","?","?","$","R","M","R","BOSS","M","M","$","?","?","E","M","?","T","M","R","?","M","M","R","BOSS"],"build_version":"2019-01-23","purchased_purges":0,"victory":false,"max_hp_per_floor":[75,75,75,75,75,75,75,75,75,75,75,75,75,75,75,75,80,80,80,80,56,56,56,56,56,56,56,56,56,56,56,56,56],"card_choices":[{"not_picked":["Cold Snap","Hello World"],"picked":"Self Repair","floor":1},{"not_picked":["Clash","Headbutt"],"picked":"Shrug It Off","floor":4},{"not_picked":["Shockwave","Endless Agony"],"picked":"Discovery","floor":5},{"not_picked":["Perfected Strike","Blade Dance","Heavy Blade"],"picked":"SKIP","floor":6},{"not_picked":["Genetic Algorithm","True Grit"],"picked":"Acrobatics","floor":7},{"not_picked":["Gash","Cloak And Dagger"],"picked":"Fire Breathing","floor":10},{"not_picked":["FTL","Fission"],"picked":"Spot Weakness","floor":14},{"not_picked":["Violence","Fission"],"picked":"Die Die Die","floor":16},{"not_picked":["Acrobatics","Thunderclap"],"picked":"Jack Of All Trades","floor":17},{"not_picked":["Compile Driver","Deflect"],"picked":"Dark Shackles+1","floor":18},{"not_picked":["PiercingWail+1","Havoc"],"picked":"Leap","floor":19},{"not_picked":["Static Discharge","Ball Lightning+1"],"picked":"Melter","floor":23},{"not_picked":["Barrage+1","Gash+1"],"picked":"Deflect","floor":24},{"not_picked":["Twin Strike","Prepared","Compile Driver"],"picked":"SKIP","floor":27},{"not_picked":["Poisoned Stab+1","Headbutt"],"picked":"Anger","floor":30},{"not_picked":["Clash","Catalyst+1"],"picked":"Backflip","floor":31}],"player_experience":2414241,"relics_obtained":[{"floor":6,"key":"StoneCalendar"},{"floor":9,"key":"Symbiotic Virus"},{"floor":23,"key":"Art of War"},{"floor":26,"key":"Regal Pillow"}],"event_choices":[{"damage_healed":0,"gold_gain":0,"player_choice":"2 cards matched","damage_taken":0,"max_hp_gain":0,"max_hp_loss":0,"event_name":"Match and Keep!","floor":2,"gold_loss":0,"cards_obtained":["Seek","Dark Shackles"]},{"damage_healed":0,"gold_gain":0,"player_choice":"Grow","damage_taken":0,"max_hp_gain":0,"max_hp_loss":0,"event_name":"Living Wall","floor":11,"gold_loss":0,"cards_upgraded":["Self Repair"]},{"damage_healed":0,"gold_gain":0,"player_choice":"Became a vampire","damage_taken":0,"max_hp_gain":0,"max_hp_loss":24,"event_name":"Vampires","floor":21,"gold_loss":0,"cards_obtained":["Bite","Bite","Bite","Bite","Bite"]},{"damage_healed":0,"gold_gain":0,"player_choice":"Simplicity","damage_taken":0,"max_hp_gain":0,"max_hp_loss":0,"event_name":"Back to Basics","floor":22,"gold_loss":0,"cards_upgraded":["Defend_B","Defend_B","Defend_B","Defend_B"]},{"damage_healed":0,"gold_gain":0,"player_choice":"Fight","damage_taken":0,"max_hp_gain":0,"max_hp_loss":0,"event_name":"Colosseum","floor":25,"gold_loss":0},{"damage_healed":0,"gold_gain":0,"player_choice":"Fled From Nobs","damage_taken":0,"max_hp_gain":0,"max_hp_loss":0,"event_name":"Colosseum","floor":25,"gold_loss":0},{"damage_healed":0,"gold_gain":0,"player_choice":"Opened","damage_taken":0,"relics_obtained":["Gremlin Horn"],"max_hp_gain":0,"max_hp_loss":0,"event_name":"The Mausoleum","floor":29,"gold_loss":0}],"is_beta":false,"boss_relics":[{"not_picked":["Fusion Hammer","Lizard Tail"],"picked":"Tiny House"}],"items_purged_floors":[],"is_endless":false,"potions_floor_spawned":[10,14,16,23,25,30,31],"killed_by":"Champ","ascension_level":8}