{"gold_per_floor":[19,33,112,62,62,93,14,14,38,48,83,83,152,166,166,263,263,280,298,298,309,323,323],"floor_reached":23,"playtime":2376,"items_purged":[],"score":221,"play_id":"07b764d2-692e-488a-affd-9ee5db04e85b","local_time":"20180903103816","is_ascension_mode":true,"campfire_choices":[{"data":"Armaments","floor":8,"key":"SMITH"},{"floor":12,"key":"REST"},{"floor":15,"key":"REST"}],"neow_cost":"NO_GOLD","seed_source_timestamp":295871487178475,"circlet_count":0,"master_deck":["Bash","Armaments+1","Pummel","Metallicize","Demon Form","Evolve","Shrug It Off","Immolate","Perfected Strike","Warcry","Flex","Havoc","Disarm","Spot Weakness","Sword Boomerang","Body Slam","Wild Strike+1","Flex+1","Reckless Charge","Armaments","Shrug It Off","Flex+1","Inflame"],"relics":["Burning Blood","Prayer Wheel","Singing Bowl","Blood Vial","Potion Belt","Oddly Smooth Stone","Ancient Tea Set","Self Forming Clay","Pandora\u0027s Box"],"potions_floor_usage":[6,11,16,22],"damage_taken":[{"damage":1,"enemies":"Cultist","floor":1,"turns":3},{"damage":7,"enemies":"2 Louse","floor":2,"turns":4},{"damage":16,"enemies":"3 Sentries","floor":6,"turns":13},{"damage":9,"enemies":"Small Slimes","floor":10,"turns":4},{"damage":64,"enemies":"Gremlin Nob","floor":11,"turns":8},{"damage":12,"enemies":"3 Louse","floor":14,"turns":5},{"damage":19,"enemies":"The Guardian","floor":16,"turns":15},{"damage":22,"enemies":"Spheric Guardian","floor":18,"turns":4},{"damage":19,"enemies":"2 Thieves","floor":19,"turns":3},{"damage":27,"enemies":"Snake Plant","floor":21,"turns":6},{"damage":42,"enemies":"Shelled Parasite and Fungi","floor":22,"turns":6},{"damage":29,"enemies":"Slavers","floor":23,"turns":2}],"seed_played":"-4668818716907392362","potions_obtained":[{"floor":1,"key":"Regen Potion"},{"floor":2,"key":"Fire Potion"},{"floor":6,"key":"Swift Potion"},{"floor":14,"key":"Poison Potion"},{"floor":18,"key":"FearPotion"}],"is_trial":false,"path_per_floor":["M","M","T","?","?","E","$","R","T","M","E","R","T","M","R","B",null,"M","M","?","M","M"],"character_chosen":"IRONCLAD","items_purchased":["Evolve"],"campfire_rested":2,"item_purchase_floors":[7],"current_hp_per_floor":[80,79,79,79,76,68,68,68,68,69,15,40,40,40,66,55,88,72,61,61,42,24,0],"gold":323,"neow_bonus":"ONE_RARE_RELIC","is_prod":false,"is_daily":false,"chose_seed":false,"campfire_upgraded":1,"win_rate":0,"timestamp":1535985496,"path_taken":["M","M","?","?","?","E","?","R","T","?","E","R","?","M","R","BOSS","M","M","?","M","M","E"],"build_version":"2018-08-30","purchased_purges":0,"victory":false,"max_hp_per_floor":[80,80,80,80,80,80,80,80,80,82,84,84,84,88,88,88,88,88,88,88,88,90,90],"card_choices":[{"not_picked":["Clothesline","Cleave"],"picked":"Armaments","floor":1},{"not_picked":["Dual Wield","Sword Boomerang"],"picked":"Pummel","floor":1},{"not_picked":["Wild Strike","Blood for Blood"],"picked":"Metallicize","floor":2},{"not_picked":["Clothesline","Clash","Armaments"],"picked":"SKIP","floor":2},{"not_picked":["Pommel Strike","Warcry"],"picked":"Demon Form","floor":6},{"not_picked":["Sword Boomerang","Perfected Strike"],"picked":"Shrug It Off","floor":10},{"not_picked":["Blood for Blood","Carnage","Rampage"],"picked":"Singing Bowl","floor":10},{"not_picked":["Pummel","Clothesline","Iron Wave"],"picked":"Singing Bowl","floor":11},{"not_picked":["Hemokinesis","Iron Wave","Second Wind"],"picked":"Singing Bowl","floor":14},{"not_picked":["Brutality","Second Wind","Clash"],"picked":"Singing Bowl","floor":14},{"not_picked":["Brutality","Exhume"],"picked":"Immolate","floor":16},{"not_picked":["Havoc","Perfected Strike+1"],"picked":"Wild Strike+1","floor":18},{"not_picked":["Shockwave","Cleave"],"picked":"Flex+1","floor":18},{"not_picked":["Body Slam","Bloodletting"],"picked":"Reckless Charge","floor":19},{"not_picked":["Disarm","Ghostly Armor+1"],"picked":"Armaments","floor":19},{"not_picked":["Rampage+1","Clash"],"picked":"Shrug It Off","floor":21},{"not_picked":["Double Tap","Pommel Strike"],"picked":"Flex+1","floor":21},{"not_picked":["Wild Strike","Twin Strike"],"picked":"Inflame","floor":22},{"not_picked":["Headbutt+1","Clothesline","Hemokinesis+1"],"picked":"Singing Bowl","floor":22}],"player_experience":731471,"relics_obtained":[{"floor":3,"key":"Singing Bowl"},{"floor":6,"key":"Potion Belt"},{"floor":9,"key":"Oddly Smooth Stone"},{"floor":11,"key":"Ancient Tea Set"},{"floor":13,"key":"Self Forming Clay"}],"event_choices":[{"event_name":"The Cleric","player_choice":"Card Removal","floor":4,"damage_taken":0},{"event_name":"Scrap Ooze","player_choice":"success","floor":5,"damage_taken":3},{"event_name":"Ghosts","player_choice":"Ignored","floor":20,"damage_taken":0}],"is_beta":false,"boss_relics":[{"not_picked":["Velvet Choker","Cursed Key"],"picked":"Pandora\u0027s Box"}],"items_purged_floors":[],"is_endless":false,"potions_floor_spawned":[1,2,6,14,18],"killed_by":"Slavers","ascension_level":2}