{"gold_per_floor":[112,129,144,159,169,169,195,195,195,213,224,258,269,269,269,365,365,380,380,391,40,59,59,74,102,102,120,120,154,154,169,169,265,265,275,375,391,391,141,168,168,179,179,179,189,86,86,97,97,97],"floor_reached":51,"playtime":3368,"items_purged":["Strike_R","Strike_R"],"score":1088,"play_id":"082ac71d-63b7-4fe9-b1c9-18a98c2431f9","local_time":"20190327005526","is_ascension_mode":true,"campfire_choices":[{"data":"Armaments","floor":6.0,"key":"SMITH"},{"data":"Bash","floor":8.0,"key":"SMITH"},{"data":"Disarm","floor":15.0,"key":"SMITH"},{"data":"Limit Break","floor":23.0,"key":"SMITH"},{"data":"Heavy Blade","floor":28.0,"key":"SMITH"},{"data":"Clothesline","floor":30.0,"key":"SMITH"},{"data":"Demon Form","floor":32.0,"key":"SMITH"},{"data":"Immolate","floor":41,"key":"SMITH"},{"data":"Offering","floor":47,"key":"SMITH"},{"floor":49,"key":"REST"}],"neow_cost":"NONE","seed_source_timestamp":485427196707900,"circlet_count":0,"master_deck":["Strike_R","Defend_R","Defend_R","Defend_R","Bash+1","Armaments+1","Iron Wave","Disarm+1","Power Through","Demon Form+1","Cleave","Disarm","Sword Boomerang","Limit Break+1","Heavy Blade+1","Offering+1","Pommel Strike","Clothesline+1","Metallicize","True Grit","Warcry+1","Sentinel+1","Anger+1","Offering","Headbutt","Battle Trance","Immolate+1","Headbutt","Shrug It Off","Power Through"],"special_seed":0,"relics":["Burning Blood","Ancient Tea Set","Letter Opener","Smiling Mask","Busted Crown","Pen Nib","Charon\u0027s Ashes","Matryoshka","Juzu Bracelet","Mark of Pain","Prayer Wheel","Boot","Meat on the Bone","Blue Candle"],"potions_floor_usage":[37,50,50],"damage_taken":[{"damage":1.0,"enemies":"Cultist","floor":1.0,"turns":4.0},{"damage":0.0,"enemies":"Small Slimes","floor":2.0,"turns":4.0},{"damage":13.0,"enemies":"Jaw Worm","floor":3.0,"turns":5.0},{"damage":6.0,"enemies":"Blue Slaver","floor":4.0,"turns":5.0},{"damage":9.0,"enemies":"3 Louse","floor":5.0,"turns":7.0},{"damage":12.0,"enemies":"Lagavulin","floor":7.0,"turns":8.0},{"damage":0.0,"enemies":"2 Fungi Beasts","floor":10.0,"turns":4.0},{"damage":3.0,"enemies":"Exordium Wildlife","floor":11.0,"turns":5.0},{"damage":25.0,"enemies":"Gremlin Nob","floor":12.0,"turns":4.0},{"damage":5.0,"enemies":"Red Slaver","floor":13.0,"turns":5.0},{"damage":20.0,"enemies":"The Guardian","floor":16.0,"turns":11.0},{"damage":0.0,"enemies":"3 Byrds","floor":18.0,"turns":5.0},{"damage":6.0,"enemies":"Chosen","floor":20.0,"turns":5.0},{"damage":12.0,"enemies":"Sentry and Sphere","floor":22.0,"turns":3.0},{"damage":10.0,"enemies":"Cultist and Chosen","floor":24.0,"turns":6.0},{"damage":14.0,"enemies":"Book of Stabbing","floor":25.0,"turns":7.0},{"damage":5.0,"enemies":"Centurion and Healer","floor":27.0,"turns":8.0},{"damage":13.0,"enemies":"Slavers","floor":29.0,"turns":5.0},{"damage":14.0,"enemies":"Snecko","floor":31.0,"turns":3.0},{"damage":14.0,"enemies":"Champ","floor":33.0,"turns":10.0},{"damage":6.0,"enemies":"Orb Walker","floor":35.0,"turns":3.0},{"damage":12.0,"enemies":"Mind Bloom Boss Battle","floor":36.0,"turns":7.0},{"damage":0,"enemies":"3 Shapes","floor":37,"turns":3},{"damage":6,"enemies":"Reptomancer","floor":40,"turns":4},{"damage":12,"enemies":"Transient","floor":42,"turns":5},{"damage":6,"enemies":"3 Darklings","floor":45,"turns":1},{"damage":17,"enemies":"Jaw Worm Horde","floor":48,"turns":4},{"damage":61,"enemies":"Donu and Deca","floor":50,"turns":4}],"seed_played":"6727725897679210864","potions_obtained":[{"floor":3.0,"key":"PowerPotion"},{"floor":4.0,"key":"BloodPotion"},{"floor":5.0,"key":"Strength Potion"},{"floor":11.0,"key":"GamblersBrew"},{"floor":13.0,"key":"BloodPotion"},{"floor":22.0,"key":"Ancient Potion"},{"floor":27.0,"key":"AttackPotion"},{"floor":31.0,"key":"Regen Potion"},{"floor":33.0,"key":"FearPotion"}],"is_trial":false,"path_per_floor":["M","M","M","M","M","R","E","R","T","M","M","E","M","?","R","B",null,"M","?","M","$","M","R","M","E","T","M","R","E","R","M","R","B",null,"M","?","M","?","$","E","R","M","T","$","M","$","R","M","R","B",null],"character_chosen":"IRONCLAD","items_purchased":["Clothesline","Metallicize","True Grit","Pen Nib","Battle Trance","Immolate","Swift Potion","Headbutt","Shrug It Off"],"campfire_rested":1,"item_purchase_floors":[21,21,21,21,39,39,39,46,46],"current_hp_per_floor":[77,80,73,73,70,70,64,64,64,70,73,54,55,55,55,41,70,76,76,76,76,70,70,66,66,66,67,67,60,60,52,52,44,71,71,65,71,71,71,71,71,65,65,65,65,65,65,54,78,44],"gold":97,"neow_bonus":"REMOVE_CARD","is_prod":false,"is_daily":false,"chose_seed":false,"campfire_upgraded":9,"win_rate":1,"timestamp":1553673326,"path_taken":["M","M","M","M","M","R","E","R","T","?","M","E","M","?","R","BOSS","M","?","M","$","M","R","M","E","T","M","R","E","R","M","R","BOSS","M","?","M","?","?","E","R","M","T","$","M","$","R","M","R","BOSS"],"build_version":"2019-01-23","purchased_purges":2,"victory":true,"max_hp_per_floor":[80,80,80,80,80,80,80,80,80,80,80,80,80,80,80,80,80,80,80,80,80,80,80,80,80,80,80,80,80,80,80,80,80,80,80,80,80,80,80,80,80,80,80,80,80,80,80,80,80,80],"card_choices":[{"not_picked":["Entrench","Cleave"],"picked":"Armaments","floor":1.0},{"not_picked":["Entrench","Body Slam","Thunderclap"],"picked":"SKIP","floor":2.0},{"not_picked":["Armaments","Thunderclap"],"picked":"Iron Wave","floor":3.0},{"not_picked":["Anger","Flame Barrier"],"picked":"Disarm","floor":4.0},{"not_picked":["Cleave","Armaments"],"picked":"Power Through","floor":5.0},{"not_picked":["Pommel Strike","Hemokinesis"],"picked":"Demon Form","floor":7.0},{"not_picked":["Sword Boomerang","Flex"],"picked":"Cleave","floor":10.0},{"not_picked":["Flex","Demon Form"],"picked":"Disarm","floor":11.0},{"not_picked":["Havoc","Perfected Strike","Cleave"],"picked":"SKIP","floor":12.0},{"not_picked":["Rampage","Cleave"],"picked":"Sword Boomerang","floor":13.0},{"not_picked":["Fiend Fire","Double Tap"],"picked":"Limit Break","floor":16.0},{"not_picked":[],"picked":"Heavy Blade","floor":18.0},{"not_picked":[],"picked":"Pommel Strike","floor":20.0},{"not_picked":[],"picked":"Warcry+1","floor":22.0},{"not_picked":["Searing Blow"],"picked":"SKIP","floor":24.0},{"not_picked":[],"picked":"Sentinel+1","floor":25.0},{"not_picked":["Fire Breathing+1"],"picked":"SKIP","floor":27.0},{"not_picked":["Body Slam"],"picked":"SKIP","floor":29.0},{"not_picked":["Body Slam"],"picked":"SKIP","floor":29.0},{"not_picked":[],"picked":"Anger+1","floor":31.0},{"not_picked":[],"picked":"Offering","floor":33.0},{"not_picked":["Clothesline"],"picked":"SKIP","floor":35.0},{"not_picked":[],"picked":"Headbutt","floor":37},{"not_picked":["Perfected Strike+1"],"picked":"SKIP","floor":37},{"not_picked":["Havoc+1"],"picked":"SKIP","floor":40},{"not_picked":["Thunderclap"],"picked":"SKIP","floor":42},{"not_picked":["True Grit"],"picked":"SKIP","floor":42},{"not_picked":["Havoc"],"picked":"SKIP","floor":45},{"not_picked":["Anger+1"],"picked":"SKIP","floor":45},{"not_picked":[],"picked":"Power Through","floor":48},{"not_picked":["Wild Strike+1"],"picked":"SKIP","floor":48}],"player_experience":129413,"relics_obtained":[{"floor":7.0,"key":"Ancient Tea Set"},{"floor":9.0,"key":"Letter Opener"},{"floor":12.0,"key":"Smiling Mask"},{"floor":25.0,"key":"Charon\u0027s Ashes"},{"floor":26.0,"key":"Matryoshka"},{"floor":29.0,"key":"Juzu Bracelet"},{"floor":36.0,"key":"Prayer Wheel"},{"floor":40,"key":"Boot"},{"floor":43,"key":"Meat on the Bone"},{"floor":43,"key":"Blue Candle"}],"event_choices":[{"damage_healed":0.0,"max_hp_gain":0.0,"max_hp_loss":0.0,"gold_gain":0.0,"event_name":"The Woman in Blue","player_choice":"Bought 0 Potions","floor":14.0,"gold_loss":0.0,"damage_taken":0.0},{"damage_healed":0.0,"max_hp_gain":0.0,"max_hp_loss":0.0,"gold_gain":0.0,"cards_transformed":["Strike_R"],"event_name":"Transmorgrifier","player_choice":"Transformed","floor":19.0,"gold_loss":0.0,"damage_taken":0.0,"cards_obtained":["Offering"]},{"damage_healed":0.0,"max_hp_gain":0.0,"max_hp_loss":0.0,"gold_gain":0.0,"event_name":"MindBloom","player_choice":"Fight","floor":36.0,"gold_loss":0.0,"damage_taken":0.0},{"cards_removed":["Defend_R"],"damage_healed":0,"gold_gain":0,"player_choice":"Removed Skill","damage_taken":0,"max_hp_gain":0,"max_hp_loss":0,"event_name":"Falling","floor":38,"gold_loss":0}],"is_beta":false,"boss_relics":[{"not_picked":["Empty Cage","Pandora\u0027s Box"],"picked":"Busted Crown"},{"not_picked":["Calling Bell","Fusion Hammer"],"picked":"Mark of Pain"}],"items_purged_floors":[21,39],"is_endless":false,"potions_floor_spawned":[3,4,5,11,13,22,27,31,33,35,48],"ascension_level":9}