{"gold_per_floor":[114,87,87,87,102,132,132,132,132,132,162,0,275,290,290,390,390,405,420,420,420,420,420,450,450,500,530,47,77,77,92,92,192,192,207,222,72,87,87,87,117,117,167,12,12,42,42,57,57,57],"floor_reached":50,"playtime":4179,"items_purged":["Thunder Strike"],"score":585,"play_id":"62a6363e-da82-4e62-8489-86ecc5d23845","local_time":"20181020151039","daily_mods":["Draft","Blue Cards","Elite Swarm"],"is_ascension_mode":false,"campfire_choices":[{"data":"Double Energy","floor":8,"key":"SMITH"},{"data":"Hologram","floor":10,"key":"SMITH"},{"data":"Amplify","floor":15,"key":"SMITH"},{"data":"Caltrops","floor":23,"key":"SMITH"},{"data":"Conserve Battery","floor":25,"key":"SMITH"},{"data":"Adrenaline","floor":30,"key":"SMITH"},{"data":"Consume","floor":32,"key":"SMITH"},{"floor":40,"key":"REST"},{"floor":42,"key":"REST"},{"floor":45,"key":"REST"},{"floor":49,"key":"REST"}],"neow_cost":"","seed_source_timestamp":0,"circlet_count":0,"master_deck":["Sweeping Beam","Caltrops+1","Stack","Redo+1","Glacier","Deadly Poison","Darkness","Well Laid Plans","Stack","FTL+1","Cloak And Dagger","Poisoned Stab","Hologram+1","Chill","Hologram","Double Energy+1","Hologram","Force Field","Amplify+1","Capacitor+1","Bandage Up","Conserve Battery+1","Meteor Strike+1","Quick Slash+1","Beam Cell+1","Grand Finale+1","Tools of the Trade+1","Static Discharge+1","Amplify","Adrenaline+1","Flash of Steel+1","Slice+1","Amplify","Consume+1","Meteor Strike+1","Coolheaded+1","Compile Driver+1","Meteor Strike+1","Loop+1","Electrodynamics+1","Lockon+1","Loop+1"],"special_seed":17824,"relics":["Ring of the Snake","Omamori","Molten Egg 2","Mercury Hourglass","Sozu","Oddly Smooth Stone","Ginger","Bird Faced Urn","Boot","Frozen Egg 2","Gremlin Horn","Fusion Hammer","Vajra","Tough Bandages","Lantern","Regal Pillow"],"potions_floor_usage":[11,11,29],"damage_taken":[{"damage":3,"enemies":"2 Louse","floor":1,"turns":2},{"damage":0,"enemies":"Jaw Worm","floor":5,"turns":2},{"damage":5,"enemies":"Lagavulin","floor":6,"turns":7},{"damage":2,"enemies":"Gremlin Nob","floor":11,"turns":4},{"damage":0,"enemies":"Small Slimes","floor":14,"turns":2},{"damage":23,"enemies":"The Guardian","floor":16,"turns":10},{"damage":0,"enemies":"Spheric Guardian","floor":18,"turns":4},{"damage":0,"enemies":"3 Byrds","floor":19,"turns":3},{"damage":28,"enemies":"Gremlin Leader","floor":24,"turns":6},{"damage":2,"enemies":"Slavers","floor":27,"turns":5},{"damage":9,"enemies":"Book of Stabbing","floor":29,"turns":5},{"damage":4,"enemies":"Snecko","floor":31,"turns":4},{"damage":8,"enemies":"Champ","floor":33,"turns":9},{"damage":2,"enemies":"Orb Walker","floor":35,"turns":3},{"damage":9,"enemies":"3 Darklings","floor":36,"turns":3},{"damage":10,"enemies":"Sphere and 2 Shapes","floor":38,"turns":5},{"damage":58,"enemies":"Reptomancer","floor":41,"turns":4},{"damage":71,"enemies":"Nemesis","floor":46,"turns":6},{"damage":21,"enemies":"Spire Growth","floor":48,"turns":4},{"damage":81,"enemies":"Time Eater","floor":50,"turns":7}],"seed_played":"5305881688716240515","potions_obtained":[{"floor":5,"key":"Poison Potion"},{"floor":6,"key":"EssenceOfSteel"},{"floor":16,"key":"Weak Potion"}],"is_trial":false,"path_per_floor":["M","$","?","?","M","E","$","R","T","R","E","$","?","M","R","B",null,"M","M","?","?","T","R","E","R","T","E","$","E","R","M","R","B",null,"M","M","$","M","?","R","E","R","T","$","R","E","?","M","R"],"character_chosen":"THE_SILENT","items_purchased":["Hologram","Capacitor","Bandage Up","Static Discharge+1","Amplify","Adrenaline","Flash of Steel+1","Slice+1","Vajra","Loop+1"],"campfire_rested":4,"item_purchase_floors":[2,12,12,28,28,28,28,28,37,44],"current_hp_per_floor":[67,67,53,53,53,48,48,48,48,48,46,46,46,50,50,31,70,70,70,70,70,70,70,46,46,46,54,54,61,61,66,66,70,70,70,63,63,66,66,70,22,43,43,43,64,13,13,10,46,0],"gold":57,"neow_bonus":"","is_prod":false,"is_daily":true,"chose_seed":false,"campfire_upgraded":7,"win_rate":0,"timestamp":1540044639,"path_taken":["M","$","?","?","?","E","$","R","T","R","E","$","?","M","R","BOSS","M","M","?","?","?","R","E","R","T","E","$","E","R","M","R","BOSS","M","M","$","M","?","R","E","R","T","$","R","E","?","M","R","BOSS"],"build_version":"2018-10-18","purchased_purges":1,"victory":false,"max_hp_per_floor":[70,70,70,70,70,70,70,70,70,70,70,70,70,70,70,70,70,70,70,70,70,70,70,70,70,70,70,70,70,70,70,70,70,70,70,70,70,70,70,70,70,70,70,70,70,70,70,70,70,70],"card_choices":[{"not_picked":["Compile Driver","Streamline"],"picked":"Sweeping Beam","floor":0},{"not_picked":["Backflip","Sucker Punch"],"picked":"Caltrops","floor":0},{"not_picked":["Deflect","Masterful Stab"],"picked":"Stack","floor":0},{"not_picked":["Poisoned Stab","Sucker Punch"],"picked":"Redo","floor":0},{"not_picked":["Blizzard","Dagger Throw"],"picked":"Glacier","floor":0},{"not_picked":["All Out Attack","Skim"],"picked":"Deadly Poison","floor":0},{"not_picked":["Dagger Throw","Calculated Gamble"],"picked":"Darkness","floor":0},{"not_picked":["Blade Dance","Beam Cell"],"picked":"Well Laid Plans","floor":0},{"not_picked":["Skewer","Steam"],"picked":"Stack","floor":0},{"not_picked":["Rebound","PiercingWail"],"picked":"FTL","floor":0},{"not_picked":["Beam Cell","Underhanded Strike"],"picked":"Cloak And Dagger","floor":0},{"not_picked":["Beam Cell","Heatsinks"],"picked":"Poisoned Stab","floor":0},{"not_picked":["Dodge and Roll","Blade Dance"],"picked":"Hologram","floor":0},{"not_picked":["Sucker Punch","Slice"],"picked":"Chill","floor":0},{"not_picked":["Prepared","Streamline"],"picked":"Hologram","floor":0},{"not_picked":["Well Laid Plans","Footwork"],"picked":"Double Energy","floor":1},{"not_picked":["Concentrate","Endless Agony"],"picked":"Force Field","floor":5},{"not_picked":["All For One","Multi-Cast"],"picked":"Thunder Strike","floor":6},{"not_picked":["Tools of the Trade","Phantasmal Killer"],"picked":"Amplify","floor":11},{"not_picked":["Dagger Spray+1","Gash+1"],"picked":"Conserve Battery","floor":14},{"not_picked":["Buffer","Die Die Die+1"],"picked":"Meteor Strike+1","floor":16},{"not_picked":["All Out Attack+1","Reinforced Body+1"],"picked":"Quick Slash+1","floor":18},{"not_picked":["Slice+1","Endless Agony+1"],"picked":"Beam Cell+1","floor":19},{"not_picked":["Burst","Die Die Die+1"],"picked":"Grand Finale+1","floor":24},{"not_picked":["All For One+1","Meteor Strike+1"],"picked":"Tools of the Trade","floor":27},{"not_picked":["Hyperbeam+1","Machine Learning+1"],"picked":"Amplify","floor":29},{"not_picked":["Riddle With Holes+1","Cloak And Dagger"],"picked":"Consume","floor":31},{"not_picked":["Malaise","After Image+1"],"picked":"Meteor Strike+1","floor":33},{"not_picked":["Sucker Punch+1","Darkness+1"],"picked":"Conserve Battery","floor":35},{"not_picked":["Flying Knee+1","Scrape+1"],"picked":"Coolheaded+1","floor":36},{"not_picked":["PiercingWail+1","Sweeping Beam+1"],"picked":"Compile Driver+1","floor":38},{"not_picked":["Fission","Phantasmal Killer"],"picked":"Meteor Strike+1","floor":41},{"not_picked":["Machine Learning+1","Venomology"],"picked":"Electrodynamics+1","floor":46},{"not_picked":["Deflect+1","Turbo+1"],"picked":"Loop+1","floor":48}],"player_experience":608319,"relics_obtained":[{"floor":6,"key":"Omamori"},{"floor":9,"key":"Molten Egg 2"},{"floor":11,"key":"Mercury Hourglass"},{"floor":22,"key":"Ginger"},{"floor":24,"key":"Bird Faced Urn"},{"floor":26,"key":"Boot"},{"floor":27,"key":"Frozen Egg 2"},{"floor":29,"key":"Gremlin Horn"},{"floor":41,"key":"Tough Bandages"},{"floor":43,"key":"Lantern"},{"floor":46,"key":"Regal Pillow"}],"event_choices":[{"damage_healed":0,"gold_gain":0,"player_choice":"Entered Light","damage_taken":14,"max_hp_gain":0,"max_hp_loss":0,"event_name":"Shining Light","floor":3,"gold_loss":0,"cards_upgraded":["Redo","FTL"]},{"damage_healed":0,"gold_gain":0,"player_choice":"Ignored","damage_taken":0,"max_hp_gain":0,"max_hp_loss":0,"event_name":"Golden Wing","floor":4,"gold_loss":0},{"damage_healed":0,"gold_gain":275,"player_choice":"Desecrate","damage_taken":0,"max_hp_gain":0,"max_hp_loss":0,"event_name":"Golden Shrine","floor":13,"gold_loss":0,"cards_obtained":["Regret"]},{"damage_healed":0,"gold_gain":0,"player_choice":"Opened","damage_taken":0,"relics_obtained":["Oddly Smooth Stone"],"max_hp_gain":0,"max_hp_loss":0,"event_name":"The Mausoleum","floor":20,"gold_loss":0},{"damage_healed":0,"gold_gain":0,"player_choice":"Upgraded","damage_taken":0,"max_hp_gain":0,"max_hp_loss":0,"event_name":"Upgrade Shrine","floor":21,"gold_loss":0,"cards_upgraded":["Capacitor"]},{"damage_healed":0,"gold_gain":0,"player_choice":"Got Potions","damage_taken":0,"max_hp_gain":0,"max_hp_loss":0,"event_name":"The Lab","floor":39,"gold_loss":0},{"damage_healed":0,"gold_gain":0,"cards_transformed":["Conserve Battery"],"player_choice":"Transformed","damage_taken":0,"max_hp_gain":0,"max_hp_loss":0,"event_name":"Transmorgrifier","floor":47,"gold_loss":0,"cards_obtained":["Lockon"]}],"is_beta":false,"boss_relics":[{"not_picked":["Ectoplasm","HoveringKite"],"picked":"Sozu"},{"not_picked":["Pandora\u0027s Box","Black Star"],"picked":"Fusion Hammer"}],"items_purged_floors":[44],"is_endless":false,"potions_floor_spawned":[5,6,16,24,29,31,33,38,46],"killed_by":"Time Eater","ascension_level":0}