{"gold_per_floor":[114,13,88,4,22,22,51,51,351,363,363,383,407,432,432,558,558,583,434,453,378,378,378,34,34,34,57,57,0,19,19,19,145,145,165,179,179,179,304,304,304,335,409,432,12,12,35,48,48,48],"floor_reached":50,"playtime":6222,"items_purged":["Injury","Regret"],"score":545,"play_id":"d88648c7-047f-4563-b7df-4df69b18f365","local_time":"20190319052547","is_ascension_mode":false,"campfire_choices":[{"data":"Infinite Blades","floor":6.0,"key":"SMITH"},{"data":"Footwork","floor":8.0,"key":"SMITH"},{"floor":15.0,"key":"REST"},{"data":"Terror","floor":23.0,"key":"SMITH"},{"data":"Footwork","floor":25.0,"key":"SMITH"},{"data":"Finisher","floor":28,"key":"SMITH"},{"data":"Noxious Fumes","floor":32,"key":"SMITH"},{"data":"Blade Dance","floor":40,"key":"SMITH"},{"floor":46,"key":"REST"},{"floor":49,"key":"REST"}],"neow_cost":"NONE","seed_source_timestamp":0,"circlet_count":0,"master_deck":["Defend_G","Defend_G","Defend_G","Defend_G","Defend_G","Strike_G","Strike_G","Strike_G","Strike_G","Survivor","Neutralize","Infinite Blades+1","Footwork+1","Slice","Panacea","Footwork+1","Blade Dance+1","Finisher+1","Slice","Adrenaline","Terror+1","Noxious Fumes+1","Slice+1","Blind+1","PiercingWail+1","Prepared+1","Adrenaline+1","Backflip+1","PiercingWail+1","Writhe","Dagger Spray+1","Caltrops+1","Blade Dance+1","Catalyst+1","Parasite","Predator+1","Blade Dance+1"],"special_seed":0,"relics":["Ring of the Snake","Snake Skull","Old Coin","Golden Idol","Philosopher\u0027s Stone","Toxic Egg 2","Darkstone Periapt","Cursed Key","The Specimen","Pantograph","Gremlin Horn","Shuriken"],"potions_floor_usage":[27,33,42,44,50,50],"damage_taken":[{"damage":0.0,"enemies":"Small Slimes","floor":1.0,"turns":5.0},{"damage":0.0,"enemies":"2 Louse","floor":5.0,"turns":4.0},{"damage":37.0,"enemies":"Gremlin Nob","floor":7.0,"turns":6.0},{"damage":0.0,"enemies":"Jaw Worm","floor":10.0,"turns":4.0},{"damage":2.0,"enemies":"Blue Slaver","floor":12.0,"turns":5.0},{"damage":19.0,"enemies":"Large Slime","floor":13.0,"turns":7.0},{"damage":3.0,"enemies":"3 Louse","floor":14.0,"turns":4.0},{"damage":6.0,"enemies":"Hexaghost","floor":16.0,"turns":15.0},{"damage":0.0,"enemies":"Chosen","floor":18.0,"turns":4.0},{"damage":0.0,"enemies":"Shell Parasite","floor":20.0,"turns":5.0},{"damage":9,"enemies":"Snake Plant","floor":27,"turns":6},{"damage":5,"enemies":"Chosen and Byrds","floor":30,"turns":6},{"damage":25,"enemies":"Collector","floor":33,"turns":11},{"damage":9,"enemies":"3 Darklings","floor":35,"turns":5},{"damage":5,"enemies":"Orb Walker","floor":36,"turns":4},{"damage":13,"enemies":"Mind Bloom Boss Battle","floor":39,"turns":10},{"damage":22,"enemies":"Reptomancer","floor":42,"turns":8},{"damage":16,"enemies":"3 Darklings","floor":44,"turns":4},{"damage":20,"enemies":"Writhing Mass","floor":47,"turns":6},{"damage":11,"enemies":"Spire Growth","floor":48,"turns":5},{"damage":97,"enemies":"Time Eater","floor":50,"turns":9}],"seed_played":"-7954849695112670974","potions_obtained":[{"floor":1.0,"key":"GhostInAJar"},{"floor":5.0,"key":"PowerPotion"},{"floor":7.0,"key":"Regen Potion"},{"floor":14.0,"key":"Block Potion"},{"floor":18.0,"key":"GhostInAJar"},{"floor":30,"key":"Energy Potion"},{"floor":36,"key":"Strength Potion"},{"floor":39,"key":"Swift Potion"},{"floor":47,"key":"Poison Potion"},{"floor":48,"key":"Dexterity Potion"}],"is_trial":false,"path_per_floor":["M","$","?","$","M","R","E","R","T","M","?","M","M","M","R","B",null,"M","$","M","?","?","R","$","R","T","M","R","?","M","$","R","B",null,"M","M","?","?","?","R","?","E","T","M","$","R","M","M","R","B"],"character_chosen":"THE_SILENT","items_purchased":["Footwork","Slice","Panacea","Noxious Fumes","Toxic Egg 2","Blind+1","Shuriken","Catalyst+1"],"campfire_rested":3,"item_purchase_floors":[2,2,4,19,24,24,45,45],"current_hp_per_floor":[77,77,66,66,66,66,29,29,29,29,29,27,8,5,28,37,77,77,77,77,77,77,77,77,77,77,68,68,68,63,63,63,38,77,68,63,63,83,70,70,70,48,54,38,38,64,50,39,67,0],"gold":48,"neow_bonus":"TEN_PERCENT_HP_BONUS","is_prod":false,"is_daily":false,"chose_seed":false,"campfire_upgraded":7,"win_rate":0.0,"timestamp":1552973147,"path_taken":["M","$","?","$","M","R","E","R","T","M","?","M","M","M","R","BOSS","M","$","M","?","?","R","$","R","T","M","R","?","M","?","R","BOSS","M","M","?","?","?","R","?","E","T","M","?","R","M","M","R","BOSS"],"build_version":"2019-01-23","purchased_purges":2,"victory":false,"max_hp_per_floor":[77,77,77,77,77,77,77,77,77,77,77,77,77,77,77,77,77,77,77,77,77,77,77,77,77,77,77,77,77,77,77,77,77,77,77,77,77,83,83,83,83,83,89,89,89,89,95,95,95,95],"card_choices":[{"not_picked":["Deadly Poison","Outmaneuver"],"picked":"Infinite Blades","floor":1.0},{"not_picked":["Finisher","Sucker Punch"],"picked":"Deflect","floor":5.0},{"not_picked":["Terror","Dodge and Roll"],"picked":"Footwork","floor":7.0},{"not_picked":["Heel Hook","Dodge and Roll"],"picked":"Blade Dance","floor":10.0},{"not_picked":["Quick Slash","Glass Knife"],"picked":"Finisher","floor":12.0},{"not_picked":["Eviscerate","Bane"],"picked":"Slice","floor":13.0},{"not_picked":["Dagger Throw","Masterful Stab","Quick Slash"],"picked":"SKIP","floor":14.0},{"not_picked":["Bullet Time","Venomology"],"picked":"Adrenaline","floor":16.0},{"not_picked":["Eviscerate+1","Endless Agony"],"picked":"Terror","floor":18.0},{"not_picked":["Flechettes","Sucker Punch"],"picked":"Slice+1","floor":20.0},{"not_picked":["Sucker Punch","Dash"],"picked":"PiercingWail+1","floor":27},{"not_picked":["Flechettes","Sucker Punch"],"picked":"Prepared+1","floor":30},{"not_picked":["Glass Knife","Unload"],"picked":"Adrenaline+1","floor":33},{"not_picked":["Slice","Underhanded Strike"],"picked":"Backflip+1","floor":35},{"not_picked":["Underhanded Strike","Outmaneuver+1"],"picked":"PiercingWail+1","floor":36},{"not_picked":["Flying Knee+1","Bullet Time+1"],"picked":"Dagger Spray+1","floor":39},{"not_picked":["Night Terror+1","Well Laid Plans"],"picked":"Caltrops+1","floor":42},{"not_picked":["Slice","Prepared+1"],"picked":"Blade Dance+1","floor":44},{"not_picked":["Prepared+1","Deflect+1"],"picked":"Predator+1","floor":47},{"not_picked":["Backstab+1","Masterful Stab"],"picked":"Blade Dance+1","floor":48}],"player_experience":59230,"relics_obtained":[{"floor":7.0,"key":"Snake Skull"},{"floor":9.0,"key":"Old Coin"},{"floor":26.0,"key":"Darkstone Periapt"},{"floor":39,"key":"The Specimen"},{"floor":42,"key":"Pantograph"},{"floor":43,"key":"Gremlin Horn"}],"event_choices":[{"damage_healed":0.0,"max_hp_gain":0.0,"max_hp_loss":0.0,"gold_gain":75.0,"event_name":"World of Goop","player_choice":"Gather Gold","floor":3.0,"gold_loss":0.0,"damage_taken":11.0},{"damage_healed":0.0,"max_hp_gain":0.0,"max_hp_loss":0.0,"gold_gain":0.0,"event_name":"Golden Idol","player_choice":"Take Wound","floor":11.0,"gold_loss":0.0,"damage_taken":0.0,"relics_obtained":["Golden Idol"],"cards_obtained":["Injury"]},{"cards_removed":["Strike_G"],"damage_healed":0.0,"max_hp_gain":0.0,"max_hp_loss":0.0,"gold_gain":0.0,"event_name":"Beggar","player_choice":"Gave Gold","floor":21.0,"gold_loss":75.0,"damage_taken":0.0},{"damage_healed":0.0,"max_hp_gain":0.0,"max_hp_loss":0.0,"gold_gain":0.0,"event_name":"Ghosts","player_choice":"Ignored","floor":22.0,"gold_loss":0.0,"damage_taken":0.0},{"damage_healed":0,"gold_gain":0,"player_choice":"Paid Fearfully","damage_taken":0,"max_hp_gain":0,"max_hp_loss":0,"event_name":"Masked Bandits","floor":29,"gold_loss":57},{"cards_removed":["Deflect"],"damage_healed":0,"gold_gain":0,"player_choice":"Removed Skill","damage_taken":0,"max_hp_gain":0,"max_hp_loss":0,"event_name":"Falling","floor":37,"gold_loss":0},{"damage_healed":19,"gold_gain":0,"player_choice":"Writhe","damage_taken":0,"max_hp_gain":0,"max_hp_loss":0,"event_name":"Winding Halls","floor":38,"gold_loss":0,"cards_obtained":["Writhe"]},{"damage_healed":0,"gold_gain":0,"player_choice":"Fight","damage_taken":0,"max_hp_gain":0,"max_hp_loss":0,"event_name":"MindBloom","floor":39,"gold_loss":0},{"damage_healed":0,"gold_gain":0,"player_choice":"Ignored","damage_taken":0,"max_hp_gain":0,"max_hp_loss":0,"event_name":"The Moai Head","floor":41,"gold_loss":0}],"is_beta":false,"boss_relics":[{"not_picked":["Velvet Choker","Busted Crown"],"picked":"Philosopher\u0027s Stone"},{"not_picked":["Ring of the Serpent","Calling Bell"],"picked":"Cursed Key"}],"items_purged_floors":[19,45],"is_endless":false,"potions_floor_spawned":[1,5,7,14,18,30,36,39,47,48],"killed_by":"Time Eater","ascension_level":0}