{"gold_per_floor":[114,129,149,165,179,205,205,240,291,291,323,335,345,363,363,468,468,482,273,273,12,22,22,22,22,46,46,62,62,62,72,72,169,169,180,180,180,1179,362,390,403,403,477,489,500,500,126,141,141,141,141,141,3,34,34],"floor_reached":55,"playtime":2108,"items_purged":["Normality","Normality"],"score":694,"play_id":"180b2942-b42f-44c8-8e85-65069bb2b561","local_time":"20190303022745","is_ascension_mode":false,"campfire_choices":[{"data":"1","floor":7,"key":"LIFT"},{"floor":10,"key":"REST"},{"floor":15,"key":"REST"},{"data":"RitualDagger","floor":23,"key":"SMITH"},{"data":"2","floor":25,"key":"LIFT"},{"data":"3","floor":30,"key":"LIFT"},{"data":"Rage","floor":32,"key":"SMITH"},{"floor":42,"key":"RECALL"},{"floor":46,"key":"REST"},{"data":"Apotheosis","floor":49,"key":"SMITH"},{"data":"Limit Break","floor":52,"key":"SMITH"}],"neow_cost":"NONE","seed_source_timestamp":21386704959585,"circlet_count":0,"master_deck":["Strike_R+1","Strike_R+1","Strike_R+1","Strike_R+1","Strike_R+1","Defend_R+1","Defend_R+1","Defend_R+1","Defend_R+1","Bash","Reckless Charge","Pummel","Battle Trance","Cleave","Rage+1","Feed","RitualDagger+1","Shrug It Off","Streamline","Limit Break+1","Madness","Madness","Distraction+1","Parasite","Apotheosis+1","Double Tap"],"relics":["Burning Blood","Lantern","Girya","Shuriken","Art of War","Bottled Flame","Busted Crown","Sling","PrismaticShard","Bag of Marbles","Lizard Tail","Blue Candle","Toolbox","Unceasing Top","Orichalcum","Centennial Puzzle"],"potions_floor_usage":[5,6,8,12,16,16,33,33,35,48,48,50,50],"damage_taken":[{"damage":6,"enemies":"Cultist","floor":1,"turns":3},{"damage":11,"enemies":"2 Louse","floor":2,"turns":3},{"damage":5,"enemies":"Small Slimes","floor":3,"turns":3},{"damage":9,"enemies":"Blue Slaver","floor":4,"turns":4},{"damage":2,"enemies":"Looter","floor":5,"turns":2},{"damage":21,"enemies":"3 Sentries","floor":6,"turns":7},{"damage":35,"enemies":"Lagavulin","floor":8,"turns":7},{"damage":14,"enemies":"Gremlin Nob","floor":11,"turns":3},{"damage":8,"enemies":"Exordium Wildlife","floor":12,"turns":3},{"damage":8,"enemies":"Red Slaver","floor":13,"turns":2},{"damage":0,"enemies":"Looter","floor":14,"turns":2},{"damage":28,"enemies":"Slime Boss","floor":16,"turns":11},{"damage":7,"enemies":"Shell Parasite","floor":18,"turns":3},{"damage":2,"enemies":"Spheric Guardian","floor":22,"turns":3},{"damage":4,"enemies":"Cultist and Chosen","floor":28,"turns":4},{"damage":0,"enemies":"Centurion and Healer","floor":31,"turns":3},{"damage":69,"enemies":"Collector","floor":33,"turns":9},{"damage":11,"enemies":"3 Darklings","floor":35,"turns":3},{"damage":23,"enemies":"Giant Head","floor":40,"turns":6},{"damage":0,"enemies":"3 Shapes","floor":41,"turns":3},{"damage":1,"enemies":"Writhing Mass","floor":44,"turns":5},{"damage":11,"enemies":"Spire Growth","floor":45,"turns":3},{"damage":12,"enemies":"Jaw Worm Horde","floor":48,"turns":3},{"damage":45,"enemies":"Awakened One","floor":50,"turns":11},{"damage":71,"enemies":"Shield and Spear","floor":54,"turns":6},{"damage":107,"enemies":"The Heart","floor":55,"turns":6}],"seed_played":"2458917238997003814","potions_obtained":[{"floor":3,"key":"Strength Potion"},{"floor":4,"key":"Weak Potion"},{"floor":6,"key":"SkillPotion"},{"floor":11,"key":"Weak Potion"},{"floor":13,"key":"Poison Potion"},{"floor":14,"key":"Ancient Potion"},{"floor":18,"key":"SteroidPotion"},{"floor":31,"key":"Block Potion"},{"floor":33,"key":"Energy Potion"},{"floor":45,"key":"LiquidBronze"},{"floor":48,"key":"Dexterity Potion"}],"is_trial":false,"path_per_floor":["M","M","M","M","M","E","R","E","T","R","E","M","M","M","R","B",null,"M","$","?","$","M","R","$","R","T","?","M","?","R","M","R","B",null,"M","?","?","?","$","E","M","R","T","M","M","R","$","M","R","B",null,"R","$","E","B"],"character_chosen":"IRONCLAD","items_purchased":["Sling","PrismaticShard","Shrug It Off","Blue Candle","Toolbox","Unceasing Top","Apotheosis","SkillPotion","AttackPotion","Double Tap"],"campfire_rested":3,"item_purchase_floors":[19,21,21,39,39,39,47,47,47,53],"current_hp_per_floor":[80,75,76,73,77,62,62,33,33,57,49,47,45,51,75,53,80,79,79,73,73,77,77,77,77,77,77,82,82,82,83,83,23,86,84,73,73,73,73,56,65,65,65,70,65,92,92,86,86,47,92,92,92,27,0],"gold":34,"neow_bonus":"RANDOM_COMMON_RELIC","is_prod":false,"is_daily":false,"chose_seed":false,"campfire_upgraded":4,"win_rate":0,"timestamp":1551592665,"path_taken":["M","M","M","M","M","E","R","E","T","R","E","M","M","M","R","BOSS","M","?","?","$","M","R","$","R","T","?","M","?","R","M","R","BOSS","M","?","?","?","$","E","M","R","T","?","M","R","$","M","R","BOSS","R","$","E","BOSS"],"build_version":"2019-02-06","purchased_purges":2,"victory":false,"max_hp_per_floor":[80,80,80,80,80,80,80,80,80,80,80,80,80,80,80,80,80,80,80,80,80,80,80,80,80,80,80,83,83,83,83,83,86,86,89,89,89,89,89,89,92,92,92,92,92,92,92,92,92,92,92,92,92,92,92],"card_choices":[{"not_picked":["True Grit","Headbutt","Rupture"],"picked":"SKIP","floor":1},{"not_picked":["True Grit","Body Slam"],"picked":"Reckless Charge","floor":2},{"not_picked":["Dual Wield","True Grit","Limit Break"],"picked":"SKIP","floor":3},{"not_picked":["Thunderclap","True Grit"],"picked":"Pummel","floor":4},{"not_picked":["Perfected Strike","Blood for Blood","Hemokinesis"],"picked":"SKIP","floor":5},{"not_picked":["Corruption","Body Slam","Reckless Charge"],"picked":"SKIP","floor":6},{"not_picked":["Evolve","Clash"],"picked":"Battle Trance","floor":8},{"not_picked":["True Grit","Twin Strike"],"picked":"Cleave","floor":11},{"not_picked":["Shockwave","Sever Soul"],"picked":"Rage","floor":12},{"not_picked":["Intimidate","Cleave","Dual Wield"],"picked":"SKIP","floor":13},{"not_picked":["Body Slam","Iron Wave","Twin Strike"],"picked":"SKIP","floor":14},{"not_picked":["Offering","Double Tap"],"picked":"Feed","floor":16},{"not_picked":["Thunderclap+1"],"picked":"SKIP","floor":18},{"not_picked":["Storm"],"picked":"SKIP","floor":22},{"not_picked":[],"picked":"Streamline","floor":28},{"not_picked":["Compile Driver+1"],"picked":"SKIP","floor":31},{"not_picked":[],"picked":"Limit Break","floor":33},{"not_picked":["Go for the Eyes+1"],"picked":"SKIP","floor":35},{"not_picked":["Sword Boomerang"],"picked":"SKIP","floor":40},{"not_picked":[],"picked":"Distraction+1","floor":41},{"not_picked":["Calculated Gamble"],"picked":"SKIP","floor":44},{"not_picked":["Turbo+1"],"picked":"SKIP","floor":45},{"not_picked":["Leap+1"],"picked":"SKIP","floor":48},{"not_picked":["Wild Strike+1"],"picked":"SKIP","floor":54}],"player_experience":684969,"relics_obtained":[{"floor":6,"key":"Girya"},{"floor":8,"key":"Shuriken"},{"floor":9,"key":"Art of War"},{"floor":11,"key":"Bottled Flame"},{"floor":26,"key":"Bag of Marbles"},{"floor":40,"key":"Orichalcum"},{"floor":54,"key":"Centennial Puzzle"}],"event_choices":[{"damage_healed":0,"gold_gain":0,"player_choice":"Joined the Cult","damage_taken":6,"max_hp_gain":0,"max_hp_loss":0,"event_name":"Nest","floor":20,"gold_loss":0,"cards_obtained":["RitualDagger"]},{"damage_healed":0,"gold_gain":0,"player_choice":"Simplicity","damage_taken":0,"max_hp_gain":0,"max_hp_loss":0,"event_name":"Back to Basics","floor":27,"gold_loss":0,"cards_upgraded":["Strike_R","Strike_R","Strike_R","Strike_R","Strike_R","Defend_R","Defend_R","Defend_R","Defend_R"]},{"damage_healed":0,"gold_gain":0,"player_choice":"Ignored","damage_taken":0,"max_hp_gain":0,"max_hp_loss":0,"event_name":"Beggar","floor":29,"gold_loss":0},{"damage_healed":0,"gold_gain":0,"player_choice":"Embrace Madness","damage_taken":11,"max_hp_gain":0,"max_hp_loss":0,"event_name":"Winding Halls","floor":36,"gold_loss":0,"cards_obtained":["Madness","Madness"]},{"damage_healed":0,"gold_gain":0,"player_choice":"Memory 1","damage_taken":0,"max_hp_gain":0,"max_hp_loss":0,"event_name":"SensoryStone","floor":37,"gold_loss":0},{"damage_healed":0,"gold_gain":999,"player_choice":"Gold","damage_taken":0,"max_hp_gain":0,"max_hp_loss":0,"event_name":"MindBloom","floor":38,"gold_loss":0,"cards_obtained":["Normality","Normality"]}],"is_beta":true,"boss_relics":[{"not_picked":["Philosopher\u0027s Stone","Astrolabe"],"picked":"Busted Crown"},{"not_picked":["Snecko Eye","Calling Bell"],"picked":"Lizard Tail"}],"items_purged_floors":[39,47],"is_endless":false,"potions_floor_spawned":[3,4,6,11,13,14,18,31,33,45,48],"killed_by":"The Heart","ascension_level":0}