{"gold_per_floor":[119,119,131,143,153,153,165,190,190,190,210,210,184,195,195,290,290,259,270,270,29,39,68,68,80,157,174,174,374,392,392,392,392],"floor_reached":33,"playtime":3846,"items_purged":[],"score":271,"play_id":"9f53eba5-ac79-4f22-8098-0f590b1d1e84","local_time":"20180716215248","is_ascension_mode":false,"campfire_choices":[{"data":"Zap","floor":6.0,"key":"SMITH"},{"floor":10.0,"key":"REST"},{"floor":12.0,"key":"REST"},{"data":"Defragment","floor":15.0,"key":"SMITH"},{"floor":24,"key":"REST"},{"data":"White Noise","floor":28,"key":"SMITH"},{"data":"Buffer","floor":32,"key":"SMITH"}],"neow_cost":"NONE","seed_source_timestamp":0,"circlet_count":0,"master_deck":["Strike_B","Strike_B","Strike_B","Strike_B","Defend_B","Defend_B","Defend_B","Defend_B","Zap+1","Dualcast","Glacier","Stack","Sweeping Beam","Barrage","Leap","Defragment+1","Lockon","Go for the Eyes","Buffer+1","Storm+1","Go for the Eyes","Sadistic Nature","Scrape","Turbo","White Noise+1","FTL+1","Melter","Meteor Strike"],"special_seed":0,"relics":["Lizard Tail","Boot","Smiling Mask","Black Star","Strawberry","Bag of Preparation","Dodecahedron"],"potions_floor_usage":[19,22,27],"damage_taken":[{"damage":5.0,"enemies":"Jaw Worm","floor":1.0,"turns":4.0},{"damage":0.0,"enemies":"Cultist","floor":3.0,"turns":4.0},{"damage":0.0,"enemies":"2 Louse","floor":4.0,"turns":3.0},{"damage":13.0,"enemies":"Large Slime","floor":5.0,"turns":7.0},{"damage":2.0,"enemies":"2 Fungi Beasts","floor":7.0,"turns":5.0},{"damage":38.0,"enemies":"Gremlin Nob","floor":8.0,"turns":6.0},{"damage":0.0,"enemies":"Red Slaver","floor":11.0,"turns":5.0},{"damage":0.0,"enemies":"Large Slime","floor":14.0,"turns":6.0},{"damage":21.0,"enemies":"Hexaghost","floor":16.0,"turns":10.0},{"damage":25,"enemies":"2 Thieves","floor":18,"turns":5},{"damage":0,"enemies":"Shell Parasite","floor":19,"turns":9},{"damage":2,"enemies":"Cultist and Chosen","floor":22,"turns":6},{"damage":65,"enemies":"Gremlin Leader","floor":23,"turns":10},{"damage":10,"enemies":"Snake Plant","floor":25,"turns":4},{"damage":0,"enemies":"Snecko","floor":27,"turns":6},{"damage":15,"enemies":"Centurion and Healer","floor":30,"turns":5},{"damage":28,"enemies":"Automaton","floor":33,"turns":4}],"seed_played":"-7453404359435288309","potions_obtained":[{"floor":3.0,"key":"Fire Potion"},{"floor":5.0,"key":"SpeedPotion"},{"floor":8.0,"key":"PowerPotion"},{"floor":14.0,"key":"PowerPotion"},{"floor":16.0,"key":"EssenceOfSteel"},{"floor":18,"key":"EssenceOfSteel"},{"floor":25,"key":"Explosive Potion"},{"floor":30,"key":"LiquidBronze"}],"is_trial":false,"path_per_floor":["M","?","M","M","M","R","M","E","T","R","M","R","?","M","R","B",null,"M","M","?","$","M","E","R","M","T","M","R","?","M","?","R"],"character_chosen":"DEFECT","items_purchased":["Sadistic Nature","Scrape"],"campfire_rested":3,"item_purchase_floors":[21,21],"current_hp_per_floor":[70,70,70,70,57,57,55,17,17,39,39,61,61,61,61,40,75,50,50,36,36,34,23,49,39,39,39,39,39,24,24,24,0],"gold":392,"neow_bonus":"BOSS_RELIC","is_prod":false,"is_daily":false,"chose_seed":false,"campfire_upgraded":4,"win_rate":0,"timestamp":1531774368,"path_taken":["M","?","M","M","M","R","?","E","T","R","M","R","?","M","R","BOSS","M","M","?","$","M","E","R","?","T","M","R","?","M","?","R","BOSS"],"build_version":"2018-07-12","purchased_purges":0,"victory":false,"max_hp_per_floor":[75,75,75,75,75,75,75,75,75,75,75,75,75,75,75,75,75,75,75,80,80,80,87,87,87,87,87,87,87,87,87,87,87],"card_choices":[{"not_picked":["Leap","Gash"],"picked":"Glacier","floor":1.0},{"not_picked":["Barrage","Recycle"],"picked":"Stack","floor":3.0},{"not_picked":["Chaos","Force Field"],"picked":"Sweeping Beam","floor":4.0},{"not_picked":["Rip and Tear","Melter"],"picked":"Barrage","floor":5.0},{"not_picked":["Fission","Melter"],"picked":"Leap","floor":7.0},{"not_picked":["Coolheaded","All For One"],"picked":"Defragment","floor":8.0},{"not_picked":["Chaos","Recycle"],"picked":"Lockon","floor":11.0},{"not_picked":["Stack","Hologram"],"picked":"Go for the Eyes","floor":14.0},{"not_picked":["Electrodynamics","Amplify"],"picked":"Buffer","floor":16.0},{"not_picked":["Auto Shields+1","Sweeping Beam+1"],"picked":"Storm+1","floor":18},{"not_picked":["Steam Power","Ball Lightning"],"picked":"Go for the Eyes","floor":19},{"not_picked":["Go for the Eyes","Steam+1"],"picked":"Turbo","floor":22},{"not_picked":["Meteor Strike","Stack"],"picked":"White Noise","floor":23},{"not_picked":["Recycle","Darkness"],"picked":"FTL+1","floor":25},{"not_picked":["Streamline","Darkness"],"picked":"Melter","floor":27},{"not_picked":["Streamline","Compile Driver"],"picked":"Meteor Strike","floor":30}],"player_experience":71405,"relics_obtained":[{"floor":8.0,"key":"Boot"},{"floor":9.0,"key":"Smiling Mask"},{"floor":23,"key":"Strawberry"},{"floor":23,"key":"Bag of Preparation"},{"floor":26,"key":"Dodecahedron"}],"event_choices":[{"event_name":"The Cleric","player_choice":"Leave","floor":2.0,"damage_taken":0.0},{"event_name":"World of Goop","player_choice":"Left","floor":13.0,"damage_taken":0.0},{"event_name":"Forgotten Altar","player_choice":"Shed Blood","floor":20,"damage_taken":0},{"event_name":"Wheel of Change","player_choice":"Gold","floor":29,"damage_taken":0},{"event_name":"Beggar","player_choice":"Ignored","floor":31,"damage_taken":0}],"boss_relics":[{"not_picked":["Busted Crown","Inserter"],"picked":"Black Star"}],"items_purged_floors":[],"is_endless":false,"potions_floor_spawned":[3,5,8,14,16,18,25,30],"killed_by":"Automaton","ascension_level":0}