{"gold_per_floor":[109,121,139,156,170,198,198,214,214,275,275,285,285,305,305,407,407,423,423,435,446,456,456,470,470,470,502,502,502,502,516,516,516],"floor_reached":33,"playtime":3920,"items_purged":[],"score":353,"play_id":"0af811a5-c5fa-4f08-b8c1-9456d097257e","local_time":"20180720090240","is_ascension_mode":false,"campfire_choices":[{"data":"Backstab","floor":7,"key":"SMITH"},{"data":"Well Laid Plans","floor":11,"key":"SMITH"},{"data":"Backstab","floor":15,"key":"SMITH"},{"floor":25,"key":"REST"},{"data":"Noxious Fumes","floor":28,"key":"SMITH"},{"floor":30,"key":"REST"},{"floor":32,"key":"REST"}],"neow_cost":"NONE","seed_source_timestamp":1765290947652935,"circlet_count":0,"master_deck":["Defend_G","Defend_G","Defend_G","Defend_G","Defend_G","Strike_G","Strike_G","Strike_G","Strike_G","Strike_G","Survivor","Neutralize","Sucker Punch","Backstab+1","Blade Dance","Backflip","Flying Knee","Well Laid Plans+1","Caltrops+1","Malaise","Dash","Backstab+1","Burst","Cloak And Dagger","Deflect","Noxious Fumes+1","Finisher","Blade Dance+1","Endless Agony","Writhe","Bane"],"relics":["Ring of the Snake","Orichalcum","Question Card","Bag of Marbles","Tiny Chest","WristBlade","Toxic Egg 2","Smiling Mask","Lantern"],"potions_floor_usage":[6,10,14,23,23,27,33],"damage_taken":[{"damage":0,"enemies":"Cultist","floor":1,"turns":5},{"damage":0,"enemies":"2 Louse","floor":2,"turns":2},{"damage":0,"enemies":"Jaw Worm","floor":3,"turns":4},{"damage":0,"enemies":"Blue Slaver","floor":4,"turns":3},{"damage":0,"enemies":"Looter","floor":5,"turns":3},{"damage":9,"enemies":"Lagavulin","floor":6,"turns":8},{"damage":0,"enemies":"2 Fungi Beasts","floor":8,"turns":2},{"damage":6,"enemies":"3 Sentries","floor":10,"turns":9},{"damage":0,"enemies":"Red Slaver","floor":12,"turns":5},{"damage":0,"enemies":"Gremlin Gang","floor":14,"turns":3},{"damage":0,"enemies":"Hexaghost","floor":16,"turns":10},{"damage":5,"enemies":"Chosen","floor":18,"turns":6},{"damage":0,"enemies":"3 Byrds","floor":20,"turns":3},{"damage":10,"enemies":"Snecko","floor":21,"turns":4},{"damage":9,"enemies":"Centurion and Healer","floor":22,"turns":6},{"damage":2,"enemies":"Slavers","floor":23,"turns":2},{"damage":24,"enemies":"Cultist and Chosen","floor":24,"turns":8},{"damage":13,"enemies":"Gremlin Leader","floor":27,"turns":6},{"damage":21,"enemies":"Sentry and Sphere","floor":31,"turns":6},{"damage":54,"enemies":"Champ","floor":33,"turns":9}],"seed_played":"-7252204856891317978","potions_obtained":[{"floor":4,"key":"SpeedPotion"},{"floor":5,"key":"AttackPotion"},{"floor":6,"key":"Weak Potion"},{"floor":10,"key":"SmokeBomb"},{"floor":12,"key":"LiquidBronze"},{"floor":21,"key":"PowerPotion"},{"floor":31,"key":"LiquidBronze"}],"is_trial":false,"path_per_floor":["M","M","M","M","M","E","R","M","T","E","R","M","?","M","R","B",null,"M","?","M","M","M","E","M","R","T","E","R","?","R","M","R"],"character_chosen":"THE_SILENT","items_purchased":[],"campfire_rested":3,"item_purchase_floors":[],"current_hp_per_floor":[70,70,70,70,70,61,61,61,61,55,55,55,55,55,55,55,70,65,65,65,55,46,44,20,41,41,28,28,28,49,28,49,0],"gold":516,"neow_bonus":"RANDOM_COMMON_RELIC","is_prod":false,"is_daily":false,"chose_seed":false,"campfire_upgraded":4,"win_rate":0,"timestamp":1532073760,"path_taken":["M","M","?","M","M","E","R","M","T","E","R","M","?","M","R","BOSS","M","?","M","?","?","E","M","R","T","E","R","?","R","M","R","BOSS"],"build_version":"2018-07-19","purchased_purges":0,"victory":false,"max_hp_per_floor":[70,70,70,70,70,70,70,70,70,70,70,70,70,70,70,70,70,70,70,70,70,70,70,70,70,70,70,70,70,70,70,70,70],"card_choices":[{"not_picked":["PiercingWail","Eviscerate"],"picked":"Sucker Punch","floor":1},{"not_picked":["Well Laid Plans","Prepared"],"picked":"Backstab","floor":2},{"not_picked":["Prepared","Bane"],"picked":"Blade Dance","floor":3},{"not_picked":["Dagger Throw","Acrobatics"],"picked":"Backflip","floor":4},{"not_picked":["Prepared","Dodge and Roll"],"picked":"Flying Knee","floor":5},{"not_picked":["Eviscerate","Dagger Throw"],"picked":"Well Laid Plans","floor":6},{"not_picked":["Flechettes","Eviscerate","Quick Slash"],"picked":"Caltrops","floor":8},{"not_picked":["Storm of Steel","Dodge and Roll","All Out Attack"],"picked":"Malaise","floor":10},{"not_picked":["Prepared","Deadly Poison","PiercingWail"],"picked":"Dash","floor":12},{"not_picked":["Caltrops","Acrobatics","Slice"],"picked":"Backstab","floor":14},{"not_picked":["Die Die Die","Glass Knife","After Image"],"picked":"Burst","floor":16},{"not_picked":["Flying Knee","Heel Hook","Deflect"],"picked":"Cloak And Dagger","floor":18},{"not_picked":["PiercingWail","Leg Sweep","Flechettes+1"],"picked":"Deflect","floor":20},{"not_picked":["PiercingWail","Escape Plan","Die Die Die"],"picked":"Noxious Fumes","floor":21},{"not_picked":["Outmaneuver+1","Eviscerate","Calculated Gamble"],"picked":"Finisher","floor":22},{"not_picked":["Acrobatics","Heel Hook","Slice"],"picked":"Blade Dance+1","floor":24},{"not_picked":["Underhanded Strike+1","Masterful Stab","Finisher"],"picked":"Endless Agony","floor":27},{"not_picked":["Well Laid Plans+1","Underhanded Strike+1","Slice"],"picked":"Bane","floor":31}],"player_experience":132537,"relics_obtained":[{"floor":6,"key":"Question Card"},{"floor":9,"key":"Bag of Marbles"},{"floor":10,"key":"Tiny Chest"},{"floor":26,"key":"Toxic Egg 2"},{"floor":27,"key":"Smiling Mask"}],"event_choices":[{"event_name":"Living Wall","player_choice":"Grow","floor":13,"damage_taken":0},{"event_name":"Vampires","player_choice":"Ignored","floor":19,"damage_taken":0},{"event_name":"The Mausoleum","player_choice":"Yes","floor":29,"damage_taken":0}],"is_beta":false,"boss_relics":[{"not_picked":["Busted Crown","Astrolabe"],"picked":"WristBlade"}],"items_purged_floors":[],"is_endless":false,"potions_floor_spawned":[4,5,6,10,12,21,23,31],"killed_by":"Champ","ascension_level":0}