{"gold_per_floor":[113,126,45,45,195,195,228,228,228,228,240,260,260,293,293,368,368,368,368,368,368,368,368,108,108,108,108,33,33,33,33,33,33,33,33,33,33,33,33,33,33,33,33,33,33,33,33,33,33,33,33],"floor_reached":52,"playtime":3526,"items_purged":["Strike_G"],"score":1830,"play_id":"b1107480-1f3c-4db8-a372-7bc5224b9f3f","local_time":"20190329212051","is_ascension_mode":true,"campfire_choices":[{"data":"Neutralize","floor":6,"key":"SMITH"},{"data":"Deadly Poison","floor":13,"key":"SMITH"},{"floor":15,"key":"REST"},{"floor":23,"key":"REST"},{"data":"After Image","floor":25,"key":"SMITH"},{"data":"Dash","floor":30,"key":"SMITH"},{"floor":32,"key":"REST"},{"floor":40,"key":"REST"},{"data":"A Thousand Cuts","floor":42,"key":"SMITH"},{"data":"Blur","floor":49,"key":"SMITH"}],"neow_cost":"NONE","seed_source_timestamp":539662871470704,"circlet_count":0,"master_deck":["AscendersBane","Defend_G","Defend_G","Defend_G","Defend_G","Defend_G","Strike_G","Strike_G","Strike_G","Strike_G","Survivor","Neutralize+1","Backflip","Backflip","Blur+1","Deadly Poison+1","Deflect+1","Catalyst+1","Catalyst+1","Burst+1","Bouncing Flask+1","PiercingWail+1","Acrobatics+1","After Image+1","Dodge and Roll+1","Dash+1","Cloak And Dagger+1","A Thousand Cuts+1","Deflect+1","Blade Dance+1","Prepared+1","Tools of the Trade","Terror+1"],"relics":["Ring of the Snake","NeowsBlessing","Centennial Puzzle","Mango","Dodecahedron","Toxic Egg 2","Tingsha","Ectoplasm","Red Mask","Ninja Scroll","Eternal Feather","Kunai","Molten Egg 2","Dead Branch"],"potions_floor_usage":[14,16,18,19,31,35,39,39,50],"damage_taken":[{"damage":0,"enemies":"Cultist","floor":1,"turns":1},{"damage":0,"enemies":"Jaw Worm","floor":2,"turns":1},{"damage":0,"enemies":"Lagavulin","floor":7,"turns":1},{"damage":0,"enemies":"2 Louse","floor":11,"turns":4},{"damage":1,"enemies":"Red Slaver","floor":12,"turns":5},{"damage":12,"enemies":"Gremlin Nob","floor":14,"turns":4},{"damage":12,"enemies":"Hexaghost","floor":16,"turns":5},{"damage":11,"enemies":"3 Byrds","floor":18,"turns":8},{"damage":26,"enemies":"Masked Bandits","floor":19,"turns":4},{"damage":15,"enemies":"Chosen","floor":22,"turns":4},{"damage":0,"enemies":"Snecko","floor":27,"turns":2},{"damage":8,"enemies":"Centurion and Healer","floor":29,"turns":8},{"damage":6,"enemies":"Sentry and Sphere","floor":31,"turns":7},{"damage":18,"enemies":"Champ","floor":33,"turns":7},{"damage":0,"enemies":"3 Shapes","floor":35,"turns":7},{"damage":0,"enemies":"Orb Walker","floor":37,"turns":3},{"damage":0,"enemies":"Spire Growth","floor":38,"turns":4},{"damage":20,"enemies":"Jaw Worm Horde","floor":39,"turns":6},{"damage":4,"enemies":"Giant Head","floor":41,"turns":5},{"damage":0,"enemies":"Sphere and 2 Shapes","floor":44,"turns":4},{"damage":0,"enemies":"Mind Bloom Boss Battle","floor":46,"turns":7},{"damage":2,"enemies":"Maw","floor":48,"turns":5},{"damage":12,"enemies":"Donu and Deca","floor":50,"turns":8},{"damage":44,"enemies":"Awakened One","floor":51,"turns":12}],"seed_played":"-1956996479560995753","potions_obtained":[{"floor":2,"key":"LiquidBronze"},{"floor":12,"key":"Ancient Potion"},{"floor":16,"key":"Fire Potion"},{"floor":18,"key":"AttackPotion"},{"floor":22,"key":"Swift Potion"},{"floor":33,"key":"SteroidPotion"},{"floor":37,"key":"LiquidBronze"},{"floor":38,"key":"Swift Potion"},{"floor":44,"key":"Ancient Potion"}],"is_trial":false,"path_per_floor":["M","M","$","?","?","R","E","T","T","?","M","M","R","E","R","B",null,"M","?","?","?","M","R","$","R","T","M","$","M","R","M","R","B",null,"M","$","M","M","M","R","E","R","T","M","?","?","?","M","R","B","B",null],"character_chosen":"THE_SILENT","items_purchased":["Blur","After Image","Dodge and Roll+1","Dash"],"campfire_rested":4,"item_purchase_floors":[3,24,24,24],"current_hp_per_floor":[59,59,59,33,33,33,47,47,47,47,47,46,46,34,58,46,72,61,35,35,35,20,44,44,44,44,44,44,36,36,30,54,36,69,69,69,69,69,49,80,76,80,80,80,80,80,80,78,80,68,24],"gold":33,"neow_bonus":"THREE_ENEMY_KILL","is_prod":false,"is_daily":false,"chose_seed":false,"campfire_upgraded":6,"win_rate":0,"timestamp":1553912451,"path_taken":["M","?","$","?","?","R","E","?","T","?","M","?","R","E","R","BOSS","M","?","?","?","M","R","$","R","T","M","?","M","R","?","R","BOSS","M","$","M","?","M","R","E","R","T","M","?","?","?","M","R","BOSS","BOSS"],"build_version":"2019-01-23","purchased_purges":1,"victory":true,"max_hp_per_floor":[66,66,66,66,66,66,80,80,80,80,80,80,80,80,80,80,80,80,80,80,80,80,80,80,80,80,80,80,80,80,80,80,80,80,80,80,80,80,80,80,80,80,80,80,80,80,80,80,80,80,80],"card_choices":[{"not_picked":["Bane","Sucker Punch"],"picked":"Backflip","floor":1},{"not_picked":["Bane","Dodge and Roll"],"picked":"Backflip","floor":2},{"not_picked":["Flying Knee","Accuracy"],"picked":"Deadly Poison","floor":7},{"not_picked":["Choke","Backflip+1"],"picked":"Deflect+1","floor":11},{"not_picked":["Underhanded Strike","Crippling Poison+1"],"picked":"Catalyst+1","floor":12},{"not_picked":["Cloak And Dagger+1","Endless Agony"],"picked":"Catalyst+1","floor":14},{"not_picked":["Storm of Steel+1","Wraith Form v2"],"picked":"Burst+1","floor":16},{"not_picked":["Concentrate+1","Quick Slash"],"picked":"Bouncing Flask+1","floor":18},{"not_picked":["Finisher","Heel Hook+1"],"picked":"PiercingWail+1","floor":19},{"not_picked":["Underhanded Strike+1","Predator+1"],"picked":"Acrobatics+1","floor":22},{"not_picked":["Backflip+1","Dagger Throw"],"picked":"Cloak And Dagger+1","floor":27},{"not_picked":["Endless Agony+1","Acrobatics+1","Flying Knee"],"picked":"SKIP","floor":29},{"not_picked":["Bouncing Flask+1","Terror+1"],"picked":"A Thousand Cuts","floor":31},{"not_picked":["Bullet Time+1","Grand Finale"],"picked":"Malaise+1","floor":33},{"not_picked":["Quick Slash","Tactician+1"],"picked":"Deflect+1","floor":35},{"not_picked":["Calculated Gamble+1","Outmaneuver+1","Dagger Spray"],"picked":"SKIP","floor":37},{"not_picked":["Poisoned Stab+1","Bane"],"picked":"Blade Dance+1","floor":38},{"not_picked":["Deadly Poison+1","Grand Finale"],"picked":"Prepared+1","floor":39},{"not_picked":["Well Laid Plans","Tactician+1"],"picked":"Tools of the Trade","floor":41},{"not_picked":["Deflect+1","Dagger Throw+1","Outmaneuver+1"],"picked":"SKIP","floor":44},{"not_picked":["Acrobatics+1","Underhanded Strike+1"],"picked":"Terror+1","floor":48}],"player_experience":810847,"relics_obtained":[{"floor":7,"key":"Mango"},{"floor":8,"key":"Dodecahedron"},{"floor":9,"key":"Toxic Egg 2"},{"floor":14,"key":"Tingsha"},{"floor":19,"key":"Red Mask"},{"floor":26,"key":"Ninja Scroll"},{"floor":41,"key":"Kunai"},{"floor":43,"key":"Molten Egg 2"},{"floor":46,"key":"Dead Branch"}],"event_choices":[{"damage_healed":0,"gold_gain":0,"player_choice":"Success","damage_taken":26,"relics_obtained":["Centennial Puzzle"],"max_hp_gain":0,"max_hp_loss":0,"event_name":"Scrap Ooze","floor":4,"gold_loss":0},{"damage_healed":0,"gold_gain":150,"player_choice":"AGREE","damage_taken":0,"max_hp_gain":0,"max_hp_loss":0,"event_name":"Liars Game","floor":5,"gold_loss":0,"cards_obtained":["Doubt"]},{"cards_removed":["Doubt"],"damage_healed":0,"gold_gain":0,"player_choice":"Purged","damage_taken":0,"max_hp_gain":0,"max_hp_loss":0,"event_name":"Purifier","floor":10,"gold_loss":0},{"damage_healed":0,"gold_gain":0,"player_choice":"Fought Bandits","damage_taken":0,"max_hp_gain":0,"max_hp_loss":0,"event_name":"Masked Bandits","floor":19,"gold_loss":0},{"damage_healed":0,"gold_gain":50,"player_choice":"Stole From Cult","damage_taken":0,"max_hp_gain":0,"max_hp_loss":0,"event_name":"Nest","floor":20,"gold_loss":0},{"damage_healed":0,"gold_gain":0,"player_choice":"Ignored","damage_taken":0,"max_hp_gain":0,"max_hp_loss":0,"event_name":"Ghosts","floor":21,"gold_loss":0},{"damage_healed":0,"gold_gain":222,"player_choice":"Wore Mask","damage_taken":0,"max_hp_gain":0,"max_hp_loss":0,"event_name":"Tomb of Lord Red Mask","floor":45,"gold_loss":0},{"damage_healed":0,"gold_gain":0,"player_choice":"Fight","damage_taken":0,"max_hp_gain":0,"max_hp_loss":0,"event_name":"MindBloom","floor":46,"gold_loss":0},{"cards_removed":["Malaise"],"damage_healed":0,"gold_gain":0,"player_choice":"Removed Skill","damage_taken":0,"max_hp_gain":0,"max_hp_loss":0,"event_name":"Falling","floor":47,"gold_loss":0}],"is_beta":false,"boss_relics":[{"not_picked":["Snecko Eye","WristBlade"],"picked":"Ectoplasm"},{"not_picked":["Black Star","Orrery"],"picked":"Eternal Feather"}],"items_purged_floors":[28],"is_endless":false,"potions_floor_spawned":[2,12,16,18,22,33,37,38,44],"ascension_level":20}