{"gold_per_floor":[114,114,189,26,43,43,69,69,369,369,369,369,42,61,61,134,134,150,168,73,73,0,26,26,26],"floor_reached":25,"playtime":1304,"items_purged":["Parasite"],"score":430,"play_id":"b64274d6-9944-4048-b51b-da4b88cc20c4","local_time":"20190319194828","is_ascension_mode":true,"campfire_choices":[{"data":"Dualcast","floor":6.0,"key":"SMITH"},{"floor":8.0,"key":"REST"},{"data":"Doom and Gloom","floor":10.0,"key":"SMITH"},{"floor":15.0,"key":"REST"},{"floor":24.0,"key":"REST"}],"neow_cost":"CURSE","seed_source_timestamp":526676558874596,"circlet_count":0,"master_deck":["AscendersBane","Strike_B","Strike_B","Strike_B","Strike_B+1","Defend_B","Defend_B","Defend_B","Defend_B","Zap+1","Dualcast+1","Gash+1","Doom and Gloom+1","Scrape","Core Surge","Redo","FTL","Hologram","Multi-Cast","Leap+1","Turbo","Good Instincts","Melter+1"],"special_seed":0,"relics":["Cracked Core","Turnip","Potion Belt","Old Coin","Centennial Puzzle","Blood Vial","White Beast Statue","Molten Egg 2"],"potions_floor_usage":[25,25],"damage_taken":[{"damage":13.0,"enemies":"Small Slimes","floor":1.0,"turns":3.0},{"damage":0.0,"enemies":"2 Louse","floor":5.0,"turns":2.0},{"damage":25.0,"enemies":"Lagavulin","floor":7.0,"turns":6.0},{"damage":2.0,"enemies":"Jaw Worm","floor":14.0,"turns":2.0},{"damage":28.0,"enemies":"The Guardian","floor":16.0,"turns":12.0},{"damage":1.0,"enemies":"Spheric Guardian","floor":18.0,"turns":3.0},{"damage":16.0,"enemies":"3 Byrds","floor":19.0,"turns":3.0},{"damage":15.0,"enemies":"Book of Stabbing","floor":23.0,"turns":4.0},{"damage":32,"enemies":"Slavers","floor":25,"turns":3}],"seed_played":"1618137258267223508","potions_obtained":[{"floor":5.0,"key":"Swift Potion"},{"floor":14.0,"key":"SpeedPotion"},{"floor":18.0,"key":"Block Potion"},{"floor":19.0,"key":"Block Potion"},{"floor":23.0,"key":"Explosive Potion"}],"is_trial":false,"path_per_floor":["M","?","?","$","M","R","E","R","T","R","?","?","$","M","R","B",null,"M","M","$","?","?","E","R","E"],"character_chosen":"DEFECT","items_purchased":["Doom and Gloom","Blood Vial","SkillPotion","Redo","FTL","Good Instincts"],"campfire_rested":3,"item_purchase_floors":[4,13,13,13,13,20],"current_hp_per_floor":[51,51,40,40,40,40,15,35,35,35,15,10,10,10,30,4,52,53,39,39,20,20,7,28,0],"gold":26,"neow_bonus":"ONE_RARE_RELIC","is_prod":false,"is_daily":false,"chose_seed":false,"campfire_upgraded":2,"win_rate":0,"timestamp":1553042908,"path_taken":["M","?","?","$","M","R","E","R","T","R","?","?","?","?","R","BOSS","M","M","$","?","?","E","R","E"],"build_version":"2019-01-23","purchased_purges":1,"victory":false,"max_hp_per_floor":[71,71,71,68,68,68,68,68,68,68,68,68,68,68,68,68,68,68,68,68,73,73,73,73,73],"card_choices":[{"not_picked":["Stack","Force Field"],"picked":"Gash","floor":1.0},{"not_picked":["Turbo","Capacitor"],"picked":"Scrape","floor":5.0},{"not_picked":["Leap","Gash"],"picked":"Core Surge","floor":7.0},{"not_picked":["Beam Cell","Compile Driver"],"picked":"Hologram","floor":14.0},{"not_picked":["Rainbow","All For One"],"picked":"Multi-Cast","floor":16.0},{"not_picked":["Beam Cell","Sunder"],"picked":"Leap+1","floor":18.0},{"not_picked":["Redo","Sweeping Beam"],"picked":"Turbo","floor":19.0},{"not_picked":["FTL","Reprogram"],"picked":"Melter+1","floor":23.0}],"player_experience":854103,"relics_obtained":[{"floor":7.0,"key":"Potion Belt"},{"floor":9.0,"key":"Old Coin"},{"floor":23.0,"key":"Molten Egg 2"}],"event_choices":[{"damage_healed":0.0,"max_hp_gain":0.0,"max_hp_loss":0.0,"gold_gain":0.0,"event_name":"Living Wall","player_choice":"Grow","floor":2.0,"gold_loss":0.0,"damage_taken":0.0,"cards_upgraded":["Zap"]},{"damage_healed":0.0,"max_hp_gain":0.0,"max_hp_loss":0.0,"gold_gain":75.0,"event_name":"World of Goop","player_choice":"Gather Gold","floor":3.0,"gold_loss":0.0,"damage_taken":11.0},{"damage_healed":0.0,"max_hp_gain":0.0,"max_hp_loss":0.0,"gold_gain":0.0,"event_name":"Shining Light","player_choice":"Entered Light","floor":11.0,"gold_loss":0.0,"damage_taken":20.0,"cards_upgraded":["Strike_B","Gash"]},{"damage_healed":0.0,"max_hp_gain":0.0,"max_hp_loss":0.0,"gold_gain":0.0,"event_name":"Scrap Ooze","player_choice":"Success","floor":12.0,"gold_loss":0.0,"damage_taken":5.0,"relics_obtained":["Centennial Puzzle"]},{"damage_healed":0.0,"max_hp_gain":5.0,"max_hp_loss":0.0,"gold_gain":0.0,"event_name":"Forgotten Altar","player_choice":"Shed Blood","floor":21.0,"gold_loss":0.0,"damage_taken":24.0},{"damage_healed":0.0,"max_hp_gain":0.0,"max_hp_loss":0.0,"gold_gain":0.0,"event_name":"Masked Bandits","player_choice":"Paid Fearfully","floor":22.0,"gold_loss":73.0,"damage_taken":0.0}],"is_beta":false,"boss_relics":[{"not_picked":["Pandora\u0027s Box","Sozu"],"picked":"White Beast Statue"}],"items_purged_floors":[4],"is_endless":false,"potions_floor_spawned":[5,14,18,19,23],"killed_by":"Slavers","ascension_level":20}