{"gold_per_floor":[112,128,303,228,303,303,253,253,253,8,27,53,114,131,131,226,226,236,13,13,13,13,38,38,38,38,38,55,154,154],"floor_reached":30,"playtime":1750,"items_purged":["Doubt","Defend_B"],"score":267,"play_id":"5a343125-d042-4807-93d4-ef621b551a46","local_time":"20190207111847","is_ascension_mode":false,"campfire_choices":[{"data":"Buffer","floor":6,"key":"SMITH"},{"data":"Hologram","floor":8,"key":"SMITH"},{"data":"Auto Shields","floor":15,"key":"SMITH"},{"data":"Defragment","floor":24,"key":"SMITH"},{"floor":27,"key":"RECALL"}],"neow_cost":"TEN_PERCENT_HP_LOSS","seed_source_timestamp":70674532845435,"circlet_count":0,"master_deck":["Strike_B","Strike_B","Defend_B","Defend_B","Defend_B","Zap","Dualcast","Buffer+1","Hologram+1","Go for the Eyes","Coolheaded","Melter+1","Auto Shields+1","Seek","Defragment+1","FTL+1","Consume"],"relics":["Cracked Core","Juzu Bracelet","Oddly Smooth Stone","Molten Egg 2","Sozu","DataDisk","Nilry\u0027s Codex","Turnip","Question Card","Gremlin Horn"],"potions_floor_usage":[16,16,18],"damage_taken":[{"damage":1,"enemies":"Jaw Worm","floor":1,"turns":4},{"damage":7,"enemies":"2 Louse","floor":2,"turns":2},{"damage":0,"enemies":"Small Slimes","floor":11,"turns":4},{"damage":17,"enemies":"Gremlin Nob","floor":12,"turns":5},{"damage":0,"enemies":"Gremlin Nob","floor":13,"turns":4},{"damage":0,"enemies":"Blue Slaver","floor":14,"turns":3},{"damage":25,"enemies":"Slime Boss","floor":16,"turns":15},{"damage":0,"enemies":"3 Byrds","floor":18,"turns":7},{"damage":0,"enemies":"Gremlin Leader","floor":23,"turns":7},{"damage":0,"enemies":"Spheric Guardian","floor":28,"turns":1},{"damage":53,"enemies":"Centurion and Healer","floor":30,"turns":18}],"seed_played":"6744709746546874997","potions_obtained":[{"floor":12,"key":"GamblersBrew"},{"floor":14,"key":"FearPotion"},{"floor":16,"key":"Weak Potion"}],"is_trial":false,"path_per_floor":["M","M","?","$","?","R","?","R","T","$","M","E","?","M","R","B",null,"M","$","?","?","?","E","R","T","T","R","M","?","M"],"character_chosen":"DEFECT","items_purchased":["Juzu Bracelet","Defragment","DataDisk"],"campfire_rested":0,"item_purchase_floors":[10,19,19],"current_hp_per_floor":[67,60,60,60,49,49,49,49,49,49,49,32,32,32,32,7,68,68,68,68,52,52,52,52,52,52,52,52,52,0],"gold":154,"neow_bonus":"THREE_RARE_CARDS","is_prod":false,"is_daily":false,"chose_seed":false,"campfire_upgraded":4,"win_rate":0,"timestamp":1549559927,"path_taken":["M","M","?","$","?","R","?","R","T","?","M","E","?","M","R","BOSS","M","$","?","?","?","E","R","?","T","R","M","?","M"],"build_version":"2019-01-23","purchased_purges":2,"victory":false,"max_hp_per_floor":[68,68,68,68,68,68,68,68,68,68,68,68,68,68,68,68,68,68,68,68,68,68,68,68,68,68,68,68,68,68],"card_choices":[{"not_picked":["Electrodynamics","Fission"],"picked":"Buffer","floor":0},{"not_picked":["Beam Cell","Leap"],"picked":"Hologram","floor":1},{"not_picked":["Tempest","Force Field","Darkness"],"picked":"SKIP","floor":2},{"not_picked":["Hologram","Steam"],"picked":"Go for the Eyes","floor":11},{"not_picked":["Gash","Skim"],"picked":"Coolheaded","floor":12},{"not_picked":["Ball Lightning","Tempest"],"picked":"Melter","floor":13},{"not_picked":["Cold Snap+1","Ball Lightning+1"],"picked":"Auto Shields","floor":14},{"not_picked":["Meteor Strike+1","Fission"],"picked":"Seek","floor":16},{"not_picked":["Go for the Eyes+1","Steam","Stack"],"picked":"SKIP","floor":18},{"not_picked":["Rainbow","Double Energy"],"picked":"FTL+1","floor":23},{"not_picked":["Coolheaded+1","Rebound+1","Leap"],"picked":"Consume","floor":28}],"player_experience":727643,"relics_obtained":[{"floor":12,"key":"Oddly Smooth Stone"},{"floor":13,"key":"Molten Egg 2"},{"floor":21,"key":"Nilry\u0027s Codex"},{"floor":23,"key":"Turnip"},{"floor":25,"key":"Question Card"},{"floor":26,"key":"Gremlin Horn"}],"event_choices":[{"damage_healed":0,"gold_gain":175,"player_choice":"AGREE","damage_taken":0,"max_hp_gain":0,"max_hp_loss":0,"event_name":"Liars Game","floor":3,"gold_loss":0,"cards_obtained":["Doubt"]},{"damage_healed":0,"gold_gain":75,"player_choice":"Gather Gold","damage_taken":11,"max_hp_gain":0,"max_hp_loss":0,"event_name":"World of Goop","floor":5,"gold_loss":0},{"cards_removed":["Strike_B"],"damage_healed":0,"gold_gain":0,"player_choice":"Card Removal","damage_taken":0,"max_hp_gain":0,"max_hp_loss":0,"event_name":"The Cleric","floor":7,"gold_loss":50},{"damage_healed":0,"gold_gain":30,"player_choice":"Searched \u00273\u0027 times","damage_taken":0,"max_hp_gain":0,"max_hp_loss":0,"event_name":"Dead Adventurer","floor":13,"gold_loss":0},{"damage_healed":0,"gold_gain":0,"player_choice":"Full Heal","damage_taken":0,"max_hp_gain":0,"max_hp_loss":0,"event_name":"Wheel of Change","floor":20,"gold_loss":0},{"damage_healed":0,"gold_gain":0,"player_choice":"Obtained Book","damage_taken":16,"max_hp_gain":0,"max_hp_loss":0,"event_name":"Cursed Tome","floor":21,"gold_loss":0},{"cards_removed":["Strike_B"],"damage_healed":0,"gold_gain":0,"player_choice":"Elegance","damage_taken":0,"max_hp_gain":0,"max_hp_loss":0,"event_name":"Back to Basics","floor":22,"gold_loss":0},{"damage_healed":0,"gold_gain":99,"player_choice":"Stole From Cult","damage_taken":0,"max_hp_gain":0,"max_hp_loss":0,"event_name":"Nest","floor":29,"gold_loss":0}],"is_beta":false,"boss_relics":[{"not_picked":["Cursed Key","Fusion Hammer"],"picked":"Sozu"}],"items_purged_floors":[4,10],"is_endless":false,"potions_floor_spawned":[12,14,16,23],"killed_by":"Centurion and Healer","ascension_level":0}