{"gold_per_floor":[112,127,141,156,171,196,48,48,124,124,151,151,151,177,177,255,305,320,58,58,58,72,72,100,100,100,133,153,11,11,43,43,121,121,140,40,40,56,69,97,152,179,179,211,228,261,278,293,293,293,293],"floor_reached":52,"playtime":4687,"items_purged":["Strike_B","Strike_B","Strike_B+1"],"score":2071,"play_id":"db301dde-bc1f-4623-a506-ee46f03175ed","local_time":"20190308161140","is_ascension_mode":true,"campfire_choices":[{"data":"Fission","floor":8.0,"key":"SMITH"},{"floor":10.0,"key":"REST"},{"floor":12.0,"key":"REST"},{"data":"Self Repair","floor":15.0,"key":"SMITH"},{"data":"Chill","floor":23.0,"key":"SMITH"},{"data":"Static Discharge","floor":25.0,"key":"SMITH"},{"data":"Defragment","floor":32.0,"key":"SMITH"},{"data":"Machine Learning","floor":49,"key":"SMITH"}],"neow_cost":"NONE","seed_source_timestamp":543397237568113,"circlet_count":0,"master_deck":["AscendersBane","Defend_B+1","Defend_B+1","Defend_B+1","Defend_B+1","Zap+1","Dualcast","Fission+1","Gash+1","Melter","Gash+1","Ball Lightning","Leap","Self Repair+1","Gash","Reinforced Body","Biased Cognition","Static Discharge+1","Capacitor","Core Surge","Coolheaded","Chill+1","Defragment","Defragment+1","Heatsinks","Echo Form","Secret Weapon","Flash of Steel","Blind","Loop+1","Machine Learning+1","Coolheaded","Chaos+1"],"special_seed":0,"relics":["Cracked Core","The Courier","Singing Bowl","Emotion Chip","Whetstone","Tiny House","PreservedInsect","Centennial Puzzle","Kunai","Mercury Hourglass","Meat on the Bone","Sozu","Ice Cream","Prayer Wheel","Oddly Smooth Stone","Shuriken","Question Card"],"potions_floor_usage":[],"damage_taken":[{"damage":2.0,"enemies":"2 Louse","floor":1.0,"turns":3.0},{"damage":0.0,"enemies":"Small Slimes","floor":2.0,"turns":4.0},{"damage":7.0,"enemies":"Jaw Worm","floor":3.0,"turns":3.0},{"damage":20.0,"enemies":"Large Slime","floor":4.0,"turns":6.0},{"damage":11.0,"enemies":"2 Fungi Beasts","floor":5.0,"turns":3.0},{"damage":6.0,"enemies":"Lagavulin","floor":6.0,"turns":5.0},{"damage":26.0,"enemies":"3 Sentries","floor":11.0,"turns":7.0},{"damage":6.0,"enemies":"Lagavulin","floor":14.0,"turns":4.0},{"damage":18.0,"enemies":"Hexaghost","floor":16.0,"turns":9.0},{"damage":0.0,"enemies":"Spheric Guardian","floor":18.0,"turns":1.0},{"damage":9.0,"enemies":"Chosen","floor":22.0,"turns":4.0},{"damage":19.0,"enemies":"Book of Stabbing","floor":24.0,"turns":4.0},{"damage":27.0,"enemies":"Slavers","floor":27.0,"turns":3.0},{"damage":11.0,"enemies":"Centurion and Healer","floor":28.0,"turns":5.0},{"damage":23.0,"enemies":"Book of Stabbing","floor":31.0,"turns":3.0},{"damage":32.0,"enemies":"Automaton","floor":33.0,"turns":10.0},{"damage":28.0,"enemies":"3 Darklings","floor":35.0,"turns":5.0},{"damage":15.0,"enemies":"3 Shapes","floor":38.0,"turns":4.0},{"damage":7.0,"enemies":"3 Darklings","floor":39.0,"turns":5.0},{"damage":52.0,"enemies":"Reptomancer","floor":40.0,"turns":8.0},{"damage":36.0,"enemies":"2 Orb Walkers","floor":41.0,"turns":5.0},{"damage":10.0,"enemies":"Giant Head","floor":42.0,"turns":7.0},{"damage":13.0,"enemies":"Nemesis","floor":44.0,"turns":5.0},{"damage":20.0,"enemies":"4 Shapes","floor":45.0,"turns":4.0},{"damage":0.0,"enemies":"Giant Head","floor":46.0,"turns":8.0},{"damage":3.0,"enemies":"Maw","floor":47.0,"turns":6.0},{"damage":4,"enemies":"Writhing Mass","floor":48,"turns":6},{"damage":33,"enemies":"Donu and Deca","floor":50,"turns":12},{"damage":42,"enemies":"Time Eater","floor":51,"turns":19}],"seed_played":"-6097097182203736568","potions_obtained":[{"floor":3.0,"key":"Poison Potion"},{"floor":5.0,"key":"Weak Potion"},{"floor":14.0,"key":"GamblersBrew"},{"floor":17.0,"key":"Energy Potion"},{"floor":18.0,"key":"FearPotion"},{"floor":22.0,"key":"Regen Potion"},{"floor":24.0,"key":"Energy Potion"},{"floor":31.0,"key":"LiquidBronze"}],"is_trial":false,"path_per_floor":["M","M","M","M","M","E","$","R","T","R","E","R","?","E","R","B",null,"M","$","?","?","M","R","E","R","T","E","M","$","?","E","R","B",null,"M","$","?","M","M","E","?","E","T","E","M","E","M","M","R","B","B",null],"character_chosen":"DEFECT","items_purchased":["Gash","Strength Potion","Core Surge","PreservedInsect","Defragment"],"campfire_rested":2,"item_purchase_floors":[7,7,19,19,29],"current_hp_per_floor":[62,62,55,35,24,18,18,18,18,39,22,43,36,37,37,29,67,77,77,77,77,78,78,61,61,61,58,57,57,57,44,44,34,70,64,64,54,73,66,38,26,38,38,39,33,67,68,86,86,73,63],"gold":293,"neow_bonus":"ONE_RANDOM_RARE_CARD","is_prod":false,"is_daily":false,"chose_seed":false,"campfire_upgraded":6,"win_rate":0,"timestamp":1552083100,"path_taken":["M","M","M","M","M","E","$","R","T","R","E","R","?","E","R","BOSS","M","$","?","?","M","R","E","R","T","E","M","$","?","E","R","BOSS","M","$","?","M","M","E","?","E","T","E","M","E","M","M","R","BOSS","BOSS"],"build_version":"2019-01-23","purchased_purges":3,"victory":true,"max_hp_per_floor":[71,71,71,71,71,71,71,71,71,71,73,73,73,73,73,73,78,78,78,78,78,78,78,80,80,80,82,82,82,82,82,82,82,82,84,84,84,86,86,88,90,90,90,92,94,96,100,102,102,102,102],"card_choices":[{"not_picked":["Storm","Reprogram"],"picked":"Gash","floor":1.0},{"not_picked":["Leap","Turbo"],"picked":"Melter","floor":2.0},{"not_picked":["Beam Cell","Ball Lightning"],"picked":"Gash","floor":3.0},{"not_picked":["Rip and Tear","Compile Driver"],"picked":"Ball Lightning","floor":4.0},{"not_picked":["Beam Cell","Undo"],"picked":"Leap","floor":5.0},{"not_picked":["Chill","Sunder"],"picked":"Self Repair","floor":6.0},{"not_picked":["Melter","Leap","Rip and Tear"],"picked":"Singing Bowl","floor":11.0},{"not_picked":["Aggregate","Coolheaded"],"picked":"Reinforced Body","floor":14.0},{"not_picked":["Thunder Strike","Core Surge"],"picked":"Biased Cognition","floor":16.0},{"not_picked":["Sweeping Beam","Go for the Eyes"],"picked":"Static Discharge","floor":17.0},{"not_picked":["Force Field","Rebound"],"picked":"Capacitor","floor":18.0},{"not_picked":["Beam Cell","Ball Lightning"],"picked":"Chill","floor":22.0},{"not_picked":["Scrape","Streamline","Steam Power"],"picked":"Singing Bowl","floor":24.0},{"not_picked":["Leap","FTL","Rebound"],"picked":"Singing Bowl","floor":27.0},{"not_picked":["Sweeping Beam","Conserve Battery"],"picked":"Defragment","floor":28.0},{"not_picked":["Conserve Battery","Leap"],"picked":"Heatsinks","floor":31.0},{"not_picked":["Machine Learning","Buffer"],"picked":"Echo Form","floor":33.0},{"not_picked":["Streamline","Reprogram","Genetic Algorithm"],"picked":"Singing Bowl","floor":35.0},{"not_picked":["HandOfGreed","The Bomb"],"picked":"Secret Weapon","floor":37.0},{"not_picked":["Deep Breath","Jack Of All Trades"],"picked":"Flash of Steel","floor":37.0},{"not_picked":["Dramatic Entrance","Deep Breath"],"picked":"Blind","floor":37.0},{"not_picked":["Steam+1","Go for the Eyes","Blizzard+1"],"picked":"Singing Bowl","floor":38.0},{"not_picked":["Ball Lightning","Hologram+1"],"picked":"Loop+1","floor":39.0},{"not_picked":["Turbo","BootSequence","Go for the Eyes"],"picked":"Singing Bowl","floor":40.0},{"not_picked":["Go for the Eyes","Rebound","Heatsinks"],"picked":"Singing Bowl","floor":41.0},{"not_picked":["Consume","Self Repair+1"],"picked":"Machine Learning","floor":42.0},{"not_picked":["Go for the Eyes","Leap","Streamline"],"picked":"Singing Bowl","floor":44.0},{"not_picked":["Redo","Fusion","Chaos"],"picked":"Singing Bowl","floor":45.0},{"not_picked":["Cold Snap","Sunder"],"picked":"Coolheaded","floor":45.0},{"not_picked":["Go for the Eyes","Redo","Sweeping Beam"],"picked":"Singing Bowl","floor":46.0},{"not_picked":["Go for the Eyes","Streamline+1","Gash","Multi-Cast"],"picked":"Singing Bowl","floor":47},{"not_picked":["Hologram","Beam Cell","Stack","Fusion"],"picked":"Singing Bowl","floor":47},{"not_picked":["Genetic Algorithm","Gash+1","Ball Lightning"],"picked":"Chaos+1","floor":48},{"not_picked":["BootSequence","Steam","Undo","Doom and Gloom"],"picked":"Singing Bowl","floor":48}],"player_experience":712274,"relics_obtained":[{"floor":6.0,"key":"The Courier"},{"floor":9.0,"key":"Singing Bowl"},{"floor":11.0,"key":"Emotion Chip"},{"floor":14.0,"key":"Whetstone"},{"floor":24.0,"key":"Centennial Puzzle"},{"floor":26.0,"key":"Kunai"},{"floor":27.0,"key":"Mercury Hourglass"},{"floor":31.0,"key":"Meat on the Bone"},{"floor":40.0,"key":"Ice Cream"},{"floor":41.0,"key":"Prayer Wheel"},{"floor":42.0,"key":"Oddly Smooth Stone"},{"floor":44.0,"key":"Shuriken"},{"floor":46.0,"key":"Question Card"}],"event_choices":[{"cards_removed":["Strike_B"],"damage_healed":0.0,"max_hp_gain":0.0,"max_hp_loss":0.0,"gold_gain":0.0,"event_name":"Golden Wing","player_choice":"Card Removal","floor":13.0,"gold_loss":0.0,"damage_taken":7.0},{"damage_healed":0.0,"max_hp_gain":0.0,"max_hp_loss":0.0,"gold_gain":0.0,"event_name":"The Library","player_choice":"Read","floor":21.0,"gold_loss":0.0,"damage_taken":0.0,"cards_obtained":["Coolheaded"]},{"damage_healed":0.0,"max_hp_gain":0.0,"max_hp_loss":0.0,"gold_gain":0.0,"event_name":"Back to Basics","player_choice":"Simplicity","floor":30.0,"gold_loss":0.0,"damage_taken":0.0,"cards_upgraded":["Strike_B","Defend_B","Defend_B","Defend_B","Defend_B"]},{"damage_healed":0.0,"max_hp_gain":0.0,"max_hp_loss":0.0,"gold_gain":0.0,"event_name":"SensoryStone","player_choice":"Memory 3","floor":37.0,"gold_loss":0.0,"damage_taken":10.0},{"damage_healed":0.0,"max_hp_gain":0.0,"max_hp_loss":0.0,"gold_gain":0.0,"event_name":"Mysterious Sphere","player_choice":"Fight","floor":41.0,"gold_loss":0.0,"damage_taken":0.0}],"is_beta":false,"boss_relics":[{"not_picked":["Eternal Feather","Cursed Key"],"picked":"Tiny House"},{"not_picked":["Empty Cage","Nuclear Battery"],"picked":"Sozu"}],"items_purged_floors":[7,29,36],"is_endless":false,"potions_floor_spawned":[3,5,14,18,22,24,31,35,38,42,44,46,48],"ascension_level":20}