{"gold_per_floor":[112,62,62,74,361,373,395,407,419,44,75,88,88,106,106,201,201,214,139,139,150,65,65,31,31,83,83,101,101,117,117],"floor_reached":31,"playtime":1397,"items_purged":["Regret"],"score":256,"play_id":"bde5461f-d5c6-4758-9658-27b1cae41059","local_time":"20190207125126","is_ascension_mode":false,"campfire_choices":[{"data":"Deadly Poison","floor":6,"key":"SMITH"},{"data":"Deadly Poison","floor":8,"key":"SMITH"},{"floor":15,"key":"REST"},{"floor":23,"key":"RECALL"},{"data":"Well Laid Plans","floor":25,"key":"SMITH"}],"neow_cost":"NONE","seed_source_timestamp":76584186346956,"circlet_count":0,"master_deck":["Defend_G+1","Defend_G","Defend_G","Defend_G","Defend_G+1","Strike_G","Strike_G","Strike_G","Survivor","Neutralize","Deadly Poison+1","Deadly Poison+1","Deadly Poison+1","Deadly Poison","Cloak And Dagger","Underhanded Strike","Well Laid Plans+1","Tactician","Blur"],"relics":["Ring of the Snake","MawBank","Matryoshka","Orichalcum","HoveringKite","Question Card","Vajra","Blue Candle","MutagenicStrength"],"potions_floor_usage":[18,20],"damage_taken":[{"damage":6,"enemies":"Jaw Worm","floor":1,"turns":5},{"damage":0,"enemies":"Small Slimes","floor":7,"turns":4},{"damage":13,"enemies":"Lagavulin","floor":11,"turns":5},{"damage":0,"enemies":"2 Louse","floor":12,"turns":2},{"damage":0,"enemies":"2 Fungi Beasts","floor":14,"turns":4},{"damage":3,"enemies":"The Guardian","floor":16,"turns":7},{"damage":5,"enemies":"Spheric Guardian","floor":18,"turns":4},{"damage":2,"enemies":"Colosseum Slavers","floor":20,"turns":5},{"damage":2,"enemies":"Chosen","floor":21,"turns":5},{"damage":22,"enemies":"Centurion and Healer","floor":28,"turns":6},{"damage":24,"enemies":"Shelled Parasite and Fungi","floor":30,"turns":6},{"damage":0,"enemies":"Snake Plant","floor":31,"turns":1}],"seed_played":"-4525200173008012308","potions_obtained":[{"floor":11,"key":"Weak Potion"},{"floor":12,"key":"EssenceOfSteel"},{"floor":14,"key":"Fire Potion"},{"floor":30,"key":"Dexterity Potion"}],"is_trial":false,"path_per_floor":["M","?","?","?","?","R","M","R","T","$","E","M","?","M","R","B",null,"M","?","?","M","?","R","$","R","T","?","M","?","M","M"],"character_chosen":"THE_SILENT","items_purchased":["Matryoshka","Deadly Poison","Well Laid Plans"],"campfire_rested":1,"item_purchase_floors":[10,10,24],"current_hp_per_floor":[64,64,52,38,38,38,38,38,38,38,25,25,25,25,46,43,70,65,65,63,61,61,61,61,61,61,61,39,39,15,15],"gold":117,"neow_bonus":"THREE_CARDS","is_prod":false,"is_daily":false,"chose_seed":false,"campfire_upgraded":3,"win_rate":0,"timestamp":1549565486,"path_taken":["M","?","?","?","?","R","M","R","T","$","E","?","?","M","R","BOSS","M","?","?","M","?","R","$","R","T","?","M","?","M","M"],"build_version":"2019-01-23","purchased_purges":1,"victory":false,"max_hp_per_floor":[70,70,70,70,70,70,70,70,70,70,70,70,70,70,70,70,70,70,70,70,70,70,70,70,70,70,70,70,70,70,70],"card_choices":[{"not_picked":["Blade Dance","Underhanded Strike"],"picked":"Deadly Poison","floor":0},{"not_picked":["Dagger Throw","Skewer","Prepared"],"picked":"SKIP","floor":1},{"not_picked":["Underhanded Strike","Backflip"],"picked":"Deadly Poison","floor":7},{"not_picked":["Backflip","After Image"],"picked":"Deadly Poison","floor":11},{"not_picked":["Infinite Blades","Dagger Spray"],"picked":"Calculated Gamble","floor":12},{"not_picked":["Flechettes","Poisoned Stab"],"picked":"Cloak And Dagger","floor":14},{"not_picked":["Choke","Calculated Gamble","Expertise"],"picked":"SKIP","floor":18},{"not_picked":["Blade Dance","Sucker Punch"],"picked":"Underhanded Strike","floor":21},{"not_picked":["Noxious Fumes+1","Choke","Setup"],"picked":"Tactician","floor":28},{"not_picked":["Flying Knee","Phantasmal Killer","Blade Dance"],"picked":"Blur","floor":30}],"player_experience":733269,"relics_obtained":[{"floor":11,"key":"Orichalcum"},{"floor":26,"key":"Vajra"},{"floor":26,"key":"Blue Candle"}],"event_choices":[{"cards_removed":["Strike_G"],"damage_healed":0,"gold_gain":0,"player_choice":"Card Removal","damage_taken":0,"max_hp_gain":0,"max_hp_loss":0,"event_name":"The Cleric","floor":2,"gold_loss":50},{"damage_healed":0,"gold_gain":0,"player_choice":"Success","damage_taken":12,"relics_obtained":["MawBank"],"max_hp_gain":0,"max_hp_loss":0,"event_name":"Scrap Ooze","floor":3,"gold_loss":0},{"damage_healed":0,"gold_gain":0,"player_choice":"Entered Light","damage_taken":14,"max_hp_gain":0,"max_hp_loss":0,"event_name":"Shining Light","floor":4,"gold_loss":0,"cards_upgraded":["Defend_G","Defend_G"]},{"damage_healed":0,"gold_gain":275,"player_choice":"Desecrate","damage_taken":0,"max_hp_gain":0,"max_hp_loss":0,"event_name":"Golden Shrine","floor":5,"gold_loss":0,"cards_obtained":["Regret"]},{"damage_healed":0,"gold_gain":0,"player_choice":"Grow","damage_taken":0,"max_hp_gain":0,"max_hp_loss":0,"event_name":"Living Wall","floor":13,"gold_loss":0,"cards_upgraded":["Deadly Poison"]},{"cards_removed":["Strike_G"],"damage_healed":0,"gold_gain":0,"player_choice":"Gave Gold","damage_taken":0,"max_hp_gain":0,"max_hp_loss":0,"event_name":"Beggar","floor":19,"gold_loss":75},{"damage_healed":0,"gold_gain":0,"player_choice":"Fight","damage_taken":0,"max_hp_gain":0,"max_hp_loss":0,"event_name":"Colosseum","floor":20,"gold_loss":0},{"damage_healed":0,"gold_gain":0,"player_choice":"Fled From Nobs","damage_taken":0,"max_hp_gain":0,"max_hp_loss":0,"event_name":"Colosseum","floor":20,"gold_loss":0},{"damage_healed":0,"gold_gain":0,"player_choice":"Obtained Relic","damage_taken":0,"relics_obtained":["Question Card"],"max_hp_gain":0,"max_hp_loss":0,"event_name":"Addict","floor":22,"gold_loss":85},{"damage_healed":0,"gold_gain":0,"player_choice":"Inject Mutagens","damage_taken":0,"relics_obtained":["MutagenicStrength"],"max_hp_gain":0,"max_hp_loss":0,"event_name":"Drug Dealer","floor":27,"gold_loss":0},{"cards_removed":["Calculated Gamble"],"damage_healed":0,"gold_gain":0,"player_choice":"Elegance","damage_taken":0,"max_hp_gain":0,"max_hp_loss":0,"event_name":"Back to Basics","floor":29,"gold_loss":0}],"is_beta":false,"boss_relics":[{"not_picked":["Astrolabe","Calling Bell"],"picked":"HoveringKite"}],"items_purged_floors":[10],"is_endless":false,"potions_floor_spawned":[11,12,14,30],"killed_by":"Snake Plant","ascension_level":0}