{"gold_per_floor":[144,144,194,239,239,239,64,109,109,109,134,179,224,269,269,569,569,614,529,529,529,529,529,619,619,619,664,709,389,389,470,470,770,770,815,410,455,555,72,162,162,207,232,277,277,322,367,412,412,412],"floor_reached":50,"playtime":5334,"items_purged":[],"score":607,"play_id":"261b7ec6-8b67-401f-9e42-e947ef800294","local_time":"20180722053429","daily_mods":["Allstar","Midas","Lethality"],"is_ascension_mode":false,"campfire_choices":[{"floor":6,"key":"REST"},{"floor":15,"key":"REST"},{"floor":23,"key":"REST"},{"floor":30,"key":"REST"},{"floor":32,"key":"REST"},{"floor":41,"key":"REST"},{"floor":45,"key":"REST"},{"floor":49,"key":"REST"}],"neow_cost":"","seed_source_timestamp":1914100819645304,"circlet_count":0,"master_deck":["Defend_G","Defend_G","Defend_G","Defend_G","Defend_G","Strike_G","Strike_G","Strike_G","Strike_G","Strike_G","Survivor","Neutralize","Secret Technique","Secret Weapon","Apotheosis+1","Finesse","Secret Weapon","Catalyst","Outmaneuver","Underhanded Strike","Neutralize","Deflect","Terror","Deadly Poison","Well Laid Plans","Dagger Spray","Venomology","Accuracy","Bouncing Flask","Underhanded Strike","Terror","Venomology","Poisoned Stab+1","Riddle With Holes","Deadly Poison+1","Malaise","Bane+1","Well Laid Plans","Noxious Fumes","Dagger Spray+1","Deadly Poison+1","Well Laid Plans+1","Noxious Fumes","Distraction","Poisoned Stab","Envenom","Bandage Up","Choke","After Image","Blade Dance","Choke+1","Catalyst+1","Noxious Fumes+1","Blade Dance","Expertise+1","Deadly Poison","Backstab+1","Outmaneuver+1"],"special_seed":17734,"relics":["Ring of the Snake","Pen Nib","Juzu Bracelet","Blood Vial","Bronze Scales","Philosopher\u0027s Stone","Omamori","Necronomicon","Dream Catcher","Regal Pillow","DollysMirror","Tiny Chest","Red Mask","Orrery","Toy Ornithopter","Ancient Tea Set","Ninja Scroll","Bag of Preparation"],"potions_floor_usage":[16,16,24,27,27,31,31,33,33,33,33,35,37,37,37,40,40,40,48,50,50,50,50],"damage_taken":[{"damage":0,"enemies":"Jaw Worm","floor":1,"turns":4},{"damage":0,"enemies":"2 Louse","floor":4,"turns":2},{"damage":0,"enemies":"Cultist","floor":8,"turns":2},{"damage":0,"enemies":"2 Fungi Beasts","floor":12,"turns":3},{"damage":2,"enemies":"Lots of Slimes","floor":13,"turns":2},{"damage":2,"enemies":"Exordium Wildlife","floor":14,"turns":2},{"damage":21,"enemies":"The Guardian","floor":16,"turns":5},{"damage":12,"enemies":"Shell Parasite","floor":18,"turns":3},{"damage":29,"enemies":"Gremlin Leader","floor":24,"turns":6},{"damage":3,"enemies":"3 Byrds","floor":27,"turns":5},{"damage":0,"enemies":"3 Cultists","floor":28,"turns":4},{"damage":8,"floor":31,"turns":3},{"damage":45,"enemies":"Automaton","floor":33,"turns":6},{"damage":23,"enemies":"3 Darklings","floor":35,"turns":4},{"damage":12,"enemies":"3 Shapes","floor":37,"turns":7},{"damage":6,"enemies":"2 Orb Walkers","floor":40,"turns":3},{"damage":0,"enemies":"Spire Growth","floor":42,"turns":2},{"damage":19,"enemies":"Maw","floor":44,"turns":5},{"damage":0,"enemies":"4 Shapes","floor":46,"turns":6},{"damage":4,"enemies":"3 Darklings","floor":47,"turns":4},{"damage":3,"enemies":"Transient","floor":48,"turns":5},{"damage":102,"enemies":"Donu and Deca","floor":50,"turns":6}],"seed_played":"-8213505433300872967","potions_obtained":[{"floor":4,"key":"Weak Potion"},{"floor":13,"key":"GamblersBrew"},{"floor":16,"key":"LiquidBronze"},{"floor":18,"key":"Dexterity Potion"},{"floor":24,"key":"Poison Potion"},{"floor":27,"key":"Regen Potion"},{"floor":35,"key":"Block Potion"},{"floor":37,"key":"Strength Potion"},{"floor":44,"key":"Swift Potion"}],"is_trial":false,"path_per_floor":["M","?","T","M","?","R","$","M","T","$","T","M","M","M","R","B",null,"M","?","?","?","?","R","E","?","T","M","M","$","R","?","R","B",null,"M","$","M","?","$","E","R","M","T","M","R","M","M","M","R"],"character_chosen":"THE_SILENT","items_purchased":["Juzu Bracelet","Deflect","DollysMirror","Tiny Chest","Toy Ornithopter","Noxious Fumes","Distraction","Strength Potion","Poisoned Stab","Bandage Up","Choke","After Image","Ancient Tea Set"],"campfire_rested":8,"item_purchase_floors":[7,7,29,29,36,36,36,36,36,39,39,39,39],"current_hp_per_floor":[70,70,70,70,70,70,70,70,70,70,70,70,68,68,70,49,70,58,58,58,45,29,51,24,24,24,23,25,25,62,61,75,30,75,52,52,51,51,51,56,75,75,75,56,75,75,71,75,75,0],"gold":412,"neow_bonus":"","is_prod":false,"is_daily":true,"chose_seed":false,"campfire_upgraded":0,"win_rate":0,"timestamp":1532234069,"path_taken":["M","?","?","?","?","R","$","M","T","$","?","M","M","M","R","BOSS","M","?","?","?","?","R","E","?","T","M","M","?","R","?","R","BOSS","M","$","M","?","$","E","R","M","T","M","R","M","M","M","R","BOSS"],"build_version":"2018-07-19v2","purchased_purges":0,"victory":false,"max_hp_per_floor":[70,70,70,70,70,70,70,70,70,70,70,70,70,70,70,70,70,70,70,70,75,75,75,75,75,75,75,75,75,75,75,75,75,75,75,75,75,75,75,75,75,75,75,75,75,75,75,75,75,75],"card_choices":[{"not_picked":["Dagger Throw","Dodge and Roll"],"picked":"Catalyst","floor":1},{"not_picked":["Bouncing Flask","Underhanded Strike"],"picked":"Outmaneuver","floor":4},{"not_picked":["Blur","Footwork"],"picked":"Terror","floor":8},{"not_picked":["Underhanded Strike","Reflex"],"picked":"Deadly Poison","floor":12},{"not_picked":["Slice","Underhanded Strike"],"picked":"Well Laid Plans","floor":13},{"not_picked":["Doppelganger","Underhanded Strike"],"picked":"Dagger Spray","floor":14},{"not_picked":["Unload","Doppelganger"],"picked":"Venomology","floor":16},{"not_picked":["Masterful Stab+1","Prepared"],"picked":"Accuracy","floor":18},{"not_picked":["Dagger Throw","Caltrops"],"picked":"Bouncing Flask","floor":24},{"not_picked":["Flying Knee","Sucker Punch+1"],"picked":"Underhanded Strike","floor":27},{"not_picked":["Predator","Reflex+1"],"picked":"Terror","floor":28},{"not_picked":["Acrobatics","Slice"],"picked":"Poisoned Stab+1","floor":30},{"not_picked":["Eviscerate","Dagger Throw"],"picked":"Riddle With Holes","floor":31},{"not_picked":["Poisoned Stab","Cloak And Dagger"],"picked":"Deadly Poison+1","floor":32},{"not_picked":["Storm of Steel","Unload"],"picked":"Malaise","floor":33},{"not_picked":["Acrobatics","PiercingWail"],"picked":"Bane+1","floor":34},{"not_picked":["Tactician","PiercingWail"],"picked":"Well Laid Plans","floor":34},{"not_picked":["Eviscerate","Backflip"],"picked":"Noxious Fumes","floor":34},{"not_picked":["Slice+1","Sucker Punch+1"],"picked":"Dagger Spray+1","floor":34},{"not_picked":["Dodge and Roll","All Out Attack"],"picked":"Deadly Poison+1","floor":34},{"not_picked":["Sucker Punch+1","Dodge and Roll"],"picked":"Well Laid Plans+1","floor":35},{"not_picked":["Poisoned Stab","Slice"],"picked":"Envenom","floor":37},{"not_picked":["PiercingWail","Caltrops"],"picked":"Blade Dance","floor":40},{"not_picked":["Sucker Punch+1","Acrobatics+1"],"picked":"Choke+1","floor":41},{"not_picked":["Calculated Gamble+1","Underhanded Strike+1"],"picked":"Catalyst+1","floor":42},{"not_picked":["Outmaneuver","Reflex+1"],"picked":"Noxious Fumes+1","floor":44},{"not_picked":["PiercingWail+1","Dash+1"],"picked":"Blade Dance","floor":45},{"not_picked":["Dagger Throw+1","Predator"],"picked":"Expertise+1","floor":46},{"not_picked":["Eviscerate","Escape Plan"],"picked":"Deadly Poison","floor":47},{"not_picked":["Acrobatics+1","Noxious Fumes"],"picked":"Backstab+1","floor":48},{"not_picked":["Riddle With Holes","Cloak And Dagger"],"picked":"Outmaneuver+1","floor":49}],"player_experience":165021,"relics_obtained":[{"floor":3,"key":"Pen Nib"},{"floor":9,"key":"Blood Vial"},{"floor":11,"key":"Bronze Scales"},{"floor":22,"key":"Necronomicon"},{"floor":24,"key":"Dream Catcher"},{"floor":26,"key":"Regal Pillow"},{"floor":31,"key":"Red Mask"},{"floor":40,"key":"Ninja Scroll"},{"floor":43,"key":"Bag of Preparation"}],"event_choices":[{"event_name":"Living Wall","player_choice":"Grow","floor":2,"damage_taken":0},{"event_name":"Match and Keep!","player_choice":"2 cards matched","floor":5,"damage_taken":0},{"event_name":"Addict","player_choice":"Obtained Relic","floor":19,"damage_taken":0},{"event_name":"Ghosts","player_choice":"Ignored","floor":20,"damage_taken":0},{"event_name":"Forgotten Altar","player_choice":"Shed Blood","floor":21,"damage_taken":0},{"event_name":"Cursed Tome","player_choice":"Obtained Book","floor":22,"damage_taken":0},{"event_name":"Vampires","player_choice":"Ignored","floor":25,"damage_taken":0},{"event_name":"Masked Bandits","player_choice":"Fought over 389 gold","floor":31,"damage_taken":0},{"event_name":"Golden Shrine","player_choice":"Pray","floor":38,"damage_taken":0}],"is_beta":false,"boss_relics":[{"not_picked":["Calling Bell","Empty Cage"],"picked":"Philosopher\u0027s Stone"},{"not_picked":["Black Star","Eternal Feather"],"picked":"Orrery"}],"items_purged_floors":[],"is_endless":false,"potions_floor_spawned":[4,13,16,18,24,27,35,37,44],"killed_by":"Donu and Deca","ascension_level":0}