{"gold_per_floor":[129,129,129,184,219,219,269,304,379,379,329,384,384,399,399,499,499,514,14,14,29,84,134,169,169,169,184,184,184,219,254,254,374,374,389,389,103,118,118,118,133,251,276,276,326,75,125,140,140,140],"floor_reached":51,"playtime":3525,"items_purged":["Doubt","Injury","Shame"],"score":768,"play_id":"b0978114-210d-4065-a02f-2ffb4857e011","local_time":"20180925152308","daily_mods":["Allstar","Cursed Run","Terminal"],"is_ascension_mode":false,"campfire_choices":[{"data":"Flex","floor":6,"key":"SMITH"},{"data":"Exhume","floor":10,"key":"SMITH"},{"data":"Bash","floor":13,"key":"SMITH"},{"data":"Disarm","floor":15,"key":"SMITH"},{"floor":25,"key":"REST"},{"data":"Flex","floor":28,"key":"SMITH"},{"floor":32,"key":"REST"},{"floor":40,"key":"REST"},{"data":"Exhume","floor":44,"key":"SMITH"},{"data":"Fiend Fire","floor":49,"key":"SMITH"}],"neow_cost":"","seed_source_timestamp":0,"circlet_count":0,"master_deck":["Strike_R","Strike_R","Strike_R","Defend_R+1","Defend_R","Defend_R","Defend_R","Bash+1","HandOfGreed+1","Dramatic Entrance","Magnetism+1","Forethought","Master of Strategy","Feel No Pain","Headbutt","Flex+1","Clothesline","Exhume+1","Disarm+1","Fiend Fire+1","Fire Breathing","Rage","Clash+1","Heavy Blade+1","Flex+1","Metallicize","Feel No Pain+1","Magnetism+1","Shrug It Off+1","Dropkick+1","Limit Break+1","Hemokinesis+1","Carnage","Evolve+1","Iron Wave+1","Shockwave","Exhume+1","Feel No Pain+1","Inflame+1","Decay"],"special_seed":17799,"relics":["Cursed Key","Darkstone Periapt","Du-Vu Doll","Strawberry","Gremlin Horn","Philosopher\u0027s Stone","Shuriken","Turnip","Frozen Egg 2","Astrolabe","War Paint","SsserpentHead","Bird Faced Urn","Lantern","Spirit Poop"],"potions_floor_usage":[21,23,23,33,33,33,50,50,50],"damage_taken":[{"damage":0,"enemies":"Jaw Worm","floor":1,"turns":3},{"damage":0,"enemies":"Small Slimes","floor":4,"turns":4},{"damage":0,"enemies":"2 Louse","floor":5,"turns":2},{"damage":3,"enemies":"Lagavulin","floor":7,"turns":5},{"damage":0,"enemies":"Exordium Thugs","floor":8,"turns":4},{"damage":1,"enemies":"Large Slime","floor":12,"turns":5},{"damage":5,"enemies":"Looter","floor":14,"turns":2},{"damage":0,"enemies":"Hexaghost","floor":16,"turns":10},{"damage":19,"enemies":"Spheric Guardian","floor":18,"turns":4},{"damage":8,"enemies":"Shell Parasite","floor":21,"turns":3},{"damage":2,"enemies":"Chosen and Byrds","floor":22,"turns":5},{"damage":50,"enemies":"Slavers","floor":23,"turns":7},{"damage":0,"enemies":"Centurion and Healer","floor":24,"turns":5},{"damage":0,"enemies":"3 Cultists","floor":27,"turns":3},{"damage":42,"enemies":"Snake Plant","floor":30,"turns":3},{"damage":19,"enemies":"Shelled Parasite and Fungi","floor":31,"turns":5},{"damage":17,"enemies":"Collector","floor":33,"turns":8},{"damage":13,"enemies":"3 Darklings","floor":35,"turns":3},{"damage":23,"enemies":"Orb Walker","floor":38,"turns":3},{"damage":15,"enemies":"Sphere and 2 Shapes","floor":41,"turns":6},{"damage":0,"enemies":"Mysterious Sphere","floor":42,"turns":2},{"damage":0,"enemies":"Maw","floor":48,"turns":9},{"damage":84,"enemies":"Awakened One","floor":50,"turns":9}],"seed_played":"-3656457146817088839","potions_obtained":[{"floor":4,"key":"FairyPotion"},{"floor":7,"key":"Regen Potion"},{"floor":8,"key":"Explosive Potion"},{"floor":21,"key":"Regen Potion"},{"floor":23,"key":"LiquidBronze"},{"floor":30,"key":"Block Potion"},{"floor":31,"key":"EssenceOfSteel"},{"floor":33,"key":"Strength Potion"}],"is_trial":false,"path_per_floor":["M","?","?","M","M","R","E","M","T","R","?","M","R","M","R","B",null,"M","$","?","M","M","E","M","R","T","M","R","?","M","M","R","B",null,"M","?","$","M","?","R","M","?","T","R","?","$","?","M","R","B"],"character_chosen":"IRONCLAD","items_purchased":["Shuriken","Rage","Fruit Juice","War Paint","Evolve+1","Feel No Pain+1","SteroidPotion","Strength Potion"],"campfire_rested":3,"item_purchase_floors":[19,19,19,37,37,46,46,46],"current_hp_per_floor":[78,77,76,75,74,73,77,77,83,82,81,80,79,74,74,80,81,62,62,62,63,61,31,31,54,60,60,60,60,18,7,30,19,93,80,80,80,57,57,83,68,68,74,74,74,74,74,82,81,15],"gold":140,"neow_bonus":"","is_prod":false,"is_daily":true,"chose_seed":false,"campfire_upgraded":7,"win_rate":0,"timestamp":1537885388,"path_taken":["M","?","?","M","M","R","E","M","T","R","?","?","R","M","R","BOSS","M","$","?","M","M","E","M","R","T","?","R","?","M","M","R","BOSS","M","?","$","M","?","R","M","?","T","R","?","?","?","M","R","BOSS"],"build_version":"2018-09-20","purchased_purges":3,"victory":true,"max_hp_per_floor":[78,77,76,75,74,73,79,78,83,82,81,80,79,78,77,82,81,80,79,78,77,76,80,79,78,83,82,81,80,79,78,77,82,93,92,91,90,89,88,87,86,85,90,89,88,87,83,82,81,86],"card_choices":[{"not_picked":["Iron Wave","Anger"],"picked":"Feel No Pain","floor":1},{"not_picked":["True Grit","Power Through"],"picked":"Headbutt","floor":4},{"not_picked":["Anger","Warcry"],"picked":"Flex","floor":5},{"not_picked":["Body Slam","Havoc"],"picked":"Clothesline","floor":7},{"not_picked":["Heavy Blade","Hemokinesis"],"picked":"Exhume","floor":8},{"not_picked":["Wild Strike","Armaments","True Grit"],"picked":"SKIP","floor":12},{"not_picked":["Uppercut","Wild Strike"],"picked":"Disarm","floor":14},{"not_picked":["Offering","Exhume"],"picked":"Fiend Fire","floor":16},{"not_picked":["Anger","Blood for Blood+1"],"picked":"Fire Breathing","floor":18},{"not_picked":["Havoc","Sword Boomerang"],"picked":"Clash+1","floor":21},{"not_picked":["Sword Boomerang","Clothesline"],"picked":"Heavy Blade+1","floor":22},{"not_picked":["Body Slam","Reckless Charge"],"picked":"Flex","floor":23},{"not_picked":["Power Through","Battle Trance+1"],"picked":"Metallicize","floor":24},{"not_picked":["Blood for Blood","Offering"],"picked":"Feel No Pain+1","floor":27},{"not_picked":["Second Wind","Power Through"],"picked":"Shrug It Off+1","floor":30},{"not_picked":["True Grit","Body Slam"],"picked":"Dropkick+1","floor":31},{"not_picked":["Feed","Double Tap"],"picked":"Limit Break","floor":33},{"not_picked":["True Grit+1","Twin Strike"],"picked":"Carnage","floor":35},{"not_picked":["Sword Boomerang+1","Armaments+1"],"picked":"Iron Wave+1","floor":38},{"not_picked":["Dual Wield","Pommel Strike+1"],"picked":"Shockwave","floor":41},{"not_picked":["Sword Boomerang+1","Perfected Strike"],"picked":"Exhume","floor":42},{"not_picked":["Corruption+1","Twin Strike"],"picked":"Inflame+1","floor":48}],"player_experience":545758,"relics_obtained":[{"floor":7,"key":"Strawberry"},{"floor":9,"key":"Gremlin Horn"},{"floor":23,"key":"Turnip"},{"floor":26,"key":"Frozen Egg 2"},{"floor":42,"key":"Bird Faced Urn"},{"floor":43,"key":"Lantern"}],"event_choices":[{"event_name":"Living Wall","player_choice":"Grow","floor":2,"damage_taken":0},{"event_name":"Accursed Blacksmith","player_choice":"Forge","floor":3,"damage_taken":0},{"event_name":"The Cleric","player_choice":"Card Removal","floor":11,"damage_taken":0},{"event_name":"Ghosts","player_choice":"Ignored","floor":20,"damage_taken":0},{"event_name":"Duplicator","player_choice":"One dupe","floor":29,"damage_taken":0},{"event_name":"Tomb of Lord Red Mask","player_choice":"Ignored","floor":36,"damage_taken":0},{"event_name":"FaceTrader","player_choice":"Trade","floor":39,"damage_taken":0},{"event_name":"Mysterious Sphere","player_choice":"Fight","floor":42,"damage_taken":0},{"event_name":"Falling","player_choice":"Removed Attack","floor":45,"damage_taken":0},{"event_name":"Bonfire Elementals","player_choice":"CURSE","floor":47,"damage_taken":0}],"is_beta":false,"boss_relics":[{"not_picked":["Mark of Pain","Runic Dome"],"picked":"Philosopher\u0027s Stone"},{"not_picked":["Coffee Dripper","Fusion Hammer"],"picked":"Astrolabe"}],"items_purged_floors":[19,37,46],"is_endless":false,"potions_floor_spawned":[4,7,8,12,21,22,23,30,31,33,48],"ascension_level":0}