{"gold_per_floor":[118,268,282,5,24,24,56,76,76,88,100],"floor_reached":11,"playtime":396,"items_purged":["Doubt"],"score":142,"play_id":"5c253994-e17a-4031-9e24-c4ac55f2e3df","local_time":"20190313133632","is_ascension_mode":true,"campfire_choices":[{"data":"Inflame","floor":6.0,"key":"SMITH"}],"neow_cost":"NONE","seed_source_timestamp":967329404781347,"circlet_count":0,"master_deck":["AscendersBane","Strike_R","Strike_R","Strike_R","Strike_R","Strike_R","Defend_R","Defend_R+1","Defend_R","Defend_R","Bash+1","Wild Strike","Inflame+1","Reckless Charge+1","Twin Strike","Cleave"],"special_seed":0,"relics":["Burning Blood","Membership Card","Darkstone Periapt","Odd Mushroom","MawBank"],"potions_floor_usage":[],"damage_taken":[{"damage":1.0,"enemies":"Cultist","floor":1.0,"turns":3.0},{"damage":1.0,"enemies":"2 Louse","floor":3.0,"turns":3.0},{"damage":7.0,"enemies":"Small Slimes","floor":5.0,"turns":3.0},{"damage":42.0,"enemies":"3 Sentries","floor":7.0,"turns":9.0},{"damage":12.0,"enemies":"The Mushroom Lair","floor":8.0,"turns":4.0},{"damage":10,"enemies":"Lagavulin","floor":11,"turns":2}],"seed_played":"-8503990302916313448","potions_obtained":[{"floor":5.0,"key":"BloodPotion"},{"floor":7.0,"key":"Energy Potion"}],"is_trial":false,"path_per_floor":["M","?","M","$","M","R","E","?","T","?","E"],"character_chosen":"IRONCLAD","items_purchased":["Membership Card","SteroidPotion"],"campfire_rested":0,"item_purchase_floors":[4,4],"current_hp_per_floor":[73,73,75,75,74,74,38,32,32,9,0],"gold":100,"neow_bonus":"UPGRADE_CARD","is_prod":false,"is_daily":false,"chose_seed":false,"campfire_upgraded":1,"win_rate":0,"timestamp":1552502192,"path_taken":["M","?","M","$","M","R","E","?","T","?","E"],"build_version":"2019-01-23","purchased_purges":1,"victory":false,"max_hp_per_floor":[75,75,75,75,75,75,75,75,75,75,75],"card_choices":[{"not_picked":["Heavy Blade","Entrench"],"picked":"Wild Strike","floor":1.0},{"not_picked":["Intimidate","Burning Pact"],"picked":"Inflame","floor":3.0},{"not_picked":["Hemokinesis","Rage"],"picked":"Reckless Charge","floor":5.0},{"not_picked":["Searing Blow","Headbutt"],"picked":"Twin Strike","floor":7.0},{"not_picked":["Flex","Rage"],"picked":"Cleave","floor":8.0}],"player_experience":766856,"relics_obtained":[{"floor":7.0,"key":"Darkstone Periapt"},{"floor":8.0,"key":"Odd Mushroom"},{"floor":9.0,"key":"MawBank"}],"event_choices":[{"damage_healed":0.0,"max_hp_gain":0.0,"max_hp_loss":0.0,"gold_gain":150.0,"event_name":"Liars Game","player_choice":"AGREE","floor":2.0,"gold_loss":0.0,"damage_taken":0.0,"cards_obtained":["Doubt"]},{"damage_healed":0.0,"max_hp_gain":0.0,"max_hp_loss":0.0,"gold_gain":0.0,"event_name":"Mushrooms","player_choice":"Fought Mushrooms","floor":8.0,"gold_loss":0.0,"damage_taken":0.0},{"damage_healed":0.0,"max_hp_gain":0.0,"max_hp_loss":0.0,"gold_gain":0.0,"event_name":"Shining Light","player_choice":"Entered Light","floor":10.0,"gold_loss":0.0,"damage_taken":23.0,"cards_upgraded":["Defend_R","Reckless Charge"]}],"is_beta":false,"boss_relics":[],"items_purged_floors":[4],"is_endless":false,"potions_floor_spawned":[5,7],"killed_by":"Lagavulin","ascension_level":20}