{"gold_per_floor":[119,219,90,105,120,152,152,162,189,209,240,253,280,280,280,358,408,422,422,422,422,14,14,39,39,39,70,87,87,87,18,18,18],"floor_reached":33,"playtime":2574,"items_purged":["Defend_R","Strike_R"],"score":622,"play_id":"d65f16d6-6da9-4588-b072-fd947606d427","local_time":"20190202173013","is_ascension_mode":true,"campfire_choices":[{"data":"Metallicize","floor":7.0,"key":"SMITH"},{"data":"Immolate","floor":15.0,"key":"SMITH"},{"floor":23.0,"key":"REST"},{"data":"RitualDagger","floor":30.0,"key":"SMITH"},{"floor":32.0,"key":"REST"}],"neow_cost":"NONE","seed_source_timestamp":1641636252206877,"circlet_count":0,"master_deck":["AscendersBane","Defend_R","Defend_R","Defend_R","Bash","Immolate+1","True Grit","Armaments+1","Shrug It Off","Metallicize+1","Uppercut","Battle Trance","Disarm","RitualDagger+1","Bite","Bite","Bite","Bite","Bite","Metallicize","Shrug It Off"],"special_seed":0,"relics":["Burning Blood","Ancient Tea Set","Bag of Marbles","Sundial","Tiny House","Bottled Tornado","PreservedInsect","Anchor","Paper Frog","Ice Cream","Dream Catcher","Shuriken"],"potions_floor_usage":[33],"damage_taken":[{"damage":0.0,"enemies":"2 Louse","floor":1.0,"turns":1.0},{"damage":0.0,"enemies":"Cultist","floor":4.0,"turns":3.0},{"damage":1.0,"enemies":"Small Slimes","floor":5.0,"turns":3.0},{"damage":42.0,"enemies":"Lagavulin","floor":6.0,"turns":8.0},{"damage":0.0,"enemies":"Blue Slaver","floor":8.0,"turns":5.0},{"damage":0.0,"enemies":"2 Fungi Beasts","floor":10.0,"turns":1.0},{"damage":20.0,"enemies":"Gremlin Nob","floor":11.0,"turns":4.0},{"damage":3.0,"enemies":"Gremlin Gang","floor":12.0,"turns":3.0},{"damage":12.0,"enemies":"Lagavulin","floor":13.0,"turns":6.0},{"damage":0.0,"enemies":"Slime Boss","floor":16.0,"turns":6.0},{"damage":15.0,"enemies":"Spheric Guardian","floor":18.0,"turns":4.0},{"damage":25.0,"enemies":"Gremlin Leader","floor":24.0,"turns":7.0},{"damage":53.0,"enemies":"Book of Stabbing","floor":27.0,"turns":10.0},{"damage":5.0,"enemies":"Chosen","floor":28.0,"turns":7.0},{"damage":140,"enemies":"Champ","floor":33,"turns":19}],"seed_played":"3270174686913281175","potions_obtained":[{"floor":6.0,"key":"Strength Potion"},{"floor":10.0,"key":"SteroidPotion"},{"floor":11.0,"key":"Energy Potion"},{"floor":13.0,"key":"Fire Potion"},{"floor":16.0,"key":"EssenceOfSteel"},{"floor":17.0,"key":"Fruit Juice"},{"floor":18.0,"key":"Poison Potion"},{"floor":28.0,"key":"Block Potion"}],"is_trial":false,"path_per_floor":["M","?","$","M","M","E","R","M","T","M","E","M","E","?","R","B",null,"M","?","?","T","$","R","E","?","T","E","M","?","R","$","R","B"],"character_chosen":"IRONCLAD","items_purchased":["Armaments","PreservedInsect","Anchor","Metallicize"],"campfire_rested":2,"item_purchase_floors":[3,22,22,31],"current_hp_per_floor":[74,74,74,75,75,39,39,45,45,53,41,46,42,67,67,75,85,76,76,70,70,70,85,66,66,66,44,63,63,63,63,85,0],"gold":18,"neow_bonus":"ONE_RANDOM_RARE_CARD","is_prod":false,"is_daily":false,"chose_seed":false,"campfire_upgraded":3,"win_rate":0,"timestamp":1549150213,"path_taken":["M","?","$","M","M","E","R","?","T","M","E","M","E","?","R","BOSS","M","?","?","?","$","R","E","?","T","E","M","?","R","$","R","BOSS"],"build_version":"2019-01-23","purchased_purges":2,"victory":false,"max_hp_per_floor":[75,75,75,75,75,75,75,75,75,75,75,75,75,75,75,75,85,85,85,85,85,85,85,85,85,85,85,85,85,85,85,85,85],"card_choices":[{"not_picked":["Pommel Strike","Wild Strike"],"picked":"True Grit","floor":1.0},{"not_picked":["Body Slam","Thunderclap"],"picked":"Shrug It Off","floor":4.0},{"not_picked":["Corruption","Pommel Strike"],"picked":"Metallicize","floor":5.0},{"not_picked":["Brutality","Iron Wave","Pummel"],"picked":"SKIP","floor":6.0},{"not_picked":["Sever Soul","Cleave","Thunderclap"],"picked":"SKIP","floor":8.0},{"not_picked":["Anger","Wild Strike"],"picked":"Uppercut","floor":10.0},{"not_picked":["Rage","Sword Boomerang","True Grit"],"picked":"SKIP","floor":11.0},{"not_picked":["Cleave","Power Through"],"picked":"Battle Trance","floor":12.0},{"not_picked":["Spot Weakness","Thunderclap","Twin Strike"],"picked":"SKIP","floor":13.0},{"not_picked":["Perfected Strike","Second Wind"],"picked":"Disarm","floor":18.0},{"not_picked":["Perfected Strike","Flex","Carnage"],"picked":"SKIP","floor":24.0},{"not_picked":["Corruption","Headbutt","Power Through+1"],"picked":"SKIP","floor":27.0},{"not_picked":["Second Wind+1","Headbutt","Sword Boomerang"],"picked":"SKIP","floor":28.0},{"not_picked":["Anger","Armaments"],"picked":"Shrug It Off","floor":32.0}],"player_experience":684692,"relics_obtained":[{"floor":6.0,"key":"Ancient Tea Set"},{"floor":9.0,"key":"Blood Vial"},{"floor":11.0,"key":"Bag of Marbles"},{"floor":13.0,"key":"Sundial"},{"floor":21.0,"key":"Bottled Tornado"},{"floor":24.0,"key":"Paper Frog"},{"floor":26.0,"key":"Ice Cream"},{"floor":27.0,"key":"Dream Catcher"},{"floor":29.0,"key":"Shuriken"}],"event_choices":[{"damage_healed":0.0,"max_hp_gain":0.0,"max_hp_loss":0.0,"gold_gain":100.0,"event_name":"Golden Shrine","player_choice":"Pray","floor":2.0,"gold_loss":0.0,"damage_taken":0.0},{"damage_healed":25.0,"max_hp_gain":0.0,"max_hp_loss":0.0,"gold_gain":0.0,"event_name":"Big Fish","player_choice":"Banana","floor":14.0,"gold_loss":0.0,"damage_taken":0.0},{"cards_removed":["Strike_R"],"damage_healed":0.0,"max_hp_gain":0.0,"max_hp_loss":0.0,"gold_gain":0.0,"event_name":"Back to Basics","player_choice":"Elegance","floor":19.0,"gold_loss":0.0,"damage_taken":0.0},{"damage_healed":0.0,"max_hp_gain":0.0,"max_hp_loss":0.0,"gold_gain":0.0,"event_name":"Nest","player_choice":"Joined the Cult","floor":20.0,"gold_loss":0.0,"damage_taken":6.0,"cards_obtained":["RitualDagger"]},{"damage_healed":0.0,"max_hp_gain":0.0,"max_hp_loss":0.0,"gold_gain":0.0,"event_name":"Vampires","player_choice":"Became a vampire (Vial)","floor":25.0,"relics_lost":["Blood Vial"],"gold_loss":0.0,"damage_taken":0.0,"cards_obtained":["Bite","Bite","Bite","Bite","Bite"]},{"damage_healed":0.0,"max_hp_gain":0.0,"max_hp_loss":0.0,"gold_gain":0.0,"event_name":"Wheel of Change","player_choice":"Relic","floor":29.0,"gold_loss":0.0,"damage_taken":0.0}],"is_beta":false,"boss_relics":[{"not_picked":["Eternal Feather","Astrolabe"],"picked":"Tiny House"}],"items_purged_floors":[3,22],"is_endless":false,"potions_floor_spawned":[6,10,11,13,16,18,28],"killed_by":"Champ","ascension_level":14}