{"gold_per_floor":[365,365,379,282,302,332,8,35,35,35,46,46,66,101,101,175,175,187,207,132,148,148,148,148,181,181,32,32,42,42,61,61,140,140,159,159,172,186,100,100,126,138,138,138,38,38,71,83,83,83],"floor_reached":51,"playtime":3972,"items_purged":["Strike_R","Writhe"],"score":1491,"play_id":"baa76100-9c7a-4cbd-a299-dff835e3cf2e","local_time":"20190327164035","is_ascension_mode":true,"campfire_choices":[{"floor":12.0,"key":"REST"},{"data":"Armaments","floor":15.0,"key":"SMITH"},{"data":"Whirlwind","floor":23.0,"key":"SMITH"},{"data":"Offering","floor":28.0,"key":"SMITH"},{"data":"Metallicize","floor":30.0,"key":"SMITH"},{"data":"Shockwave","floor":32.0,"key":"SMITH"},{"data":"Uppercut","floor":40.0,"key":"SMITH"},{"data":"Heavy Blade","floor":46.0,"key":"SMITH"},{"data":"Shrug It Off","floor":49,"key":"SMITH"}],"neow_cost":"TEN_PERCENT_HP_LOSS","seed_source_timestamp":2707452413931,"circlet_count":0,"master_deck":["AscendersBane","Defend_R","Defend_R","Defend_R","Bash","Uppercut+1","Armaments+1","Flame Barrier","Shrug It Off+1","Feed","Whirlwind+1","Metallicize+1","Shrug It Off","Spot Weakness","Reaper","Headbutt","Bite+1","Bite","Bite+1","Bite","True Grit+1","Offering+1","Limit Break","Shockwave+1","Double Tap","Shrug It Off+1","Impervious","Heavy Blade+1","Warcry+1"],"special_seed":0,"relics":["Burning Blood","Strawberry","Lantern","Darkstone Periapt","Bronze Scales","Sozu","Bag of Preparation","Pear","Empty Cage","Incense Burner","Paper Frog","Whetstone"],"potions_floor_usage":[],"damage_taken":[{"damage":5.0,"enemies":"Small Slimes","floor":1.0,"turns":4.0},{"damage":11.0,"enemies":"Jaw Worm","floor":3.0,"turns":5.0},{"damage":1.0,"enemies":"2 Louse","floor":5.0,"turns":3.0},{"damage":47.0,"enemies":"Gremlin Nob","floor":6.0,"turns":6.0},{"damage":23.0,"enemies":"Lagavulin","floor":8.0,"turns":10.0},{"damage":0.0,"enemies":"Exordium Thugs","floor":11.0,"turns":4.0},{"damage":0.0,"enemies":"Large Slime","floor":13.0,"turns":5.0},{"damage":4.0,"enemies":"3 Sentries","floor":14.0,"turns":11.0},{"damage":38.0,"enemies":"Hexaghost","floor":16.0,"turns":14.0},{"damage":11.0,"enemies":"Chosen","floor":18.0,"turns":7.0},{"damage":3.0,"enemies":"Shell Parasite","floor":19.0,"turns":12.0},{"damage":43.0,"enemies":"Cultist and Chosen","floor":21.0,"turns":7.0},{"damage":61.0,"enemies":"Book of Stabbing","floor":25.0,"turns":6.0},{"damage":14.0,"enemies":"Chosen and Byrds","floor":29.0,"turns":6.0},{"damage":11.0,"enemies":"Snake Plant","floor":31.0,"turns":6.0},{"damage":78.0,"enemies":"Collector","floor":33.0,"turns":12.0},{"damage":9.0,"enemies":"3 Darklings","floor":35.0,"turns":3.0},{"damage":4.0,"enemies":"3 Shapes","floor":37.0,"turns":7.0},{"damage":23.0,"enemies":"Sphere and 2 Shapes","floor":38.0,"turns":11.0},{"damage":105.0,"enemies":"Reptomancer","floor":41.0,"turns":10.0},{"damage":17.0,"enemies":"3 Darklings","floor":42.0,"turns":4.0},{"damage":6.0,"enemies":"Nemesis","floor":47.0,"turns":5.0},{"damage":15,"enemies":"Jaw Worm Horde","floor":48,"turns":4},{"damage":100,"enemies":"Donu and Deca","floor":50,"turns":8}],"seed_played":"-8114050530188405864","potions_obtained":[{"floor":5.0,"key":"Block Potion"},{"floor":6.0,"key":"Fire Potion"},{"floor":8.0,"key":"Strength Potion"},{"floor":11.0,"key":"Weak Potion"}],"is_trial":false,"path_per_floor":["M","?","M","$","M","E","$","E","T","?","M","R","M","E","R","B",null,"M","M","$","M","?","R","?","E","T","$","R","M","R","M","R","B",null,"M","?","M","M","$","R","E","M","T","?","$","R","E","M","R","B",null],"character_chosen":"IRONCLAD","items_purchased":["Flame Barrier","Explosive Potion","Whirlwind","Metallicize","Lantern","Offering","Impervious"],"campfire_rested":1,"item_purchase_floors":[4,4,7,7,7,27,39],"current_hp_per_floor":[68,68,63,63,68,34,34,17,17,17,26,49,58,60,60,33,71,68,82,82,55,55,55,73,42,52,52,52,64,64,76,76,51,94,111,111,114,118,118,118,53,68,68,98,98,98,107,112,112,31],"gold":83,"neow_bonus":"TWO_FIFTY_GOLD","is_prod":false,"is_daily":false,"chose_seed":false,"campfire_upgraded":8,"win_rate":0,"timestamp":1553701235,"path_taken":["M","?","M","$","M","E","$","E","T","?","M","R","M","E","R","BOSS","M","M","$","M","?","R","?","E","T","$","R","M","R","?","R","BOSS","M","?","M","M","$","R","E","M","T","?","$","R","E","M","R","BOSS"],"build_version":"2019-01-23","purchased_purges":2,"victory":true,"max_hp_per_floor":[68,68,68,68,68,75,75,75,75,75,78,78,81,81,81,84,84,84,87,87,91,91,91,91,91,101,101,101,104,104,108,108,108,108,111,111,114,118,118,118,121,121,121,127,127,127,127,131,131,131],"card_choices":[{"not_picked":["Clothesline","Entrench"],"picked":"Uppercut","floor":1.0},{"not_picked":["Havoc","Sentinel"],"picked":"Armaments","floor":3.0},{"not_picked":["Perfected Strike","Second Wind"],"picked":"Shrug It Off","floor":5.0},{"not_picked":["Sever Soul","Body Slam"],"picked":"Feed","floor":6.0},{"not_picked":["Sword Boomerang","Body Slam","Armaments"],"picked":"SKIP","floor":8.0},{"not_picked":["Armaments","Thunderclap","Flex"],"picked":"SKIP","floor":11.0},{"not_picked":["Reckless Charge","Sword Boomerang"],"picked":"Shrug It Off","floor":13.0},{"not_picked":["Seeing Red","Clothesline"],"picked":"Spot Weakness","floor":14.0},{"not_picked":["Impervious","Immolate"],"picked":"Reaper","floor":16.0},{"not_picked":["Body Slam","Hemokinesis","Armaments"],"picked":"SKIP","floor":18.0},{"not_picked":["Rupture","Dropkick"],"picked":"Headbutt","floor":19.0},{"not_picked":["Searing Blow","Cleave","Thunderclap"],"picked":"SKIP","floor":21.0},{"not_picked":["Warcry","Perfected Strike"],"picked":"True Grit+1","floor":25.0},{"not_picked":["Iron Wave","Flex"],"picked":"Limit Break","floor":29.0},{"not_picked":["Rampage","Rage"],"picked":"Shockwave","floor":31.0},{"not_picked":["Impervious","Juggernaut"],"picked":"Double Tap","floor":33.0},{"not_picked":["Clothesline","Searing Blow","Warcry"],"picked":"SKIP","floor":35.0},{"not_picked":["Havoc","True Grit","Clothesline"],"picked":"SKIP","floor":37.0},{"not_picked":["Rage+1","Dual Wield+1"],"picked":"Shrug It Off+1","floor":38.0},{"not_picked":["Iron Wave+1","Perfected Strike+1","Combust"],"picked":"SKIP","floor":41.0},{"not_picked":["Shrug It Off+1","Cleave"],"picked":"Heavy Blade","floor":42.0},{"not_picked":["Shrug It Off","Sword Boomerang+1","Reckless Charge"],"picked":"SKIP","floor":47.0},{"not_picked":["Anger+1","Sword Boomerang+1"],"picked":"Warcry+1","floor":48}],"player_experience":801702,"relics_obtained":[{"floor":6.0,"key":"Strawberry"},{"floor":8.0,"key":"Darkstone Periapt"},{"floor":9.0,"key":"Bronze Scales"},{"floor":14.0,"key":"Blood Vial"},{"floor":25.0,"key":"Bag of Preparation"},{"floor":26.0,"key":"Pear"},{"floor":41.0,"key":"Incense Burner"},{"floor":43.0,"key":"Paper Frog"},{"floor":47.0,"key":"Whetstone"}],"event_choices":[{"damage_healed":0.0,"max_hp_gain":0.0,"max_hp_loss":0.0,"gold_gain":0.0,"event_name":"The Cleric","player_choice":"Leave","floor":2.0,"gold_loss":0.0,"damage_taken":0.0},{"damage_healed":0.0,"max_hp_gain":0.0,"max_hp_loss":0.0,"gold_gain":0.0,"event_name":"Scrap Ooze","player_choice":"Fled","floor":10.0,"gold_loss":0.0,"damage_taken":0.0},{"damage_healed":0.0,"max_hp_gain":0.0,"max_hp_loss":0.0,"gold_gain":0.0,"event_name":"Vampires","player_choice":"Became a vampire (Vial)","floor":22.0,"relics_lost":["Blood Vial"],"gold_loss":0.0,"damage_taken":0.0,"cards_obtained":["Bite","Bite","Bite","Bite","Bite"]},{"damage_healed":18.0,"max_hp_gain":0.0,"max_hp_loss":0.0,"gold_gain":0.0,"event_name":"The Library","player_choice":"Heal","floor":24.0,"gold_loss":0.0,"damage_taken":0.0},{"damage_healed":0.0,"max_hp_gain":0.0,"max_hp_loss":0.0,"gold_gain":0.0,"event_name":"Tomb of Lord Red Mask","player_choice":"Ignored","floor":36.0,"gold_loss":0.0,"damage_taken":0.0},{"damage_healed":24.0,"max_hp_gain":0.0,"max_hp_loss":0.0,"gold_gain":0.0,"event_name":"Winding Halls","player_choice":"Writhe","floor":44.0,"gold_loss":0.0,"damage_taken":0.0,"cards_obtained":["Writhe"]}],"is_beta":false,"boss_relics":[{"not_picked":["Black Star","Black Blood"],"picked":"Sozu"},{"not_picked":["Calling Bell","Pandora\u0027s Box"],"picked":"Empty Cage"}],"items_purged_floors":[20,45],"is_endless":false,"potions_floor_spawned":[5,6,8,11,18,19,35,38],"ascension_level":18}