{"gold_per_floor":[110,129,146,156,126,126,146,179,179,213,228,240,260,272,272,369,369,383,403,422,422,422],"floor_reached":22,"playtime":4383,"items_purged":[],"score":202,"play_id":"967b8f56-6c2c-4784-bf4b-854ab5951ea1","local_time":"20180714235610","is_ascension_mode":false,"campfire_choices":[{"data":"Double Energy","floor":6,"key":"SMITH"},{"floor":15,"key":"REST"}],"neow_cost":"","seed_source_timestamp":1300037395870443,"circlet_count":0,"master_deck":["Strike_B","Strike_B","Strike_B","Strike_B","Defend_B","Defend_B","Defend_B","Defend_B","Zap","Dualcast","Double Energy+1","Glacier","White Noise","Chill","Doom and Gloom","Capacitor","Ball Lightning","Hello World","Ball Lightning","Biased Cognition","Blizzard","Double Energy","Fission","White Noise+1","Steam+1","Self Repair+1"],"relics":["Cracked Core","Odd Mushroom","Gremlin Horn","Bottled Tornado","Bag of Marbles","Cursed Key","Enchiridion"],"potions_floor_usage":[7,10,16,16,16,22,22],"damage_taken":[{"damage":1,"enemies":"Cultist","floor":1,"turns":3},{"damage":7,"enemies":"Small Slimes","floor":2,"turns":3},{"damage":2,"enemies":"2 Louse","floor":3,"turns":2},{"damage":6,"enemies":"2 Fungi Beasts","floor":4,"turns":5},{"damage":0,"enemies":"Looter","floor":5,"turns":4},{"damage":6,"floor":7,"turns":4},{"damage":22,"enemies":"Gremlin Nob","floor":8,"turns":5},{"damage":2,"enemies":"3 Sentries","floor":10,"turns":5},{"damage":0,"enemies":"Large Slime","floor":11,"turns":4},{"damage":0,"enemies":"2 Fungi Beasts","floor":12,"turns":2},{"damage":10,"enemies":"Lots of Slimes","floor":13,"turns":3},{"damage":0,"enemies":"Gremlin Gang","floor":14,"turns":1},{"damage":13,"enemies":"The Guardian","floor":16,"turns":12},{"damage":30,"enemies":"Chosen","floor":18,"turns":7},{"damage":20,"enemies":"Shell Parasite","floor":19,"turns":8},{"damage":1,"enemies":"Sentry and Sphere","floor":20,"turns":4},{"damage":12,"enemies":"Centurion and Healer","floor":22,"turns":1}],"seed_played":"8125208233190771090","potions_obtained":[{"floor":1,"key":"GamblersBrew"},{"floor":3,"key":"LiquidBronze"},{"floor":4,"key":"Weak Potion"},{"floor":10,"key":"SteroidPotion"},{"floor":11,"key":"Strength Potion"},{"floor":14,"key":"SkillPotion"},{"floor":18,"key":"SteroidPotion"},{"floor":19,"key":"SpeedPotion"},{"floor":20,"key":"GamblersBrew"}],"is_trial":false,"path_per_floor":["M","M","M","M","M","R","?","E","T","E","M","M","M","M","R","B",null,"M","M","M","?"],"character_chosen":"DEFECT","items_purchased":[],"campfire_rested":1,"item_purchase_floors":[],"current_hp_per_floor":[74,67,65,59,66,66,60,38,38,36,36,36,26,26,48,35,75,45,25,24,8,0],"gold":422,"neow_bonus":"","is_prod":false,"is_daily":false,"chose_seed":false,"campfire_upgraded":1,"win_rate":0.0,"timestamp":1531608970,"path_taken":["M","M","?","M","?","R","?","E","T","E","M","M","M","M","R","BOSS","M","M","M","?","?"],"build_version":"2018-07-12","purchased_purges":0,"victory":false,"max_hp_per_floor":[75,75,75,75,75,75,75,75,75,75,75,75,75,75,75,75,75,75,75,75,75,75],"card_choices":[{"not_picked":["Chaos","Stack"],"picked":"Double Energy","floor":1},{"not_picked":["Darkness","Rip and Tear"],"picked":"Glacier","floor":2},{"not_picked":["Stack","Steam"],"picked":"White Noise","floor":3},{"not_picked":["Coolheaded","Leap"],"picked":"Chill","floor":4},{"not_picked":["Fusion","Go for the Eyes"],"picked":"Doom and Gloom","floor":5},{"not_picked":["Sweeping Beam","Aggregate"],"picked":"Capacitor","floor":7},{"not_picked":["Cold Snap","Hologram"],"picked":"Ball Lightning","floor":8},{"not_picked":["Cold Snap","Sweeping Beam"],"picked":"Hello World","floor":10},{"not_picked":["Sweeping Beam","Rip and Tear"],"picked":"Ball Lightning","floor":11},{"not_picked":["FTL","Redo"],"picked":"Biased Cognition","floor":12},{"not_picked":["Tempest","Compile Driver"],"picked":"Blizzard","floor":13},{"not_picked":["Sweeping Beam","Compile Driver"],"picked":"Double Energy","floor":14},{"not_picked":["Electrodynamics","Seek"],"picked":"Fission","floor":16},{"not_picked":["Beam Cell","Cold Snap"],"picked":"White Noise+1","floor":18},{"not_picked":["Lockon","Force Field"],"picked":"Steam+1","floor":19},{"not_picked":["Barrage","Loop"],"picked":"Self Repair+1","floor":20}],"player_experience":24045,"relics_obtained":[{"floor":7,"key":"Odd Mushroom"},{"floor":8,"key":"Gremlin Horn"},{"floor":9,"key":"Bottled Tornado"},{"floor":10,"key":"Bag of Marbles"},{"floor":21,"key":"Enchiridion"}],"event_choices":[{"event_name":"Mushrooms","player_choice":"Fought Mushrooms","floor":7,"damage_taken":0},{"event_name":"Cursed Tome","player_choice":"Obtained Book","floor":21,"damage_taken":0}],"boss_relics":[{"not_picked":["Philosopher\u0027s Stone","Coffee Dripper"],"picked":"Cursed Key"}],"items_purged_floors":[],"is_endless":false,"potions_floor_spawned":[1,3,4,10,11,14,18,19,20],"killed_by":"Centurion and Healer","ascension_level":0}