{"gold_per_floor":[139,156,175,175,191,18,18,293,342,342,360,360,373,392,392,392],"floor_reached":16,"playtime":1161,"items_purged":[],"score":141,"play_id":"9fe12dd7-57c6-4fa3-820a-9e48fe070dbf","local_time":"20190219183051","is_ascension_mode":true,"campfire_choices":[{"data":"Neutralize","floor":10,"key":"SMITH"},{"floor":12,"key":"REST"},{"data":"Cloak And Dagger","floor":15,"key":"SMITH"}],"neow_cost":"NONE","seed_source_timestamp":10038484835570,"circlet_count":0,"master_deck":["AscendersBane","Defend_G","Defend_G","Defend_G","Defend_G","Defend_G","Strike_G","Strike_G","Strike_G","Strike_G","Strike_G","Survivor","Neutralize+1","Regret","Doubt","After Image","Infinite Blades","Master of Strategy","Regret","Escape Plan","Cloak And Dagger+1","Endless Agony"],"relics":["Calling Bell","Tiny Chest","Blue Candle","Calipers","Bag of Preparation"],"potions_floor_usage":[2,16],"damage_taken":[{"damage":9,"enemies":"Jaw Worm","floor":1,"turns":6},{"damage":13,"enemies":"Cultist","floor":2,"turns":6},{"damage":12,"enemies":"Small Slimes","floor":3,"turns":7},{"damage":10,"enemies":"Exordium Wildlife","floor":5,"turns":7},{"damage":4,"enemies":"Red Slaver","floor":11,"turns":4},{"damage":2,"enemies":"Blue Slaver","floor":13,"turns":5},{"damage":6,"enemies":"2 Fungi Beasts","floor":14,"turns":5},{"damage":47,"enemies":"Hexaghost","floor":16,"turns":16}],"seed_played":"6824076479019069670","potions_obtained":[{"floor":1,"key":"Regen Potion"},{"floor":11,"key":"Dexterity Potion"},{"floor":13,"key":"PowerPotion"}],"is_trial":false,"path_per_floor":["M","M","M","?","M","$","T","?","T","R","M","R","M","M","R","B"],"character_chosen":"THE_SILENT","items_purchased":["Master of Strategy"],"campfire_rested":1,"item_purchase_floors":[6],"current_hp_per_floor":[54,56,44,44,34,34,34,34,34,34,30,51,49,43,43,0],"gold":392,"neow_bonus":"BOSS_RELIC","is_prod":false,"is_daily":false,"chose_seed":false,"campfire_upgraded":2,"win_rate":0,"timestamp":1550597451,"path_taken":["M","M","M","?","?","?","?","?","T","R","M","R","M","M","R","BOSS"],"build_version":"2019-01-23","purchased_purges":0,"victory":false,"max_hp_per_floor":[70,70,70,70,70,70,70,70,70,70,70,70,70,70,70,70],"card_choices":[{"not_picked":["Concentrate","Prepared"],"picked":"After Image","floor":1},{"not_picked":["Reflex","Dagger Spray"],"picked":"Infinite Blades","floor":2},{"not_picked":["Flying Knee","Deflect","Predator"],"picked":"SKIP","floor":3},{"not_picked":["Noxious Fumes","Catalyst","Dagger Throw"],"picked":"SKIP","floor":5},{"not_picked":["Masterful Stab","Acrobatics"],"picked":"Escape Plan","floor":11},{"not_picked":["Catalyst","Dodge and Roll"],"picked":"Cloak And Dagger","floor":13},{"not_picked":["Quick Slash","Blur"],"picked":"Endless Agony","floor":14}],"player_experience":648151,"relics_obtained":[{"floor":0,"key":"Tiny Chest"},{"floor":0,"key":"Blue Candle"},{"floor":0,"key":"Calipers"},{"floor":9,"key":"Bag of Preparation"}],"event_choices":[{"cards_removed":["Normality"],"damage_healed":0,"gold_gain":0,"player_choice":"Purged","damage_taken":0,"max_hp_gain":0,"max_hp_loss":0,"event_name":"Purifier","floor":4,"gold_loss":0},{"damage_healed":0,"gold_gain":275,"player_choice":"Desecrate","damage_taken":0,"max_hp_gain":0,"max_hp_loss":0,"event_name":"Golden Shrine","floor":8,"gold_loss":0,"cards_obtained":["Regret"]}],"is_beta":false,"boss_relics":[],"items_purged_floors":[],"is_endless":false,"potions_floor_spawned":[1,11,13],"killed_by":"Hexaghost","ascension_level":10}