{"gold_per_floor":[114,129,129,58,73,73,6,6,31,46,61,76,76,91,91,191,191,206,221,236,251,148,148,198,213,263,278,293,308,323,323],"floor_reached":31,"playtime":2075,"items_purged":[],"score":312,"play_id":"7d2a08e5-8bf3-4c8d-b887-c489a325b526","local_time":"20181012174351","daily_mods":["Shiny","Time Dilation","DeadlyEvents"],"is_ascension_mode":false,"campfire_choices":[{"data":"Berserk","floor":6,"key":"SMITH"},{"data":"Barricade","floor":8,"key":"SMITH"},{"data":"Heavy Blade","floor":13,"key":"SMITH"},{"data":"Limit Break","floor":15,"key":"SMITH"},{"data":"Demon Form","floor":23,"key":"SMITH"}],"neow_cost":"","seed_source_timestamp":0,"circlet_count":0,"master_deck":["Double Tap","Demon Form+1","Bludgeon","Feed","Limit Break+1","Barricade+1","Fiend Fire","Dark Embrace","Berserk+1","Impervious","Juggernaut","Brutality","Reaper","Exhume","Offering","Immolate","Strike_R","Strike_R","Strike_R","Strike_R","Strike_R","Defend_R","Defend_R","Defend_R","Defend_R","Bash","Spot Weakness","Disarm","Flame Barrier","Ghostly Armor","Inflame","Shrug It Off","Fire Breathing","Heavy Blade+1","Limit Break","Thunderclap","Heavy Blade","Rage","Seeing Red","Heavy Blade","Pummel","Armaments","Iron Wave+1","Body Slam","Burning Pact+1"],"special_seed":17816,"relics":["Burning Blood","Omamori","Mark of Pain","Dream Catcher","Blood Vial"],"potions_floor_usage":[14,14,19,19,21,21,27,28],"damage_taken":[{"damage":7,"enemies":"Small Slimes","floor":1,"turns":2},{"damage":11,"enemies":"Jaw Worm","floor":2,"turns":2},{"damage":0,"enemies":"Cultist","floor":5,"turns":2},{"damage":6,"enemies":"Exordium Wildlife","floor":10,"turns":3},{"damage":14,"enemies":"Red Slaver","floor":11,"turns":4},{"damage":13,"enemies":"Blue Slaver","floor":12,"turns":5},{"damage":16,"enemies":"Exordium Thugs","floor":14,"turns":8},{"damage":50,"enemies":"Hexaghost","floor":16,"turns":9},{"damage":26,"enemies":"Shell Parasite","floor":18,"turns":6},{"damage":18,"enemies":"2 Thieves","floor":19,"turns":3},{"damage":24,"enemies":"Shelled Parasite and Fungi","floor":20,"turns":8},{"damage":11,"enemies":"Chosen and Byrds","floor":21,"turns":5},{"damage":40,"enemies":"Sentry and Sphere","floor":25,"turns":5},{"damage":0,"enemies":"Centurion and Healer","floor":27,"turns":3},{"damage":56,"enemies":"3 Cultists","floor":28,"turns":6},{"damage":24,"enemies":"Chosen and Byrds","floor":29,"turns":7},{"damage":21,"enemies":"Snake Plant","floor":30,"turns":4},{"damage":12,"enemies":"Centurion and Healer","floor":31,"turns":1}],"seed_played":"-4401274191363558233","potions_obtained":[{"floor":1,"key":"AttackPotion"},{"floor":2,"key":"EssenceOfSteel"},{"floor":14,"key":"Swift Potion"},{"floor":16,"key":"Energy Potion"},{"floor":18,"key":"AttackPotion"},{"floor":20,"key":"LiquidBronze"},{"floor":21,"key":"GamblersBrew"},{"floor":25,"key":"Energy Potion"},{"floor":29,"key":"SpeedPotion"}],"is_trial":false,"path_per_floor":["M","M","?","$","M","R","$","R","T","M","M","M","R","M","R","B",null,"M","M","M","M","$","R","T","M","T","M","M","M","M"],"character_chosen":"IRONCLAD","items_purchased":["Flame Barrier","Inflame","Seeing Red","Heavy Blade"],"campfire_rested":0,"item_purchase_floors":[4,7,22,22],"current_hp_per_floor":[79,74,79,79,88,88,88,88,88,91,83,80,80,78,78,34,91,88,79,80,81,81,81,81,50,50,58,28,20,7,0],"gold":323,"neow_bonus":"","is_prod":false,"is_daily":true,"chose_seed":false,"campfire_upgraded":5,"win_rate":0,"timestamp":1539362631,"path_taken":["M","M","?","$","M","R","$","R","T","M","M","?","R","M","R","BOSS","M","M","M","M","$","R","?","M","T","M","M","M","M","M"],"build_version":"2018-10-11","purchased_purges":0,"victory":false,"max_hp_per_floor":[80,80,85,85,88,88,88,88,88,91,91,91,91,91,91,91,91,94,97,97,97,97,97,97,100,100,100,100,100,100,100],"card_choices":[{"not_picked":["Flex","Shrug It Off"],"picked":"Spot Weakness","floor":1},{"not_picked":["Warcry","Battle Trance"],"picked":"Disarm","floor":2},{"not_picked":["Pommel Strike","Whirlwind"],"picked":"Ghostly Armor","floor":5},{"not_picked":["Thunderclap","Clothesline"],"picked":"Shrug It Off","floor":10},{"not_picked":["Pommel Strike","Fiend Fire"],"picked":"Fire Breathing","floor":11},{"not_picked":["Havoc","Shockwave"],"picked":"Heavy Blade","floor":12},{"not_picked":["Evolve","True Grit","Clothesline"],"picked":"SKIP","floor":14},{"not_picked":["Double Tap","Barricade"],"picked":"Limit Break","floor":16},{"not_picked":["Clash","Wild Strike","Havoc"],"picked":"SKIP","floor":18},{"not_picked":["Havoc+1","Corruption"],"picked":"Thunderclap","floor":19},{"not_picked":["Barricade","Headbutt"],"picked":"Heavy Blade","floor":20},{"not_picked":["Thunderclap","Intimidate"],"picked":"Rage","floor":21},{"not_picked":["Sentinel","Power Through"],"picked":"Pummel","floor":25},{"not_picked":["Anger","Headbutt+1"],"picked":"Armaments","floor":27},{"not_picked":["Reckless Charge","Perfected Strike"],"picked":"Iron Wave+1","floor":28},{"not_picked":["Perfected Strike","Intimidate"],"picked":"Body Slam","floor":29},{"not_picked":["Wild Strike","Havoc"],"picked":"Burning Pact+1","floor":30}],"player_experience":554853,"relics_obtained":[{"floor":9,"key":"Omamori"},{"floor":24,"key":"Dream Catcher"},{"floor":26,"key":"Blood Vial"}],"event_choices":[{"event_name":"Big Fish","player_choice":"Donut","floor":3,"damage_taken":0}],"is_beta":false,"boss_relics":[{"not_picked":["Runic Dome","Fusion Hammer"],"picked":"Mark of Pain"}],"items_purged_floors":[],"is_endless":false,"potions_floor_spawned":[1,2,14,16,18,20,21,25,29],"killed_by":"Centurion and Healer","ascension_level":0}