{"gold_per_floor":[114,114,33,53,68,68,68,68,68,8,44,80,92,124,136,148],"floor_reached":16,"playtime":1344,"items_purged":[],"score":184,"play_id":"86ef9b94-31e9-45ca-8eeb-72ea2a13b89d","local_time":"20190326174316","is_ascension_mode":true,"campfire_choices":[{"data":"Deadly Poison","floor":6,"key":"SMITH"},{"data":"Neutralize","floor":8,"key":"SMITH"},{"floor":15,"key":"REST"}],"neow_cost":"CURSE","seed_source_timestamp":269594759706558,"circlet_count":0,"master_deck":["AscendersBane","Defend_G","Defend_G","Defend_G","Defend_G","Defend_G","Strike_G","Strike_G","Strike_G","Strike_G","Strike_G","Survivor","Neutralize+1","After Image","Backflip","Backstab+1","Deadly Poison+1","Blur","Dodge and Roll+1","Dagger Throw","After Image"],"relics":["Ring of the Snake","Golden Idol","Snake Skull","MawBank"],"potions_floor_usage":[14,14],"damage_taken":[{"damage":3,"enemies":"Jaw Worm","floor":1,"turns":6},{"damage":0,"enemies":"Cultist","floor":4,"turns":4},{"damage":5,"enemies":"Small Slimes","floor":5,"turns":4},{"damage":0,"enemies":"Blue Slaver","floor":11,"turns":4},{"damage":7,"enemies":"Exordium Wildlife","floor":12,"turns":7},{"damage":3,"enemies":"Exordium Thugs","floor":14,"turns":6},{"damage":36,"enemies":"Slime Boss","floor":16,"turns":13}],"seed_played":"-235549592747917091","potions_obtained":[{"floor":4,"key":"Regen Potion"},{"floor":12,"key":"Block Potion"}],"is_trial":false,"path_per_floor":["M","?","$","M","M","R","?","R","T","?","M","M","?","M","R","B"],"character_chosen":"THE_SILENT","items_purchased":["Backstab"],"campfire_rested":1,"item_purchase_floors":[3],"current_hp_per_floor":[56,56,56,56,51,51,28,28,28,28,28,21,1,13,32,0],"gold":148,"neow_bonus":"THREE_RARE_CARDS","is_prod":false,"is_daily":false,"chose_seed":false,"campfire_upgraded":2,"win_rate":0,"timestamp":1553640196,"path_taken":["M","?","$","M","M","R","?","R","T","?","M","?","?","M","R","BOSS"],"build_version":"2019-01-23","purchased_purges":0,"victory":false,"max_hp_per_floor":[66,66,66,66,66,66,66,66,66,66,66,66,66,66,66,66],"card_choices":[{"not_picked":["Envenom","Night Terror"],"picked":"After Image","floor":0},{"not_picked":["Accuracy","Reflex"],"picked":"Backflip","floor":1},{"not_picked":["Outmaneuver","Prepared"],"picked":"Deadly Poison","floor":4},{"not_picked":["Outmaneuver","Slice"],"picked":"Blur","floor":5},{"not_picked":["Slice","Quick Slash"],"picked":"Dodge and Roll","floor":11},{"not_picked":["Blade Dance","Riddle With Holes"],"picked":"Dagger Throw","floor":12},{"not_picked":["Outmaneuver","Setup"],"picked":"After Image","floor":14}],"player_experience":784593,"relics_obtained":[{"floor":9,"key":"Snake Skull"}],"event_choices":[{"cards_removed":["Normality"],"damage_healed":0,"gold_gain":0,"player_choice":"Forget","damage_taken":0,"max_hp_gain":0,"max_hp_loss":0,"event_name":"Living Wall","floor":2,"gold_loss":0},{"damage_healed":0,"gold_gain":0,"player_choice":"Take Damage","damage_taken":23,"relics_obtained":["Golden Idol"],"max_hp_gain":0,"max_hp_loss":0,"event_name":"Golden Idol","floor":7,"gold_loss":0},{"damage_healed":0,"gold_gain":0,"player_choice":"Paid Gold","damage_taken":0,"relics_obtained":["MawBank"],"max_hp_gain":0,"max_hp_loss":0,"event_name":"WeMeetAgain","floor":10,"gold_loss":60},{"damage_healed":0,"gold_gain":0,"player_choice":"Entered Light","damage_taken":20,"max_hp_gain":0,"max_hp_loss":0,"event_name":"Shining Light","floor":13,"gold_loss":0,"cards_upgraded":["Dodge and Roll","Backstab"]}],"is_beta":false,"boss_relics":[],"items_purged_floors":[],"is_endless":false,"potions_floor_spawned":[4,12],"killed_by":"Slime Boss","ascension_level":20}