{"gold_per_floor":[111,130,141,200,210,210,210,236,260,335,363,373,392,129,129,231,231,247,259,78,90,90,90,106,106,106,141,141],"floor_reached":28,"playtime":3754,"items_purged":[],"score":275,"play_id":"b495642b-9d43-4faf-9891-0e270cec0228","local_time":"20190317120617","is_ascension_mode":false,"campfire_choices":[{"data":"Rage","floor":6.0,"key":"SMITH"},{"floor":15,"key":"REST"},{"floor":23,"key":"REST"}],"neow_cost":"PERCENT_DAMAGE","seed_source_timestamp":0,"circlet_count":0,"master_deck":["Strike_R","Strike_R","Strike_R","Strike_R","Strike_R+1","Defend_R","Defend_R","Defend_R","Defend_R","Bash","Heavy Blade","Rage+1","Clothesline+1","Clothesline","Clothesline","Intimidate","Feed","Metamorphosis","Panacea","Demon Form","Shrug It Off","Anger+1","Feel No Pain","Spot Weakness","Rage","Seeing Red"],"special_seed":0,"relics":["Black Blood","Lantern","Boot","Potion Belt","Bronze Scales","MutagenicStrength","Dodecahedron","StoneCalendar","Pantograph"],"potions_floor_usage":[21,27],"damage_taken":[{"damage":8.0,"enemies":"Jaw Worm","floor":1.0,"turns":4.0},{"damage":0.0,"enemies":"2 Louse","floor":2.0,"turns":2.0},{"damage":1.0,"enemies":"Small Slimes","floor":3.0,"turns":3.0},{"damage":2.0,"enemies":"Exordium Wildlife","floor":5.0,"turns":4.0},{"damage":24.0,"enemies":"Lagavulin","floor":8.0,"turns":6.0},{"damage":20.0,"enemies":"Gremlin Nob","floor":11.0,"turns":5.0},{"damage":6.0,"enemies":"Exordium Thugs","floor":12.0,"turns":5.0},{"damage":0.0,"enemies":"Blue Slaver","floor":13.0,"turns":3.0},{"damage":24,"enemies":"Slime Boss","floor":16,"turns":10},{"damage":10,"enemies":"Chosen","floor":18,"turns":6},{"damage":10,"enemies":"Spheric Guardian","floor":19,"turns":4},{"damage":40,"enemies":"Snake Plant","floor":21,"turns":6},{"damage":13,"enemies":"Cultist and Chosen","floor":24,"turns":7},{"damage":60,"enemies":"Gremlin Leader","floor":27,"turns":7},{"damage":43,"enemies":"Shelled Parasite and Fungi","floor":28,"turns":4}],"seed_played":"-5752860087643611931","potions_obtained":[{"floor":8.0,"key":"FearPotion"},{"floor":12.0,"key":"EssenceOfSteel"},{"floor":16,"key":"SteroidPotion"},{"floor":19,"key":"Poison Potion"},{"floor":27,"key":"FearPotion"}],"is_trial":false,"path_per_floor":["M","M","M","?","M","R","?","E","T","?","E","M","M","$","R","B",null,"M","M","$","M","?","R","M","T","T","E","M"],"character_chosen":"IRONCLAD","items_purchased":["Metamorphosis","Panacea","Bronze Scales","Feel No Pain"],"campfire_rested":2,"item_purchase_floors":[14,14,20,20],"current_hp_per_floor":[70,76,81,81,85,85,66,48,48,37,23,23,29,29,57,39,96,96,96,96,66,66,94,91,91,91,41,0],"gold":141,"neow_bonus":"TWENTY_PERCENT_HP_BONUS","is_prod":false,"is_daily":false,"chose_seed":false,"campfire_upgraded":1,"win_rate":0.0,"timestamp":1552824377,"path_taken":["M","M","M","?","M","R","?","E","T","?","E","M","M","$","R","BOSS","M","M","$","M","?","R","M","?","T","E","M"],"build_version":"2019-01-23","purchased_purges":0,"victory":false,"max_hp_per_floor":[96,96,96,96,96,96,96,96,96,96,96,96,96,96,96,96,96,96,96,96,96,96,96,96,96,96,96,96],"card_choices":[{"not_picked":["Perfected Strike","Body Slam"],"picked":"Heavy Blade","floor":1.0},{"not_picked":["Spot Weakness","Pummel"],"picked":"Rage","floor":2.0},{"not_picked":["Thunderclap","Perfected Strike"],"picked":"Clothesline","floor":3.0},{"not_picked":["Perfected Strike","Shockwave"],"picked":"Clothesline","floor":5.0},{"not_picked":["Whirlwind","Corruption"],"picked":"Clothesline","floor":8.0},{"not_picked":["Shockwave","Thunderclap"],"picked":"Intimidate","floor":11.0},{"not_picked":["Cleave","Pommel Strike"],"picked":"Feed","floor":12.0},{"not_picked":["Feel No Pain","Shockwave","Sword Boomerang"],"picked":"SKIP","floor":13.0},{"not_picked":["Fiend Fire","Feed"],"picked":"Demon Form","floor":16},{"not_picked":["Shockwave","Rupture"],"picked":"Shrug It Off","floor":18},{"not_picked":["Heavy Blade","Iron Wave"],"picked":"Anger+1","floor":19},{"not_picked":["Headbutt+1","Juggernaut"],"picked":"Spot Weakness","floor":21},{"not_picked":["Perfected Strike+1","Inflame+1"],"picked":"Rage","floor":24},{"not_picked":["Flex","Heavy Blade"],"picked":"Seeing Red","floor":27}],"player_experience":8024,"relics_obtained":[{"floor":8.0,"key":"Lantern"},{"floor":9.0,"key":"Boot"},{"floor":11.0,"key":"Potion Belt"},{"floor":25,"key":"Dodecahedron"},{"floor":26,"key":"StoneCalendar"},{"floor":27,"key":"Pantograph"}],"event_choices":[{"damage_healed":0.0,"max_hp_gain":0.0,"max_hp_loss":0.0,"gold_gain":59.0,"event_name":"Golden Wing","player_choice":"Gained Gold","floor":4.0,"gold_loss":0.0,"damage_taken":0.0},{"damage_healed":0.0,"max_hp_gain":0.0,"max_hp_loss":0.0,"gold_gain":0.0,"event_name":"Shining Light","player_choice":"Entered Light","floor":7.0,"gold_loss":0.0,"damage_taken":19.0,"cards_upgraded":["Strike_R","Clothesline"]},{"damage_healed":0.0,"max_hp_gain":0.0,"max_hp_loss":0.0,"gold_gain":75.0,"event_name":"World of Goop","player_choice":"Gather Gold","floor":10.0,"gold_loss":0.0,"damage_taken":11.0},{"damage_healed":0,"gold_gain":0,"player_choice":"Inject Mutagens","damage_taken":0,"relics_obtained":["MutagenicStrength"],"max_hp_gain":0,"max_hp_loss":0,"event_name":"Drug Dealer","floor":22,"gold_loss":0}],"is_beta":false,"boss_relics":[{"not_picked":["Runic Dome","Sozu"],"picked":"Black Blood"}],"items_purged_floors":[],"is_endless":false,"potions_floor_spawned":[8,12,16,19,27],"killed_by":"Shelled Parasite and Fungi","ascension_level":0}