{"gold_per_floor":[116,131,131,150,150,176,176,176,176,176,194,194,11,29,29,126,126,136,155,169,144,159,159,175,175,175,193,292,309,309,309,309,414,414,428,428,428,40,0,0,35,35,35,46,46,46,58,72,72,72],"floor_reached":51,"playtime":2944,"items_purged":[],"score":771,"play_id":"1eb78289-42aa-4773-804c-a30c6beb2a80","local_time":"20180814195540","is_ascension_mode":true,"campfire_choices":[{"floor":7,"key":"REST"},{"floor":10,"key":"REST"},{"data":"Inflame","floor":12,"key":"SMITH"},{"floor":15,"key":"REST"},{"floor":23,"key":"REST"},{"data":"Berserk","floor":25,"key":"SMITH"},{"floor":30,"key":"REST"},{"floor":32,"key":"REST"},{"floor":40,"key":"REST"},{"floor":42,"key":"REST"},{"floor":45,"key":"REST"},{"floor":49,"key":"REST"}],"neow_cost":"NONE","seed_source_timestamp":3965434247890163,"circlet_count":0,"master_deck":["Strike_R","Strike_R","Strike_R","Strike_R","Strike_R","Defend_R","Defend_R","Defend_R","Defend_R","Bash","Double Tap","Rage+1","Body Slam+1","Rampage","Inflame+1","Shrug It Off","Apotheosis","Flex","Berserk+1","Spot Weakness+1","Anger+1","Clash+1","Shrug It Off","Shockwave","Shrug It Off","Iron Wave+1","Iron Wave+1","Limit Break","Madness","Madness","Clash+1","Flame Barrier+1","Dual Wield","Sword Boomerang+1","Clash"],"relics":["Burning Blood","Gremlin Horn","Ornamental Fan","Sozu","Art of War","Fusion Hammer","Sundial","Regal Pillow","Bottled Tornado","Red Mask","Darkstone Periapt","Mercury Hourglass","Frozen Egg 2"],"potions_floor_usage":[50,50,50],"damage_taken":[{"damage":6,"enemies":"Cultist","floor":1,"turns":4},{"damage":2,"enemies":"Jaw Worm","floor":2,"turns":5},{"damage":0,"enemies":"Small Slimes","floor":4,"turns":2},{"damage":53,"enemies":"Lagavulin","floor":6,"turns":8},{"damage":17,"enemies":"Blue Slaver","floor":11,"turns":4},{"damage":10,"enemies":"Exordium Wildlife","floor":14,"turns":4},{"damage":41,"enemies":"Hexaghost","floor":16,"turns":7},{"damage":0,"enemies":"Chosen","floor":18,"turns":3},{"damage":1,"enemies":"3 Byrds","floor":19,"turns":5},{"damage":25,"enemies":"Snake Plant","floor":20,"turns":3},{"damage":25,"enemies":"Snecko","floor":22,"turns":5},{"damage":8,"enemies":"Cultist and Chosen","floor":24,"turns":6},{"damage":29,"enemies":"Chosen and Byrds","floor":27,"turns":5},{"damage":0,"enemies":"Sentry and Sphere","floor":29,"turns":4},{"damage":45,"enemies":"Collector","floor":33,"turns":8},{"damage":21,"enemies":"Orb Walker","floor":35,"turns":3},{"damage":14,"floor":37,"turns":5},{"damage":83,"enemies":"2 Orb Walkers","floor":41,"turns":5},{"damage":5,"enemies":"3 Darklings","floor":44,"turns":5},{"damage":17,"enemies":"Maw","floor":47,"turns":6},{"damage":15,"enemies":"4 Shapes","floor":48,"turns":6},{"damage":80,"enemies":"Awakened One","floor":50,"turns":10}],"seed_played":"2057340967055802189","potions_obtained":[{"floor":1,"key":"Poison Potion"},{"floor":11,"key":"SteroidPotion"},{"floor":16,"key":"SneckoOil"}],"is_trial":false,"path_per_floor":["M","M","?","M","$","E","R","?","T","R","M","R","$","M","R","B",null,"M","M","M","$","M","R","M","R","T","M","?","M","R","?","R","B",null,"M","?","?","$","?","R","E","R","T","M","R","T","M","M","R","B"],"character_chosen":"IRONCLAD","items_purchased":["Apotheosis","Shrug It Off","Regal Pillow","Bottled Tornado"],"campfire_rested":10,"item_purchase_floors":[13,21,38,38],"current_hp_per_floor":[80,80,64,70,70,23,47,47,47,71,60,60,60,56,80,45,80,80,80,61,61,42,66,64,64,64,41,41,47,71,56,81,42,85,70,59,51,51,51,85,8,48,48,49,85,85,74,65,85,11],"gold":72,"neow_bonus":"ONE_RANDOM_RARE_CARD","is_prod":false,"is_daily":false,"chose_seed":false,"campfire_upgraded":2,"win_rate":0,"timestamp":1534272940,"path_taken":["M","M","?","M","$","E","R","?","T","R","M","R","$","M","R","BOSS","M","M","M","$","M","R","M","R","T","M","?","M","R","?","R","BOSS","M","?","?","$","?","R","E","R","T","M","R","?","M","M","R","BOSS"],"build_version":"2018-08-09","purchased_purges":0,"victory":true,"max_hp_per_floor":[80,80,80,80,80,80,80,80,80,80,80,80,80,80,80,80,80,80,80,80,80,80,80,80,80,80,80,80,80,80,85,85,85,85,85,85,85,85,85,85,85,85,85,85,85,85,85,85,85,85],"card_choices":[{"not_picked":["Clothesline","Flex"],"picked":"Rage","floor":1},{"not_picked":["Battle Trance","Blood for Blood"],"picked":"Body Slam","floor":2},{"not_picked":["Twin Strike","Warcry"],"picked":"Rampage","floor":4},{"not_picked":["Second Wind","Searing Blow"],"picked":"Inflame","floor":6},{"not_picked":["Anger","Headbutt"],"picked":"Shrug It Off","floor":11},{"not_picked":["Shockwave","Searing Blow"],"picked":"Flex","floor":14},{"not_picked":["Bludgeon","Exhume"],"picked":"Berserk","floor":16},{"not_picked":["Rage+1","Rampage"],"picked":"Spot Weakness+1","floor":18},{"not_picked":["Sword Boomerang","Cleave"],"picked":"Anger+1","floor":19},{"not_picked":["Anger","Wild Strike"],"picked":"Clash+1","floor":20},{"not_picked":["Evolve","Twin Strike+1"],"picked":"Shockwave","floor":22},{"not_picked":["Seeing Red","Flex"],"picked":"Shrug It Off","floor":24},{"not_picked":["Carnage+1","Cleave"],"picked":"Iron Wave+1","floor":27},{"not_picked":["Sentinel","Havoc"],"picked":"Iron Wave+1","floor":29},{"not_picked":["Fiend Fire","Berserk"],"picked":"Limit Break","floor":33},{"not_picked":["Perfected Strike","Combust+1","Clothesline"],"picked":"SKIP","floor":35},{"not_picked":["Corruption","Rupture"],"picked":"Clash+1","floor":37},{"not_picked":["Pommel Strike+1","Second Wind+1"],"picked":"Flame Barrier+1","floor":41},{"not_picked":["Disarm+1","Twin Strike"],"picked":"Dual Wield","floor":44},{"not_picked":["Perfected Strike","Clothesline"],"picked":"Sword Boomerang+1","floor":47},{"not_picked":["Twin Strike+1","Headbutt"],"picked":"Clash","floor":48}],"player_experience":359632,"relics_obtained":[{"floor":6,"key":"Gremlin Horn"},{"floor":9,"key":"Ornamental Fan"},{"floor":26,"key":"Art of War"},{"floor":37,"key":"Sundial"},{"floor":41,"key":"Darkstone Periapt"},{"floor":43,"key":"Mercury Hourglass"},{"floor":46,"key":"Frozen Egg 2"}],"event_choices":[{"event_name":"Shining Light","player_choice":"Entered Light","floor":3,"damage_taken":0},{"event_name":"Golden Idol","player_choice":"Ignored","floor":8,"damage_taken":0},{"event_name":"Nest","player_choice":"Stole From Cult","floor":28,"damage_taken":0},{"event_name":"Forgotten Altar","player_choice":"Shed Blood","floor":31,"damage_taken":0},{"event_name":"Winding Halls","player_choice":"Embrace Madness","floor":36,"damage_taken":0},{"event_name":"MindBloom","player_choice":"Fight","floor":37,"damage_taken":0},{"event_name":"Tomb of Lord Red Mask","player_choice":"Paid","floor":39,"damage_taken":0}],"is_beta":false,"boss_relics":[{"not_picked":["Philosopher\u0027s Stone","Mark of Pain"],"picked":"Sozu"},{"not_picked":["Calling Bell","Black Blood"],"picked":"Fusion Hammer"}],"items_purged_floors":[],"is_endless":false,"potions_floor_spawned":[1,11,16,19,22,27,33,35,37,48],"ascension_level":3}