{"gold_per_floor":[111,128,145,145,159,159,199,199,199,199,212,235,235],"floor_reached":13,"playtime":610,"items_purged":[],"score":174,"play_id":"2b236e39-5220-4e86-8fd6-4748f44206d2","local_time":"20190311091126","is_ascension_mode":true,"campfire_choices":[{"data":"Neutralize","floor":6.0,"key":"SMITH"},{"floor":10.0,"key":"REST"}],"neow_cost":"NONE","seed_source_timestamp":778284486362287,"circlet_count":0,"master_deck":["AscendersBane","Defend_G","Defend_G","Defend_G","Defend_G","Defend_G","Strike_G","Strike_G","Strike_G","Strike_G","Strike_G","Survivor","Neutralize+1","Deadly Poison","Deadly Poison","Crippling Poison","Well Laid Plans","After Image","Dagger Spray","Blade Dance"],"special_seed":0,"relics":["WristBlade","Golden Idol","Mummified Hand","Pear"],"potions_floor_usage":[11],"damage_taken":[{"damage":0.0,"enemies":"2 Louse","floor":1.0,"turns":3.0},{"damage":1.0,"enemies":"Cultist","floor":2.0,"turns":4.0},{"damage":1.0,"enemies":"Small Slimes","floor":3.0,"turns":3.0},{"damage":6.0,"enemies":"3 Louse","floor":5.0,"turns":4.0},{"damage":27.0,"enemies":"Gremlin Nob","floor":7.0,"turns":4.0},{"damage":28,"enemies":"Exordium Thugs","floor":11,"turns":4},{"damage":15,"enemies":"Exordium Wildlife","floor":12,"turns":3},{"damage":8,"enemies":"Large Slime","floor":13,"turns":1}],"seed_played":"-5083580623340823837","potions_obtained":[{"floor":2.0,"key":"Energy Potion"},{"floor":5.0,"key":"FearPotion"}],"is_trial":false,"path_per_floor":["M","M","M","?","M","R","E","?","T","R","M","M","M"],"character_chosen":"THE_SILENT","items_purchased":[],"campfire_rested":1,"item_purchase_floors":[],"current_hp_per_floor":[59,58,57,57,51,51,24,15,25,46,18,3,0],"gold":235,"neow_bonus":"BOSS_RELIC","is_prod":false,"is_daily":false,"chose_seed":false,"campfire_upgraded":1,"win_rate":0,"timestamp":1552313486,"path_taken":["M","M","M","?","M","R","E","?","T","R","?","M","M"],"build_version":"2019-01-23","purchased_purges":0,"victory":false,"max_hp_per_floor":[66,66,66,60,60,60,60,60,70,70,70,70,70],"card_choices":[{"not_picked":["Outmaneuver","PiercingWail"],"picked":"Deadly Poison","floor":1.0},{"not_picked":["Bane","Heel Hook"],"picked":"Deadly Poison","floor":2.0},{"not_picked":["Bane","Blur"],"picked":"Crippling Poison","floor":3.0},{"not_picked":["All Out Attack","Poisoned Stab"],"picked":"Well Laid Plans","floor":5.0},{"not_picked":["Slice","Underhanded Strike"],"picked":"After Image","floor":7.0},{"not_picked":["Bane","Underhanded Strike"],"picked":"Dagger Spray","floor":11},{"not_picked":["Tools of the Trade","Crippling Poison"],"picked":"Blade Dance","floor":12}],"player_experience":744548,"relics_obtained":[{"floor":7.0,"key":"Mummified Hand"},{"floor":9.0,"key":"Pear"}],"event_choices":[{"damage_healed":0.0,"max_hp_gain":0.0,"max_hp_loss":6.0,"gold_gain":0.0,"event_name":"Golden Idol","player_choice":"Lose Max HP","floor":4.0,"gold_loss":0.0,"damage_taken":0.0,"relics_obtained":["Golden Idol"]},{"damage_healed":0.0,"max_hp_gain":0.0,"max_hp_loss":0.0,"gold_gain":0.0,"event_name":"Wheel of Change","player_choice":"Damaged","floor":8.0,"gold_loss":0.0,"damage_taken":9.0}],"is_beta":false,"boss_relics":[],"items_purged_floors":[],"is_endless":false,"potions_floor_spawned":[2,5],"killed_by":"Large Slime","ascension_level":20}