{"gold_per_floor":[115,135,149,169,189,189,202,202,227,227,237,237,14,14,14,116,116,130,148,48,64,64,64,76,76],"floor_reached":25,"playtime":1809,"items_purged":["Strike_B","Strike_B"],"score":197,"play_id":"43ae35e6-d3f6-49b0-be77-87bf516cc06d","local_time":"20180721111623","is_ascension_mode":false,"campfire_choices":[{"data":"Defend_B","floor":6,"key":"SMITH"},{"data":"Defend_B","floor":8,"key":"SMITH"},{"data":"Zap","floor":10,"key":"SMITH"},{"floor":15,"key":"REST"},{"data":"Dualcast","floor":23,"key":"SMITH"}],"neow_cost":"NONE","seed_source_timestamp":1861823387923625,"circlet_count":0,"master_deck":["Defend_B+1","Defend_B+1","Defend_B+1","Defend_B+1","Zap+1","Dualcast+1"],"relics":["Cracked Core","Pen Nib","DataDisk","White Beast Statue"],"potions_floor_usage":[16,18,19,21,24,25,25],"damage_taken":[{"damage":0,"enemies":"Small Slimes","floor":1,"turns":3},{"damage":0,"enemies":"2 Louse","floor":2,"turns":2},{"damage":1,"enemies":"Cultist","floor":3,"turns":4},{"damage":4,"enemies":"Blue Slaver","floor":4,"turns":3},{"damage":11,"enemies":"Exordium Wildlife","floor":5,"turns":3},{"damage":3,"enemies":"2 Fungi Beasts","floor":7,"turns":5},{"damage":2,"enemies":"Looter","floor":11,"turns":3},{"damage":31,"enemies":"Slime Boss","floor":16,"turns":9},{"damage":1,"enemies":"3 Byrds","floor":18,"turns":6},{"damage":4,"enemies":"Shell Parasite","floor":19,"turns":10},{"damage":0,"enemies":"Snecko","floor":21,"turns":7},{"damage":3,"enemies":"Snake Plant","floor":24,"turns":5},{"damage":67,"enemies":"Slavers","floor":25,"turns":7}],"seed_played":"6042527422766002555","potions_obtained":[{"floor":1,"key":"Ancient Potion"},{"floor":5,"key":"PowerPotion"},{"floor":11,"key":"Ancient Potion"},{"floor":16,"key":"FearPotion"},{"floor":18,"key":"SkillPotion"},{"floor":19,"key":"GamblersBrew"},{"floor":21,"key":"Strength Potion"},{"floor":24,"key":"FocusPotion"}],"is_trial":false,"path_per_floor":["M","M","M","M","M","R","M","R","T","R","M","?","$","?","R","B",null,"M","M","$","M","?","R","M"],"character_chosen":"DEFECT","items_purchased":["DataDisk"],"campfire_rested":1,"item_purchase_floors":[13],"current_hp_per_floor":[75,75,74,70,59,59,56,56,56,56,54,47,47,32,54,23,75,74,70,70,70,70,70,67,0],"gold":76,"neow_bonus":"REMOVE_CARD","is_prod":false,"is_daily":false,"chose_seed":false,"campfire_upgraded":4,"win_rate":0,"timestamp":1532168183,"path_taken":["M","M","M","M","M","R","M","R","T","R","M","?","$","?","R","BOSS","M","M","$","M","?","R","M","E"],"build_version":"2018-07-19v2","purchased_purges":2,"victory":false,"max_hp_per_floor":[75,75,75,75,75,75,75,75,75,75,75,75,75,75,75,75,75,75,75,75,75,75,75,75,75],"card_choices":[{"not_picked":["Chill","Undo","Barrage"],"picked":"SKIP","floor":1},{"not_picked":["Steam","Coolheaded","Redo"],"picked":"SKIP","floor":2},{"not_picked":["Self Repair","Reprogram","Aggregate"],"picked":"SKIP","floor":3},{"not_picked":["Coolheaded","Compile Driver","Redo"],"picked":"SKIP","floor":4},{"not_picked":["Compile Driver","Ball Lightning","FTL"],"picked":"SKIP","floor":5},{"not_picked":["Turbo","Steam Power","Go for the Eyes"],"picked":"SKIP","floor":7},{"not_picked":["Barrage","Rebound","Chaos"],"picked":"SKIP","floor":11},{"not_picked":["Chill+1","Reinforced Body","Hologram"],"picked":"SKIP","floor":18},{"not_picked":["Turbo","Go for the Eyes","Cold Snap"],"picked":"SKIP","floor":19},{"not_picked":["Redo+1","Beam Cell","Steam"],"picked":"SKIP","floor":21},{"not_picked":["Capacitor","Cold Snap","FTL"],"picked":"SKIP","floor":24}],"player_experience":149513,"relics_obtained":[{"floor":9,"key":"Pen Nib"}],"event_choices":[{"event_name":"Golden Wing","player_choice":"Card Removal","floor":12,"damage_taken":0},{"event_name":"Shining Light","player_choice":"Entered Light","floor":14,"damage_taken":0},{"event_name":"Vampires","player_choice":"Ignored","floor":22,"damage_taken":0}],"is_beta":false,"boss_relics":[{"not_picked":["Snecko Eye","Pandora\u0027s Box"],"picked":"White Beast Statue"}],"items_purged_floors":[13,20],"is_endless":false,"potions_floor_spawned":[1,5,11,16,18,19,21,24],"killed_by":"Slavers","ascension_level":0}