{"gold_per_floor":[114,114,129,144,159,159,174,174,224,19,49,64,94,94,94,194,194,209,224,239,154,154,154,169,169,194,209,224,224,224,239,239,339,339,354,369,384,399,8,8,8,38,38,38,53,68,83,98,98,98],"floor_reached":51,"playtime":5186,"items_purged":[],"score":1222,"play_id":"b97082b6-1a1b-4f04-ad64-51fd76d04bcc","local_time":"20180716092421","daily_mods":["Brewmaster","Cursed Run","Hoarder"],"is_ascension_mode":false,"campfire_choices":[{"data":"Backstab","floor":6,"key":"SMITH"},{"data":"Noxious Fumes","floor":8,"key":"SMITH"},{"data":"Magnetism","floor":15,"key":"SMITH"},{"data":"Catalyst","floor":23,"key":"SMITH"},{"data":"Backstab","floor":25,"key":"SMITH"},{"data":"Skewer","floor":30,"key":"SMITH"},{"data":"Noxious Fumes","floor":32,"key":"SMITH"},{"data":"Noxious Fumes","floor":40,"key":"SMITH"},{"data":"Wraith Form v2","floor":49,"key":"SMITH"}],"neow_cost":"","seed_source_timestamp":0,"circlet_count":0,"master_deck":["Defend_G","Defend_G","Defend_G","Defend_G","Strike_G","Strike_G","Strike_G","Strike_G","Strike_G","Survivor","Neutralize","Venomology","Venomology","Venomology","Venomology","Venomology","Venomology","Venomology","Venomology","Venomology","Venomology","Venomology","Venomology","Venomology","Venomology","Venomology","Flying Knee","Flying Knee","Flying Knee","Quick Slash","Quick Slash","Quick Slash","Skewer+1","Skewer","Skewer","Backstab+1","Backstab","Backstab","Noxious Fumes+1","Noxious Fumes+1","Noxious Fumes+1","Normality","Magnetism+1","Magnetism","Magnetism","Wraith Form v2+1","Wraith Form v2","Wraith Form v2","Underhanded Strike","Underhanded Strike","Underhanded Strike","Normality","Normality","Normality","Wraith Form v2","Wraith Form v2","Wraith Form v2","Backstab","Backstab+1","Backstab","Deadly Poison","Deadly Poison","Deadly Poison","Catalyst+1","Catalyst","Catalyst","Injury","Injury","Injury","Quick Slash+1","Quick Slash+1","Quick Slash+1","Normality","Normality","Normality","Burst","Burst","Burst","Acrobatics+1","Acrobatics+1","Acrobatics+1","Expertise+1","Expertise+1","Expertise+1","Panache","Panache","Panache","Trip","Trip","Trip","Clumsy","Clumsy","Clumsy","Flechettes","Flechettes","Flechettes","Slice+1","Slice+1","Slice+1","Regret","Regret","Regret"],"special_seed":17728,"relics":["Cursed Key","Darkstone Periapt","Du-Vu Doll","White Beast Statue","Dodecahedron","Potion Belt","Boot","Orichalcum","Empty Cage","Shovel","Bag of Preparation","Busted Crown","Sling","Gremlin Horn","Art of War"],"potions_floor_usage":[1,1,1,3,3,4,4,4,4,5,5,5,5,5,11,11,13,16,16,16,16,16,18,18,20,20,24,33,33,33,36,37,37,37,37,37,37,37,38,38,38,38,38,38,38,38,38,42,42,42,47,48,50,50,50,50,50,50,50,50],"damage_taken":[{"damage":1,"enemies":"Jaw Worm","floor":1,"turns":4},{"damage":0,"enemies":"2 Louse","floor":3,"turns":1},{"damage":0,"enemies":"Cultist","floor":4,"turns":2},{"damage":3,"enemies":"Blue Slaver","floor":5,"turns":3},{"damage":0,"enemies":"3 Louse","floor":7,"turns":1},{"damage":0,"enemies":"Lagavulin","floor":11,"turns":2},{"damage":0,"enemies":"2 Fungi Beasts","floor":12,"turns":1},{"damage":3,"enemies":"Gremlin Nob","floor":13,"turns":3},{"damage":0,"enemies":"Hexaghost","floor":16,"turns":5},{"damage":7,"enemies":"Shell Parasite","floor":18,"turns":5},{"damage":0,"enemies":"3 Byrds","floor":19,"turns":5},{"damage":3,"enemies":"Centurion and Healer","floor":20,"turns":4},{"damage":0,"enemies":"Snake Plant","floor":24,"turns":1},{"damage":0,"enemies":"Sentry and Sphere","floor":27,"turns":1},{"damage":0,"enemies":"3 Cultists","floor":28,"turns":3},{"damage":0,"enemies":"Snecko","floor":31,"turns":2},{"damage":0,"enemies":"Collector","floor":33,"turns":5},{"damage":0,"enemies":"Orb Walker","floor":35,"turns":1},{"damage":0,"enemies":"Flame Bruiser 1 Orb","floor":36,"turns":1},{"damage":0,"enemies":"Maw","floor":37,"turns":3},{"damage":3,"enemies":"Transient","floor":38,"turns":5},{"damage":0,"enemies":"2 Orb Walkers","floor":42,"turns":2},{"damage":0,"enemies":"3 Darklings","floor":45,"turns":2},{"damage":0,"enemies":"Flame Bruiser 2 Orb","floor":46,"turns":1},{"damage":0,"enemies":"Spire Growth","floor":47,"turns":1},{"damage":0,"enemies":"Transient","floor":48,"turns":5},{"damage":0,"enemies":"Awakened One","floor":50,"turns":7}],"seed_played":"-2205032152784244808","potions_obtained":[{"floor":1,"key":"SteroidPotion"},{"floor":3,"key":"Strength Potion"},{"floor":4,"key":"GamblersBrew"},{"floor":5,"key":"EssenceOfSteel"},{"floor":7,"key":"PowerPotion"},{"floor":11,"key":"Poison Potion"},{"floor":12,"key":"Strength Potion"},{"floor":13,"key":"LiquidBronze"},{"floor":16,"key":"PowerPotion"},{"floor":18,"key":"SteroidPotion"},{"floor":20,"key":"Regen Potion"},{"floor":24,"key":"Dexterity Potion"},{"floor":31,"key":"AttackPotion"},{"floor":33,"key":"Fire Potion"},{"floor":36,"key":"Energy Potion"},{"floor":37,"key":"AttackPotion"},{"floor":38,"key":"SpeedPotion"},{"floor":42,"key":"EssenceOfSteel"},{"floor":45,"key":"SpeedPotion"},{"floor":46,"key":"Fruit Juice"},{"floor":47,"key":"EssenceOfSteel"}],"is_trial":false,"path_per_floor":["M","?","M","M","M","R","M","R","T","$","E","M","E","?","R","B",null,"M","M","M","?","?","R","M","R","T","M","M","?","R","M","R","B",null,"M","M","M","M","$","R","?","E","T","?","M","M","M","M","R","B"],"character_chosen":"THE_SILENT","items_purchased":["Magnetism","Panache","Sling"],"campfire_rested":0,"item_purchase_floors":[10,39,39],"current_hp_per_floor":[69,66,66,66,70,70,70,70,76,76,76,76,73,73,73,79,82,75,75,72,72,72,72,72,72,78,78,78,78,78,78,78,84,94,94,94,94,94,94,94,94,94,100,100,100,100,105,105,105,111],"gold":98,"neow_bonus":"","is_prod":false,"is_daily":true,"chose_seed":false,"campfire_upgraded":9,"win_rate":1,"timestamp":1531729461,"path_taken":["M","?","M","M","M","R","M","R","T","$","E","M","E","?","R","BOSS","M","M","M","?","?","R","M","R","T","?","M","?","R","M","R","BOSS","M","M","M","M","$","R","?","E","T","?","M","M","M","M","R","BOSS"],"build_version":"2018-07-12","purchased_purges":0,"victory":true,"max_hp_per_floor":[70,70,70,70,70,70,70,70,76,76,76,76,76,76,76,82,82,82,82,82,82,82,82,82,82,88,88,88,88,88,88,88,94,94,94,94,94,94,94,94,94,94,100,100,100,100,105,105,105,111],"card_choices":[{"not_picked":["Expertise","Slice"],"picked":"Flying Knee","floor":1},{"not_picked":["Footwork","Blur"],"picked":"Quick Slash","floor":3},{"not_picked":["Footwork","Finisher"],"picked":"Skewer","floor":4},{"not_picked":["Prepared","Flying Knee"],"picked":"Backstab","floor":5},{"not_picked":["Prepared","Deadly Poison"],"picked":"Noxious Fumes","floor":7},{"not_picked":["Dodge and Roll","Bane"],"picked":"Wraith Form v2","floor":11},{"not_picked":["Dagger Throw","Caltrops","Prepared"],"picked":"SKIP","floor":12},{"not_picked":["Venomology","Blade Dance"],"picked":"Underhanded Strike","floor":13},{"not_picked":["Storm of Steel","Glass Knife"],"picked":"Wraith Form v2","floor":16},{"not_picked":["Quick Slash","Noxious Fumes"],"picked":"Backstab","floor":18},{"not_picked":["PiercingWail","All Out Attack","Deflect"],"picked":"SKIP","floor":19},{"not_picked":["Masterful Stab","Flying Knee"],"picked":"Deadly Poison","floor":20},{"not_picked":["Accuracy","Sucker Punch","Footwork"],"picked":"SKIP","floor":24},{"not_picked":["Flying Knee","Footwork","Prepared"],"picked":"SKIP","floor":27},{"not_picked":["Sucker Punch","PiercingWail","Blur"],"picked":"SKIP","floor":28},{"not_picked":["Bouncing Flask","Dagger Throw"],"picked":"Quick Slash+1","floor":31},{"not_picked":["Venomology","Night Terror"],"picked":"Burst","floor":33},{"not_picked":["Underhanded Strike+1"],"picked":"SKIP","floor":35},{"not_picked":[],"picked":"Acrobatics+1","floor":36},{"not_picked":[],"picked":"Expertise+1","floor":37},{"not_picked":["Well Laid Plans"],"picked":"SKIP","floor":38},{"not_picked":[],"picked":"Trip","floor":41},{"not_picked":["Storm of Steel"],"picked":"SKIP","floor":42},{"not_picked":["Backflip+1"],"picked":"SKIP","floor":45},{"not_picked":[],"picked":"Slice+1","floor":46},{"not_picked":["Dodge and Roll"],"picked":"SKIP","floor":47},{"not_picked":["Dodge and Roll+1"],"picked":"SKIP","floor":48}],"player_experience":59893,"relics_obtained":[{"floor":9,"key":"Potion Belt"},{"floor":11,"key":"Boot"},{"floor":13,"key":"Orichalcum"},{"floor":26,"key":"Bag of Preparation"},{"floor":42,"key":"Gremlin Horn"},{"floor":43,"key":"Art of War"}],"event_choices":[{"event_name":"Scrap Ooze","player_choice":"success","floor":2,"damage_taken":3},{"event_name":"The Lab","player_choice":"Got Potions","floor":14,"damage_taken":0},{"event_name":"Addict","player_choice":"Obtained Relic","floor":21,"damage_taken":0},{"event_name":"The Library","player_choice":"Read","floor":22,"damage_taken":0},{"event_name":"Vampires","player_choice":"Ignored","floor":29,"damage_taken":0},{"event_name":"SensoryStone","player_choice":"Memory 1","floor":41,"damage_taken":0},{"event_name":"Transmorgrifier","player_choice":"Transform","floor":44,"damage_taken":0}],"boss_relics":[{"not_picked":["Velvet Choker","Tiny House"],"picked":"Empty Cage"},{"not_picked":["Runic Pyramid","Orrery"],"picked":"Busted Crown"}],"items_purged_floors":[],"is_endless":false,"potions_floor_spawned":[1,3,4,5,7,11,12,13,16,18,19,20,24,27,28,31,33,35,36,37,38,42,45,46,47,48],"ascension_level":0}