{"gold_per_floor":[110,127,138,138,66,104,104,144,170,170,16,39,52,52,52,141,141,164,439,80,94,112,112,148,148,175,175,194,194,232,232,232,232],"floor_reached":33,"playtime":2419,"items_purged":["Regret"],"score":513,"play_id":"496cdeb6-61ad-4b6c-823d-1b5f1a7e171c","local_time":"20190328225227","is_ascension_mode":true,"campfire_choices":[{"floor":7,"key":"REST"},{"floor":10,"key":"REST"},{"floor":15,"key":"REST"},{"data":"Burst","floor":23,"key":"SMITH"},{"floor":25,"key":"REST"},{"data":"Malaise","floor":27,"key":"SMITH"},{"data":"Ghostly","floor":32,"key":"SMITH"}],"neow_cost":"NONE","seed_source_timestamp":29513723137491,"circlet_count":0,"master_deck":["AscendersBane","Defend_G","Defend_G","Defend_G","Defend_G","Defend_G","Strike_G","Strike_G","Strike_G","Strike_G","Strike_G","Survivor","Neutralize","Burst+1","Blur","Injury","Noxious Fumes","Well Laid Plans","Deadly Poison","Glass Knife","Deadly Poison","Footwork","Backflip","Malaise+1","PiercingWail","Ghostly+1","Ghostly","Ghostly"],"relics":["Ring of the Snake","Golden Idol","Strawberry","Snake Skull","Happy Flower","PreservedInsect","Velvet Choker","Anchor","Smiling Mask","Blood Vial","Question Card","Singing Bowl"],"potions_floor_usage":[6,8,16,16,24,24],"damage_taken":[{"damage":1,"enemies":"Small Slimes","floor":1,"turns":4},{"damage":3,"enemies":"2 Louse","floor":2,"turns":3},{"damage":0,"enemies":"Cultist","floor":3,"turns":6},{"damage":50,"enemies":"Gremlin Nob","floor":6,"turns":6},{"damage":32,"enemies":"Lagavulin","floor":8,"turns":13},{"damage":0,"enemies":"Exordium Wildlife","floor":12,"turns":5},{"damage":9,"enemies":"Blue Slaver","floor":13,"turns":5},{"damage":31,"enemies":"Slime Boss","floor":16,"turns":13},{"damage":11,"enemies":"Chosen","floor":18,"turns":5},{"damage":0,"enemies":"3 Byrds","floor":21,"turns":5},{"damage":19,"enemies":"Snake Plant","floor":22,"turns":5},{"damage":20,"enemies":"Gremlin Leader","floor":24,"turns":6},{"damage":0,"enemies":"Shelled Parasite and Fungi","floor":28,"turns":6},{"damage":4,"enemies":"Book of Stabbing","floor":30,"turns":7},{"damage":33,"enemies":"Champ","floor":33,"turns":15}],"seed_played":"-7157089462517872562","potions_obtained":[{"floor":1,"key":"Dexterity Potion"},{"floor":3,"key":"Swift Potion"},{"floor":8,"key":"FearPotion"},{"floor":13,"key":"EssenceOfSteel"},{"floor":21,"key":"LiquidBronze"},{"floor":22,"key":"AttackPotion"}],"is_trial":false,"path_per_floor":["M","M","M","?","$","E","R","E","T","R","$","M","M","?","R","B",null,"M","?","$","M","M","R","E","R","T","R","M","?","E","T","R","B"],"character_chosen":"THE_SILENT","items_purchased":["Noxious Fumes","PreservedInsect","Footwork","Backflip","Anchor"],"campfire_rested":4,"item_purchase_floors":[5,11,20,20,20],"current_hp_per_floor":[58,55,55,55,55,12,33,1,1,22,22,22,13,13,34,3,56,45,45,45,45,26,26,6,27,27,27,29,29,27,27,27,0],"gold":232,"neow_bonus":"ONE_RANDOM_RARE_CARD","is_prod":false,"is_daily":false,"chose_seed":false,"campfire_upgraded":3,"win_rate":0,"timestamp":1553809947,"path_taken":["M","M","M","?","$","E","R","E","T","R","$","M","M","?","R","BOSS","M","?","$","?","M","R","E","R","T","R","M","?","E","?","R","BOSS"],"build_version":"2019-01-23","purchased_purges":1,"victory":false,"max_hp_per_floor":[66,66,66,66,66,73,73,73,73,73,73,73,73,73,73,73,73,73,73,73,73,73,73,73,73,73,73,73,36,36,36,36,36],"card_choices":[{"not_picked":["Acrobatics","Calculated Gamble"],"picked":"Blur","floor":1},{"not_picked":["Sucker Punch","Poisoned Stab","Deadly Poison"],"picked":"SKIP","floor":2},{"not_picked":["Prepared","Flying Knee","Heel Hook"],"picked":"SKIP","floor":3},{"not_picked":["Bane","Outmaneuver"],"picked":"Well Laid Plans","floor":6},{"not_picked":["Slice","Cloak And Dagger"],"picked":"Deadly Poison","floor":8},{"not_picked":["Bane","Dagger Throw","Slice"],"picked":"SKIP","floor":12},{"not_picked":["Slice","Deadly Poison","Bullet Time"],"picked":"SKIP","floor":13},{"not_picked":["Storm of Steel","Venomology"],"picked":"Glass Knife","floor":16},{"not_picked":["Poisoned Stab","Endless Agony"],"picked":"Deadly Poison","floor":18},{"not_picked":["Dagger Spray","Cloak And Dagger","Blade Dance"],"picked":"SKIP","floor":21},{"not_picked":["Underhanded Strike","Backflip"],"picked":"Malaise","floor":22},{"not_picked":["Slice+1","Blade Dance+1"],"picked":"PiercingWail","floor":24},{"not_picked":["Acrobatics","Underhanded Strike+1","Flying Knee+1"],"picked":"SKIP","floor":28},{"not_picked":["Envenom","Acrobatics","Eviscerate"],"picked":"SKIP","floor":30}],"player_experience":819295,"relics_obtained":[{"floor":6,"key":"Strawberry"},{"floor":8,"key":"Snake Skull"},{"floor":9,"key":"Happy Flower"},{"floor":24,"key":"Smiling Mask"},{"floor":26,"key":"Blood Vial"},{"floor":30,"key":"Question Card"},{"floor":31,"key":"Singing Bowl"}],"event_choices":[{"damage_healed":0,"gold_gain":0,"player_choice":"Take Wound","damage_taken":0,"relics_obtained":["Golden Idol"],"max_hp_gain":0,"max_hp_loss":0,"event_name":"Golden Idol","floor":4,"gold_loss":0,"cards_obtained":["Injury"]},{"damage_healed":0,"gold_gain":0,"player_choice":"Ignored","damage_taken":0,"max_hp_gain":0,"max_hp_loss":0,"event_name":"Golden Wing","floor":14,"gold_loss":0},{"damage_healed":0,"gold_gain":275,"player_choice":"Desecrate","damage_taken":0,"max_hp_gain":0,"max_hp_loss":0,"event_name":"Golden Shrine","floor":19,"gold_loss":0,"cards_obtained":["Regret"]},{"damage_healed":0,"gold_gain":0,"player_choice":"Became a Ghost","damage_taken":0,"max_hp_gain":0,"max_hp_loss":37,"event_name":"Ghosts","floor":29,"gold_loss":0,"cards_obtained":["Ghostly","Ghostly","Ghostly"]}],"is_beta":false,"boss_relics":[{"not_picked":["Lizard Tail","White Beast Statue"],"picked":"Velvet Choker"}],"items_purged_floors":[20],"is_endless":false,"potions_floor_spawned":[1,3,8,13,21,22],"killed_by":"Champ","ascension_level":15}