{"gold_per_floor":[119,135,146,146,146,178,200,240,301,313,351,33,48,82,82,179,179,189,68,93,93,18,18,47,60,60,87,102,52,52,80,80,181,181,195,195,195,207,429,459,459,494,494,520,520,551,147,180,180,180],"floor_reached":51,"playtime":3671,"items_purged":["Strike_B","Strike_B","Defend_B"],"score":1225,"play_id":"be0ce3bd-e8af-400d-bcad-9e8945797627","local_time":"20190330023304","is_ascension_mode":true,"campfire_choices":[{"floor":10.0,"key":"REST"},{"floor":15,"key":"REST"},{"data":"Zap","floor":23,"key":"SMITH"},{"data":"Recycle","floor":32,"key":"SMITH"},{"data":"Apotheosis","floor":41,"key":"SMITH"},{"floor":49,"key":"REST"}],"neow_cost":"NONE","seed_source_timestamp":48717137769866,"circlet_count":0,"master_deck":["Defend_B+1","Defend_B","Defend_B+1","Zap+1","Dualcast","Streamline","Steam","Reboot","Scrape","Hologram","Beam Cell","Streamline","Electrodynamics","Defragment","Go for the Eyes","Chill","All For One","White Noise+1","Beam Cell","Skim+1","Reinforced Body","Beam Cell+1","RitualDagger","Recycle+1","All For One","Gash+1","Gash+1","Apotheosis+1","Forethought","Metamorphosis","Scrape+1","Gash+1","Madness","Buffer"],"special_seed":0,"relics":["Cracked Core","NeowsBlessing","MawBank","Matryoshka","Happy Flower","Lantern","Gambling Chip","Meat on the Bone","Dodecahedron","Runic Pyramid","Red Mask","Potion Belt","Singing Bowl","Juzu Bracelet","Prayer Wheel","Smiling Mask","Bag of Preparation","Calling Bell","Boot","Molten Egg 2","FossilizedHelix","Mango","Mummified Hand","Sundial","Bottled Flame","Unceasing Top","War Paint","Membership Card","Ancient Tea Set","PreservedInsect"],"potions_floor_usage":[14,25,28,28,33,40,50,50,50],"damage_taken":[{"damage":0.0,"enemies":"Cultist","floor":1.0,"turns":1.0},{"damage":0.0,"enemies":"Small Slimes","floor":2.0,"turns":1.0},{"damage":0.0,"enemies":"2 Louse","floor":3.0,"turns":1.0},{"damage":44.0,"enemies":"3 Sentries","floor":6.0,"turns":7.0},{"damage":0.0,"enemies":"Exordium Thugs","floor":7.0,"turns":4.0},{"damage":26.0,"enemies":"Lagavulin","floor":8.0,"turns":4.0},{"damage":5.0,"enemies":"3 Sentries","floor":11.0,"turns":2.0},{"damage":18,"enemies":"Large Slime","floor":13,"turns":3},{"damage":16,"enemies":"Gremlin Nob","floor":14,"turns":3},{"damage":21,"enemies":"The Guardian","floor":16,"turns":8},{"damage":0,"enemies":"3 Byrds","floor":18,"turns":2},{"damage":20,"enemies":"Masked Bandits","floor":20,"turns":3},{"damage":16,"enemies":"Book of Stabbing","floor":24,"turns":3},{"damage":0,"enemies":"Spheric Guardian","floor":25,"turns":3},{"damage":0,"enemies":"Gremlin Leader","floor":27,"turns":5},{"damage":12,"enemies":"Snake Plant","floor":28,"turns":4},{"damage":16,"enemies":"Slavers","floor":31,"turns":4},{"damage":2,"enemies":"Collector","floor":33,"turns":5},{"damage":0,"enemies":"3 Darklings","floor":35,"turns":3},{"damage":4,"enemies":"Orb Walker","floor":38,"turns":3},{"damage":0,"enemies":"Nemesis","floor":40,"turns":4},{"damage":25,"enemies":"Giant Head","floor":42,"turns":6},{"damage":8,"enemies":"Nemesis","floor":44,"turns":5},{"damage":29,"enemies":"Giant Head","floor":46,"turns":6},{"damage":10,"enemies":"Nemesis","floor":48,"turns":3},{"damage":16,"enemies":"Awakened One","floor":50,"turns":5}],"seed_played":"7088961396651577213","potions_obtained":[{"floor":6.0,"key":"FearPotion"},{"floor":7.0,"key":"PowerPotion"},{"floor":11.0,"key":"Poison Potion"},{"floor":16,"key":"SpeedPotion"},{"floor":18,"key":"SpeedPotion"},{"floor":20,"key":"Poison Potion"},{"floor":31,"key":"FocusPotion"},{"floor":33,"key":"FairyPotion"},{"floor":35,"key":"SpeedPotion"},{"floor":38,"key":"SpeedPotion"},{"floor":42,"key":"Weak Potion"},{"floor":46,"key":"Energy Potion"}],"is_trial":false,"path_per_floor":["M","M","M","?","?","E","M","E","T","R","E","$","M","E","R","B",null,"M","$","?","?","?","R","E","M","T","E","M","$","?","E","R","B",null,"M","?","?","M","?","E","R","E","T","E","?","E","$","E","R","B",null],"character_chosen":"DEFECT","items_purchased":["Meat on the Bone","Defragment","Beam Cell","Membership Card","Ancient Tea Set","Swift Potion","Madness"],"campfire_rested":3,"item_purchase_floors":[12,12,19,47,47,47,47],"current_hp_per_floor":[75,75,75,75,80,36,36,10,10,34,29,29,23,19,43,34,69,69,69,49,49,49,49,47,49,49,49,51,51,45,41,41,51,77,77,91,81,79,79,81,81,58,58,64,64,47,47,49,79,63],"gold":180,"neow_bonus":"THREE_ENEMY_KILL","is_prod":false,"is_daily":false,"chose_seed":false,"campfire_upgraded":3,"win_rate":0,"timestamp":1553880784,"path_taken":["M","M","?","?","?","E","M","E","T","R","E","$","?","E","R","BOSS","M","$","?","?","?","R","E","M","T","E","M","$","?","E","R","BOSS","M","?","?","M","?","E","R","E","T","E","?","E","?","E","R","BOSS"],"build_version":"2019-01-23","purchased_purges":3,"victory":true,"max_hp_per_floor":[75,75,75,75,80,80,80,80,80,80,80,80,80,80,80,80,80,80,80,80,80,80,80,82,84,84,84,86,86,86,86,86,86,86,86,100,100,102,102,104,104,106,106,108,103,103,103,103,103,103],"card_choices":[{"not_picked":["Sweeping Beam","Leap"],"picked":"Streamline","floor":1.0},{"not_picked":["Turbo","Steam Power"],"picked":"Steam","floor":2.0},{"not_picked":["Rebound","Darkness"],"picked":"Reboot","floor":3.0},{"not_picked":["Chaos","Barrage"],"picked":"Hologram","floor":6.0},{"not_picked":["Conserve Battery","Static Discharge"],"picked":"Beam Cell","floor":7.0},{"not_picked":["Hologram","Sweeping Beam"],"picked":"Streamline","floor":8.0},{"not_picked":["Aggregate","Barrage"],"picked":"Electrodynamics","floor":11.0},{"not_picked":["Auto Shields","Darkness"],"picked":"Go for the Eyes","floor":13},{"not_picked":["BootSequence","Heatsinks"],"picked":"Chill","floor":14},{"not_picked":["Hyperbeam","Rainbow"],"picked":"All For One","floor":16},{"not_picked":["Go for the Eyes+1","Rebound"],"picked":"White Noise+1","floor":18},{"not_picked":["Sweeping Beam","Reprogram"],"picked":"Skim+1","floor":20},{"not_picked":["Go for the Eyes","Tempest","Auto Shields"],"picked":"Singing Bowl","floor":24},{"not_picked":["Redo","Turbo","Compile Driver+1"],"picked":"Singing Bowl","floor":25},{"not_picked":["Fusion","Rebound"],"picked":"Reinforced Body","floor":27},{"not_picked":["Loop","Rebound"],"picked":"Beam Cell+1","floor":28},{"not_picked":["Barrage+1","Steam","Streamline+1"],"picked":"Singing Bowl","floor":28},{"not_picked":["Capacitor","Heatsinks"],"picked":"Recycle","floor":31},{"not_picked":["Rainbow","Echo Form"],"picked":"All For One","floor":33},{"not_picked":["Force Field","Go for the Eyes+1"],"picked":"Gash+1","floor":35},{"not_picked":["Chaos+1","Go for the Eyes+1"],"picked":"Gash+1","floor":35},{"not_picked":["HandOfGreed+1","Chrysalis"],"picked":"Apotheosis","floor":37},{"not_picked":["Mind Blast+1","Dark Shackles"],"picked":"Forethought","floor":37},{"not_picked":["Mayhem","HandOfGreed+1"],"picked":"Metamorphosis","floor":37},{"not_picked":["Cold Snap+1","Hello World+1","Storm"],"picked":"Singing Bowl","floor":38},{"not_picked":["Steam","Loop"],"picked":"Scrape+1","floor":38},{"not_picked":["Beam Cell+1","Fusion","Compile Driver+1"],"picked":"Singing Bowl","floor":40},{"not_picked":["Streamline+1","Recycle","Steam"],"picked":"Singing Bowl","floor":42},{"not_picked":["Skim+1","Go for the Eyes+1","Leap+1"],"picked":"Singing Bowl","floor":44},{"not_picked":["Streamline+1","Barrage+1"],"picked":"Gash+1","floor":46},{"not_picked":["Coolheaded","Cold Snap+1"],"picked":"Buffer","floor":48}],"player_experience":630037,"relics_obtained":[{"floor":6.0,"key":"MawBank"},{"floor":8.0,"key":"Matryoshka"},{"floor":9.0,"key":"Happy Flower"},{"floor":9.0,"key":"Lantern"},{"floor":11.0,"key":"Gambling Chip"},{"floor":14,"key":"Dodecahedron"},{"floor":20,"key":"Red Mask"},{"floor":24,"key":"Singing Bowl"},{"floor":26,"key":"Juzu Bracelet"},{"floor":26,"key":"Prayer Wheel"},{"floor":27,"key":"Smiling Mask"},{"floor":31,"key":"Bag of Preparation"},{"floor":34,"key":"Boot"},{"floor":34,"key":"Molten Egg 2"},{"floor":34,"key":"FossilizedHelix"},{"floor":36,"key":"Mango"},{"floor":40,"key":"Mummified Hand"},{"floor":42,"key":"Sundial"},{"floor":43,"key":"Bottled Flame"},{"floor":44,"key":"Unceasing Top"},{"floor":46,"key":"War Paint"},{"floor":48,"key":"PreservedInsect"}],"event_choices":[{"damage_healed":0.0,"max_hp_gain":0.0,"max_hp_loss":0.0,"gold_gain":0.0,"cards_transformed":["Strike_B"],"event_name":"Living Wall","player_choice":"Change","floor":4.0,"gold_loss":0.0,"damage_taken":0.0,"cards_obtained":["Scrape"]},{"damage_healed":0.0,"max_hp_gain":5.0,"max_hp_loss":0.0,"gold_gain":0.0,"event_name":"Big Fish","player_choice":"Donut","floor":5.0,"gold_loss":0.0,"damage_taken":0.0},{"damage_healed":0,"gold_gain":0,"player_choice":"Fought Bandits","damage_taken":0,"max_hp_gain":0,"max_hp_loss":0,"event_name":"Masked Bandits","floor":20,"gold_loss":0},{"damage_healed":0,"gold_gain":0,"player_choice":"Opened","damage_taken":0,"relics_obtained":["Potion Belt"],"max_hp_gain":0,"max_hp_loss":0,"event_name":"The Mausoleum","floor":21,"gold_loss":0},{"cards_removed":["Strike_B"],"damage_healed":0,"gold_gain":0,"player_choice":"Gave Gold","damage_taken":0,"max_hp_gain":0,"max_hp_loss":0,"event_name":"Beggar","floor":22,"gold_loss":75},{"damage_healed":0,"gold_gain":0,"player_choice":"Joined the Cult","damage_taken":6,"max_hp_gain":0,"max_hp_loss":0,"event_name":"Nest","floor":30,"gold_loss":0,"cards_obtained":["RitualDagger"]},{"damage_healed":0,"gold_gain":0,"player_choice":"Relic","damage_taken":0,"max_hp_gain":0,"max_hp_loss":0,"event_name":"Wheel of Change","floor":36,"gold_loss":0},{"damage_healed":0,"gold_gain":0,"player_choice":"Memory 3","damage_taken":10,"max_hp_gain":0,"max_hp_loss":0,"event_name":"SensoryStone","floor":37,"gold_loss":0},{"damage_healed":0,"gold_gain":222,"player_choice":"Wore Mask","damage_taken":0,"max_hp_gain":0,"max_hp_loss":0,"event_name":"Tomb of Lord Red Mask","floor":39,"gold_loss":0},{"damage_healed":0,"gold_gain":0,"player_choice":"Max HP","damage_taken":0,"max_hp_gain":0,"max_hp_loss":5,"event_name":"Winding Halls","floor":45,"gold_loss":0}],"is_beta":false,"boss_relics":[{"not_picked":["White Beast Statue","Fusion Hammer"],"picked":"Runic Pyramid"},{"not_picked":["Runic Dome","Inserter"],"picked":"Calling Bell"}],"items_purged_floors":[19,29,47],"is_endless":false,"potions_floor_spawned":[6,7,11,16,18,20,31,33,35,38,42,46],"ascension_level":5}