{"gold_per_floor":[111,111,36,36,53,53,67,87,132,32,44,60,60,80,80,180,180,190,201,201,201,126,126,126],"floor_reached":24,"playtime":2103,"items_purged":["Strike_R","Defend_R"],"score":188,"play_id":"0ba2d45c-ae02-4038-961d-647bf7fa911b","local_time":"20190205182224","is_ascension_mode":false,"campfire_choices":[{"data":"Shrug It Off","floor":6.0,"key":"SMITH"},{"data":"Bash","floor":15.0,"key":"SMITH"},{"floor":23.0,"key":"REST"}],"neow_cost":"NONE","seed_source_timestamp":1904759440499996,"circlet_count":0,"master_deck":["Strike_R+1","Strike_R+1","Defend_R","Defend_R","Bash+1","Shrug It Off+1"],"special_seed":0,"relics":["Burning Blood","Ancient Tea Set","Black Star"],"potions_floor_usage":[24,24],"damage_taken":[{"damage":4.0,"enemies":"2 Louse","floor":1.0,"turns":5.0},{"damage":5.0,"enemies":"Small Slimes","floor":5.0,"turns":3.0},{"damage":0.0,"enemies":"Cultist","floor":7.0,"turns":3.0},{"damage":0.0,"enemies":"Lots of Slimes","floor":8.0,"turns":5.0},{"damage":10.0,"enemies":"2 Fungi Beasts","floor":11.0,"turns":6.0},{"damage":8.0,"enemies":"3 Louse","floor":12.0,"turns":5.0},{"damage":0.0,"enemies":"Looter","floor":14.0,"turns":3.0},{"damage":51.0,"enemies":"Slime Boss","floor":16.0,"turns":12.0},{"damage":58.0,"enemies":"3 Byrds","floor":18.0,"turns":9.0},{"damage":22.0,"enemies":"Chosen","floor":19.0,"turns":5.0},{"damage":36,"enemies":"Gremlin Leader","floor":24,"turns":7}],"seed_played":"-4457520600147090166","potions_obtained":[{"floor":1.0,"key":"Block Potion"},{"floor":5.0,"key":"Strength Potion"},{"floor":14.0,"key":"Dexterity Potion"},{"floor":19.0,"key":"Fire Potion"}],"is_trial":false,"path_per_floor":["M","?","$","?","M","R","M","M","T","$","M","M","$","M","R","B",null,"M","M","?","?","?","R","E"],"character_chosen":"IRONCLAD","items_purchased":[],"campfire_rested":1,"item_purchase_floors":[],"current_hp_per_floor":[80,85,85,68,69,69,75,81,81,81,77,75,75,81,81,36,85,33,17,17,17,17,42,6],"gold":126,"neow_bonus":"REMOVE_CARD","is_prod":false,"is_daily":false,"chose_seed":false,"campfire_upgraded":2,"win_rate":0,"timestamp":1549412544,"path_taken":["M","?","$","?","M","R","M","M","T","$","M","M","$","M","R","BOSS","M","M","?","?","?","R","E"],"build_version":"2019-01-23","purchased_purges":2,"victory":false,"max_hp_per_floor":[80,85,85,85,85,85,85,85,85,85,85,85,85,85,85,85,85,85,85,85,85,85,85,85],"card_choices":[{"not_picked":["Seeing Red","Flex","Heavy Blade"],"picked":"SKIP","floor":1.0},{"not_picked":["Iron Wave","Headbutt"],"picked":"Shrug It Off","floor":5.0},{"not_picked":["Flex","Body Slam","Whirlwind"],"picked":"SKIP","floor":7.0},{"not_picked":["Inflame","Perfected Strike","Pummel"],"picked":"SKIP","floor":8.0},{"not_picked":["Headbutt","Twin Strike","Juggernaut"],"picked":"SKIP","floor":11.0},{"not_picked":["Feel No Pain","Uppercut","Combust"],"picked":"SKIP","floor":12.0},{"not_picked":["Seeing Red","Battle Trance","Clothesline"],"picked":"SKIP","floor":14.0},{"not_picked":["Seeing Red","Battle Trance","Clothesline"],"picked":"SKIP","floor":14.0},{"not_picked":["Evolve","Havoc","Heavy Blade"],"picked":"SKIP","floor":18.0},{"not_picked":["Fire Breathing+1","Shrug It Off","Hemokinesis+1"],"picked":"SKIP","floor":19.0}],"player_experience":718587,"relics_obtained":[{"floor":9.0,"key":"Ancient Tea Set"}],"event_choices":[{"damage_healed":0.0,"max_hp_gain":5.0,"max_hp_loss":0.0,"gold_gain":0.0,"event_name":"Big Fish","player_choice":"Donut","floor":2.0,"gold_loss":0.0,"damage_taken":0.0},{"damage_healed":0.0,"max_hp_gain":0.0,"max_hp_loss":0.0,"gold_gain":0.0,"event_name":"Shining Light","player_choice":"Entered Light","floor":4.0,"gold_loss":0.0,"damage_taken":17.0,"cards_upgraded":["Strike_R","Strike_R"]},{"damage_healed":0.0,"max_hp_gain":0.0,"max_hp_loss":0.0,"gold_gain":0.0,"event_name":"Ghosts","player_choice":"Ignored","floor":20.0,"gold_loss":0.0,"damage_taken":0.0},{"cards_removed":["Strike_R"],"damage_healed":0.0,"max_hp_gain":0.0,"max_hp_loss":0.0,"gold_gain":0.0,"event_name":"Back to Basics","player_choice":"Elegance","floor":21.0,"gold_loss":0.0,"damage_taken":0.0},{"cards_removed":["Strike_R"],"damage_healed":0.0,"max_hp_gain":0.0,"max_hp_loss":0.0,"gold_gain":0.0,"event_name":"Beggar","player_choice":"Gave Gold","floor":22.0,"gold_loss":75.0,"damage_taken":0.0}],"is_beta":false,"boss_relics":[{"not_picked":["Eternal Feather","Mark of Pain"],"picked":"Black Star"}],"items_purged_floors":[3,10],"is_endless":false,"potions_floor_spawned":[1,5,14,19],"killed_by":"Gremlin Leader","ascension_level":0}