{"gold_per_floor":[113,132,8,183,183,183,197,197,197,197,43,43,43,53,53,151,151],"floor_reached":17,"playtime":674,"items_purged":["Strike_B","Doubt"],"score":143,"play_id":"ef45f1ed-1d4e-4969-aaaf-a675a64328f8","local_time":"20190204182708","is_ascension_mode":false,"campfire_choices":[{"data":"Redo","floor":6,"key":"SMITH"},{"data":"Hologram","floor":8,"key":"SMITH"},{"data":"Zap","floor":10,"key":"SMITH"},{"data":"Conserve Battery","floor":15,"key":"SMITH"}],"neow_cost":"NONE","seed_source_timestamp":1820144465408772,"circlet_count":0,"master_deck":["Strike_B","Strike_B","Strike_B","Defend_B","Defend_B","Defend_B","Defend_B","Zap+1","Dualcast+1","Cold Snap","Skim","Redo+1","Hologram+1","Conserve Battery+1","Glacier","Seek"],"relics":["Cracked Core","Cursed Key"],"potions_floor_usage":[16,16],"damage_taken":[{"damage":0,"enemies":"Cultist","floor":1,"turns":3},{"damage":3,"enemies":"Small Slimes","floor":2,"turns":4},{"damage":0,"enemies":"2 Louse","floor":7,"turns":3},{"damage":0,"enemies":"Blue Slaver","floor":14,"turns":2},{"damage":55,"enemies":"Slime Boss","floor":16,"turns":18}],"seed_played":"-7627780653759719799","potions_obtained":[{"floor":1,"key":"Regen Potion"},{"floor":7,"key":"Weak Potion"}],"is_trial":false,"path_per_floor":["M","M","$","?","?","R","M","R","T","R","$","?","$","M","R","B",null],"character_chosen":"DEFECT","items_purchased":["Redo","Conserve Battery"],"campfire_rested":0,"item_purchase_floors":[3,11],"current_hp_per_floor":[75,72,72,72,72,72,72,72,72,72,72,72,72,72,72,32,32],"gold":151,"neow_bonus":"UPGRADE_CARD","is_prod":false,"is_daily":false,"chose_seed":false,"campfire_upgraded":4,"win_rate":0,"timestamp":1549326428,"path_taken":["M","M","$","?","?","R","M","R","T","R","$","?","?","M","R","BOSS"],"build_version":"2019-01-23","purchased_purges":2,"victory":false,"max_hp_per_floor":[75,75,75,75,75,75,75,75,75,75,75,75,75,75,75,75,75],"card_choices":[{"not_picked":["Ball Lightning","Rebound"],"picked":"Cold Snap","floor":1},{"not_picked":["Sweeping Beam","Ball Lightning"],"picked":"Skim","floor":2},{"not_picked":["Doom and Gloom","Barrage"],"picked":"Hologram","floor":7},{"not_picked":["Rip and Tear","Conserve Battery"],"picked":"Glacier","floor":14},{"not_picked":["Core Surge","Thunder Strike"],"picked":"Seek","floor":16}],"player_experience":713384,"relics_obtained":[],"event_choices":[{"damage_healed":0,"gold_gain":175,"player_choice":"AGREE","damage_taken":0,"max_hp_gain":0,"max_hp_loss":0,"event_name":"Liars Game","floor":4,"gold_loss":0,"cards_obtained":["Doubt"]},{"damage_healed":0,"gold_gain":0,"player_choice":"Fled","damage_taken":0,"max_hp_gain":0,"max_hp_loss":0,"event_name":"Scrap Ooze","floor":5,"gold_loss":0},{"damage_healed":0,"gold_gain":0,"player_choice":"Leave","damage_taken":0,"max_hp_gain":0,"max_hp_loss":0,"event_name":"The Cleric","floor":12,"gold_loss":0}],"is_beta":false,"boss_relics":[{"not_picked":["Astrolabe","Fusion Hammer"],"picked":"Cursed Key"}],"items_purged_floors":[3,11],"is_endless":false,"potions_floor_spawned":[1,7],"ascension_level":0}