{"gold_per_floor":[113,113,126,126,146,146,184,197,197,197,297,328,328,352,352,475,475,490,269,269,26,40,40,76,90,90,90,90,113,28,28,28,153,153,166,76,91,109,132,176,0,0,25,25,44,44],"floor_reached":46,"playtime":6664,"items_purged":["Strike_G","Strike_G"],"score":526,"play_id":"30dd3db3-2633-4027-bb46-4a1b5dfe6d37","local_time":"20190326090800","is_ascension_mode":true,"campfire_choices":[{"data":"Cloak And Dagger","floor":6,"key":"SMITH"},{"floor":10,"key":"REST"},{"data":"Noxious Fumes","floor":13,"key":"SMITH"},{"floor":15,"key":"REST"},{"floor":23,"key":"REST"},{"floor":28,"key":"REST"},{"floor":32,"key":"REST"},{"floor":42,"key":"REST"},{"floor":44,"key":"REST"}],"neow_cost":"NONE","seed_source_timestamp":299527278321669,"circlet_count":0,"master_deck":["Defend_G","Defend_G","Defend_G","Defend_G+1","Defend_G","Strike_G","Strike_G","Survivor","Neutralize","Wraith Form v2","Well Laid Plans","Leg Sweep","Cloak And Dagger+1","Noxious Fumes+1","Prepared","Corpse Explosion","Backstab","A Thousand Cuts","Infinite Blades","Underhanded Strike","Prepared","Underhanded Strike","Dagger Throw","Calculated Gamble","Noxious Fumes","Deflect","Catalyst","Acrobatics","Die Die Die","Catalyst","Footwork","Prepared+1","Normality"],"relics":["Ring of the Snake","Golden Idol","Bag of Marbles","Bag of Preparation","Darkstone Periapt","Orrery","Oddly Smooth Stone","Orichalcum","The Specimen","Singing Bowl","Vajra","Cursed Key","Anchor","Red Mask","Pen Nib"],"potions_floor_usage":[7,12,16,25,25,40,40,40],"damage_taken":[{"damage":0,"enemies":"Jaw Worm","floor":1,"turns":6},{"damage":1,"enemies":"Small Slimes","floor":3,"turns":3},{"damage":0,"enemies":"Cultist","floor":5,"turns":5},{"damage":22,"enemies":"Lagavulin","floor":7,"turns":17},{"damage":2,"enemies":"3 Louse","floor":8,"turns":6},{"damage":11,"enemies":"Gremlin Nob","floor":12,"turns":5},{"damage":0,"enemies":"2 Fungi Beasts","floor":14,"turns":4},{"damage":10,"enemies":"Hexaghost","floor":16,"turns":9},{"damage":32,"enemies":"3 Byrds","floor":18,"turns":6},{"damage":4,"enemies":"2 Thieves","floor":22,"turns":4},{"damage":32,"enemies":"Gremlin Leader","floor":24,"turns":8},{"damage":17,"enemies":"Centurion and Healer","floor":25,"turns":4},{"damage":4,"enemies":"Snecko","floor":29,"turns":5},{"damage":22,"enemies":"Automaton","floor":33,"turns":8},{"damage":0,"enemies":"3 Darklings","floor":35,"turns":2},{"damage":6,"enemies":"Orb Walker","floor":37,"turns":4},{"damage":51,"enemies":"Transient","floor":38,"turns":5},{"damage":0,"enemies":"Jaw Worm Horde","floor":39,"turns":3},{"damage":11,"enemies":"Reptomancer","floor":40,"turns":6},{"damage":29,"enemies":"Spire Growth","floor":45,"turns":5},{"damage":49,"enemies":"Maw","floor":46,"turns":4}],"seed_played":"-5011111189117461970","potions_obtained":[{"floor":1,"key":"SpeedPotion"},{"floor":8,"key":"PowerPotion"},{"floor":12,"key":"AttackPotion"},{"floor":18,"key":"SpeedPotion"},{"floor":24,"key":"FearPotion"},{"floor":37,"key":"Strength Potion"},{"floor":38,"key":"Energy Potion"},{"floor":39,"key":"Explosive Potion"}],"is_trial":false,"path_per_floor":["M","?","M","?","M","R","E","M","T","R","?","E","R","M","R","B",null,"M","$","?","$","M","R","E","M","T","?","R","M","?","?","R","B",null,"M","?","M","M","M","E","?","R","T","R","M","M"],"character_chosen":"THE_SILENT","items_purchased":["Oddly Smooth Stone","Orichalcum"],"campfire_rested":7,"item_purchase_floors":[19,21],"current_hp_per_floor":[70,53,52,52,52,52,30,28,28,49,49,38,38,38,59,49,70,38,38,38,38,34,55,23,6,6,6,27,25,25,25,46,24,72,74,74,68,17,19,8,8,30,36,60,33,0],"gold":44,"neow_bonus":"ONE_RANDOM_RARE_CARD","is_prod":false,"is_daily":false,"chose_seed":false,"campfire_upgraded":2,"win_rate":0,"timestamp":1553591280,"path_taken":["M","?","M","?","M","R","E","M","T","R","?","E","R","M","R","BOSS","M","$","?","$","M","R","E","M","T","?","R","M","?","?","R","BOSS","M","?","M","M","?","E","?","R","T","R","M","M"],"build_version":"2019-01-23","purchased_purges":2,"victory":false,"max_hp_per_floor":[70,70,70,70,70,70,70,70,70,70,70,70,70,70,70,70,70,70,70,70,70,70,70,70,70,70,70,70,72,72,72,72,72,72,74,74,74,74,76,76,76,76,82,82,84,84],"card_choices":[{"not_picked":["Skewer","Masterful Stab"],"picked":"Well Laid Plans","floor":1},{"not_picked":["Bane","Finisher"],"picked":"Leg Sweep","floor":3},{"not_picked":["Setup","Masterful Stab"],"picked":"Cloak And Dagger","floor":5},{"not_picked":["Burst","Outmaneuver"],"picked":"Noxious Fumes","floor":7},{"not_picked":["Endless Agony","Sucker Punch"],"picked":"Prepared","floor":8},{"not_picked":["Flying Knee","Bane"],"picked":"Corpse Explosion","floor":12},{"not_picked":["Setup","Deadly Poison"],"picked":"Backstab","floor":14},{"not_picked":["Bullet Time","Night Terror"],"picked":"A Thousand Cuts","floor":16},{"not_picked":["Prepared","Bane"],"picked":"Infinite Blades","floor":17},{"not_picked":["Predator","Acrobatics"],"picked":"Underhanded Strike","floor":17},{"not_picked":["Acrobatics","Dodge and Roll"],"picked":"Prepared","floor":17},{"not_picked":["Catalyst","Dodge and Roll"],"picked":"Underhanded Strike","floor":17},{"not_picked":["Underhanded Strike","Outmaneuver"],"picked":"Dagger Throw","floor":17},{"not_picked":["Underhanded Strike","Blade Dance"],"picked":"Calculated Gamble","floor":18},{"not_picked":["Blade Dance+1","Predator"],"picked":"Deflect","floor":22},{"not_picked":["All Out Attack","Noxious Fumes"],"picked":"Catalyst","floor":24},{"not_picked":["Outmaneuver+1","Poisoned Stab"],"picked":"Acrobatics","floor":25},{"not_picked":["Doppelganger","Blade Dance","Dagger Spray"],"picked":"Singing Bowl","floor":29},{"not_picked":["Doppelganger","Phantasmal Killer"],"picked":"Die Die Die","floor":33},{"not_picked":["Predator","Deflect","Dodge and Roll"],"picked":"Singing Bowl","floor":35},{"not_picked":["Distraction","Underhanded Strike"],"picked":"Catalyst","floor":37},{"not_picked":["PiercingWail+1","Dagger Spray+1"],"picked":"Footwork","floor":38},{"not_picked":["Reflex+1","Blade Dance","Dagger Spray"],"picked":"Singing Bowl","floor":39},{"not_picked":["Dagger Throw+1","Poisoned Stab+1"],"picked":"Prepared+1","floor":40},{"not_picked":["Blade Dance","Dodge and Roll","Dagger Spray+1"],"picked":"Singing Bowl","floor":45}],"player_experience":184884,"relics_obtained":[{"floor":7,"key":"Bag of Marbles"},{"floor":9,"key":"Bag of Preparation"},{"floor":12,"key":"Darkstone Periapt"},{"floor":24,"key":"The Specimen"},{"floor":26,"key":"Singing Bowl"},{"floor":40,"key":"Anchor"},{"floor":43,"key":"Pen Nib"}],"event_choices":[{"damage_healed":0,"gold_gain":0,"player_choice":"Take Damage","damage_taken":17,"relics_obtained":["Golden Idol"],"max_hp_gain":0,"max_hp_loss":0,"event_name":"Golden Idol","floor":2,"gold_loss":0},{"damage_healed":0,"gold_gain":0,"player_choice":"Ignored","damage_taken":0,"max_hp_gain":0,"max_hp_loss":0,"event_name":"Liars Game","floor":4,"gold_loss":0},{"damage_healed":0,"gold_gain":100,"player_choice":"Gold","damage_taken":0,"max_hp_gain":0,"max_hp_loss":0,"event_name":"Wheel of Change","floor":11,"gold_loss":0},{"damage_healed":0,"gold_gain":0,"player_choice":"Read","damage_taken":0,"max_hp_gain":0,"max_hp_loss":0,"event_name":"The Library","floor":20,"gold_loss":0,"cards_obtained":["Noxious Fumes"]},{"damage_healed":0,"gold_gain":0,"player_choice":"Ignored","damage_taken":0,"max_hp_gain":0,"max_hp_loss":0,"event_name":"Ghosts","floor":27,"gold_loss":0},{"damage_healed":0,"gold_gain":0,"player_choice":"Obtained Relic","damage_taken":0,"relics_obtained":["Vajra"],"max_hp_gain":0,"max_hp_loss":0,"event_name":"Addict","floor":30,"gold_loss":85},{"damage_healed":0,"gold_gain":0,"player_choice":"Ignored","damage_taken":0,"max_hp_gain":0,"max_hp_loss":0,"event_name":"Cursed Tome","floor":31,"gold_loss":0},{"cards_removed":["Strike_G"],"damage_healed":0,"gold_gain":0,"player_choice":"Upgrade and Remove","damage_taken":0,"max_hp_gain":0,"max_hp_loss":0,"event_name":"Designer","floor":36,"gold_loss":90,"cards_upgraded":["Defend_G"]},{"damage_healed":0,"gold_gain":0,"player_choice":"Paid","damage_taken":0,"relics_obtained":["Red Mask"],"max_hp_gain":0,"max_hp_loss":0,"event_name":"Tomb of Lord Red Mask","floor":41,"gold_loss":176}],"is_beta":false,"boss_relics":[{"not_picked":["Fusion Hammer","White Beast Statue"],"picked":"Orrery"},{"not_picked":["Snecko Eye","Ring of the Serpent"],"picked":"Cursed Key"}],"items_purged_floors":[19,21],"is_endless":false,"potions_floor_spawned":[1,8,12,18,24,37,38,39],"killed_by":"Maw","ascension_level":2}