{"gold_per_floor":[117,135,154,154,172,172,172,205,205,205,221,235,10,10,10,114,114,133,159,159,173,73,73,89,89,89,89,109,19,19,19,19,121,171,189,202,212,134,134,134,150,250,250,250,88,310,310,324,324,324,324,324,39,68,68],"floor_reached":55,"playtime":3293,"items_purged":["Regret","Strike_B","Strike_B"],"score":865,"play_id":"c3ecb0ae-c388-4239-bfb2-a7930e045d0b","local_time":"20190317160026","is_ascension_mode":false,"campfire_choices":[{"data":"Echo Form","floor":6.0,"key":"SMITH"},{"floor":10.0,"key":"REST"},{"data":"Biased Cognition","floor":15.0,"key":"SMITH"},{"floor":23.0,"key":"RECALL"},{"data":"Defragment","floor":25.0,"key":"SMITH"},{"data":"Sweeping Beam","floor":27.0,"key":"SMITH"},{"data":"Conserve Battery","floor":30.0,"key":"SMITH"},{"data":"Zap","floor":32.0,"key":"SMITH"},{"data":"Defragment","floor":40.0,"key":"SMITH"},{"data":"Electrodynamics","floor":44.0,"key":"SMITH"},{"data":"Loop","floor":49.0,"key":"SMITH"},{"data":"Go for the Eyes","floor":52.0,"key":"SMITH"}],"neow_cost":"NONE","seed_source_timestamp":0,"circlet_count":0,"master_deck":["Strike_B+1","Defend_B","Defend_B+1","Defend_B","Defend_B","Zap+1","Dualcast","Seek","Go for the Eyes+1","Coolheaded","Echo Form+1","Cold Snap","Conserve Battery+1","Sweeping Beam+1","Biased Cognition+1","Defragment+1","Self Repair+1","Ball Lightning+1","Electrodynamics+1","Defragment+1","Loop+1","Madness","Madness","Cold Snap","Ball Lightning","Seek"],"special_seed":0,"relics":["Cracked Core","Happy Flower","Blue Candle","Sozu","Red Mask","Singing Bowl","Tiny House","FossilizedHelix","Turnip","Runic Capacitor","DataDisk"],"potions_floor_usage":[],"damage_taken":[{"damage":1.0,"enemies":"Cultist","floor":1.0,"turns":3.0},{"damage":0.0,"enemies":"2 Louse","floor":2.0,"turns":2.0},{"damage":0.0,"enemies":"Small Slimes","floor":3.0,"turns":4.0},{"damage":7.0,"enemies":"Looter","floor":5.0,"turns":3.0},{"damage":53.0,"enemies":"3 Sentries","floor":8.0,"turns":11.0},{"damage":4.0,"enemies":"Large Slime","floor":11.0,"turns":4.0},{"damage":6.0,"enemies":"Blue Slaver","floor":12.0,"turns":4.0},{"damage":8.0,"enemies":"The Guardian","floor":16.0,"turns":14.0},{"damage":0.0,"enemies":"Shell Parasite","floor":18.0,"turns":5.0},{"damage":17.0,"enemies":"Masked Bandits","floor":19.0,"turns":5.0},{"damage":16.0,"enemies":"2 Thieves","floor":21.0,"turns":4.0},{"damage":2.0,"enemies":"3 Cultists","floor":24.0,"turns":5.0},{"damage":0.0,"enemies":"Centurion and Healer","floor":28.0,"turns":6.0},{"damage":7.0,"enemies":"Champ","floor":33.0,"turns":15.0},{"damage":1.0,"enemies":"Orb Walker","floor":35.0,"turns":2.0},{"damage":0.0,"enemies":"3 Shapes","floor":36.0,"turns":2.0},{"damage":7.0,"enemies":"Transient","floor":37.0,"turns":5.0},{"damage":5.0,"enemies":"Maw","floor":41.0,"turns":6.0},{"damage":3.0,"enemies":"Mind Bloom Boss Battle","floor":42.0,"turns":6.0},{"damage":32.0,"enemies":"Spire Growth","floor":48.0,"turns":4.0},{"damage":57.0,"enemies":"Time Eater","floor":50.0,"turns":10.0},{"damage":54.0,"enemies":"Shield and Spear","floor":54.0,"turns":5.0},{"damage":48,"enemies":"The Heart","floor":55,"turns":2}],"seed_played":"-5537840739024758179","potions_obtained":[{"floor":2.0,"key":"Swift Potion"},{"floor":3.0,"key":"GamblersBrew"},{"floor":16.0,"key":"Block Potion"}],"is_trial":false,"path_per_floor":["M","M","M","?","M","R","?","E","T","R","M","M","$","?","R","B",null,"M","?","?","M","$","R","M","R","T","R","M","?","R","$","R","B",null,"M","M","M","$","?","R","M","?","T","R","$","?","?","M","R","B",null,"R","$","E","B"],"character_chosen":"DEFECT","items_purchased":["Biased Cognition","Defragment","Loop","Runic Capacitor","Cold Snap","Ball Lightning"],"campfire_rested":1,"item_purchase_floors":[13,38,45,53,53,53],"current_hp_per_floor":[74,74,74,74,67,67,67,14,14,36,32,26,26,26,26,18,75,75,58,58,52,52,52,60,60,60,60,72,72,72,72,72,75,84,85,87,90,90,92,92,94,96,96,96,96,96,84,74,74,27,98,98,98,44,0],"gold":68,"neow_bonus":"ONE_RANDOM_RARE_CARD","is_prod":false,"is_daily":false,"chose_seed":false,"campfire_upgraded":10,"win_rate":0,"timestamp":1552856426,"path_taken":["M","?","M","?","M","R","?","E","T","R","M","M","$","?","R","BOSS","M","?","?","M","$","R","M","R","T","R","M","?","R","$","R","BOSS","M","M","M","?","?","R","M","?","T","R","$","?","?","?","R","BOSS","R","$","E","BOSS"],"build_version":"2019-01-23","purchased_purges":3,"victory":false,"max_hp_per_floor":[75,75,75,75,75,75,75,75,75,75,75,75,75,75,75,75,75,75,75,75,75,75,75,75,75,75,75,77,77,77,77,77,77,84,86,88,90,90,92,92,94,96,96,96,96,96,96,98,98,98,98,98,98,98,98],"card_choices":[{"not_picked":["Streamline","Blizzard"],"picked":"Go for the Eyes","floor":1.0},{"not_picked":["Turbo","Compile Driver"],"picked":"Coolheaded","floor":2.0},{"not_picked":["Coolheaded","Rebound","Recycle"],"picked":"SKIP","floor":3.0},{"not_picked":["Beam Cell","Go for the Eyes"],"picked":"Echo Form","floor":5.0},{"not_picked":["Streamline","Barrage"],"picked":"Cold Snap","floor":8.0},{"not_picked":["Darkness","Turbo"],"picked":"Conserve Battery","floor":11.0},{"not_picked":["Capacitor","Leap"],"picked":"Sweeping Beam","floor":12.0},{"not_picked":["Redo","Blizzard"],"picked":"Defragment","floor":18.0},{"not_picked":["Conserve Battery+1","Storm"],"picked":"Self Repair+1","floor":19.0},{"not_picked":["Undo","Coolheaded"],"picked":"Ball Lightning+1","floor":21.0},{"not_picked":["Stack+1","Redo","Rebound+1"],"picked":"SKIP","floor":24.0},{"not_picked":["Recycle","Genetic Algorithm+1","Meteor Strike"],"picked":"Singing Bowl","floor":28.0},{"not_picked":["Biased Cognition","Amplify"],"picked":"Electrodynamics","floor":33.0},{"not_picked":["Barrage+1","Compile Driver","Sweeping Beam"],"picked":"Singing Bowl","floor":34.0},{"not_picked":["Barrage","Hologram+1","Turbo+1"],"picked":"Singing Bowl","floor":35.0},{"not_picked":["Go for the Eyes","Undo+1","Consume+1"],"picked":"Singing Bowl","floor":36.0},{"not_picked":["Coolheaded+1","Streamline+1","Melter+1"],"picked":"Singing Bowl","floor":37.0},{"not_picked":["Dramatic Entrance","Panache","PanicButton"],"picked":"Singing Bowl","floor":39.0},{"not_picked":["Turbo","Rebound","Doom and Gloom"],"picked":"Singing Bowl","floor":41.0},{"not_picked":["Cold Snap+1","Hologram+1","Auto Shields+1"],"picked":"Singing Bowl","floor":42.0},{"not_picked":["Rebound+1","Steam","Conserve Battery"],"picked":"Singing Bowl","floor":48.0},{"not_picked":["Turbo","Stack+1"],"picked":"Seek","floor":54.0}],"player_experience":771065,"relics_obtained":[{"floor":8.0,"key":"Blue Candle"},{"floor":19.0,"key":"Red Mask"},{"floor":26.0,"key":"Singing Bowl"},{"floor":42.0,"key":"FossilizedHelix"},{"floor":43.0,"key":"Turnip"},{"floor":54.0,"key":"DataDisk"}],"event_choices":[{"damage_healed":0.0,"max_hp_gain":0.0,"max_hp_loss":0.0,"gold_gain":0.0,"event_name":"Big Fish","player_choice":"Box","floor":4.0,"gold_loss":0.0,"damage_taken":0.0,"relics_obtained":["Happy Flower"],"cards_obtained":["Regret"]},{"damage_healed":0.0,"max_hp_gain":0.0,"max_hp_loss":0.0,"gold_gain":0.0,"event_name":"Liars Game","player_choice":"Ignored","floor":7.0,"gold_loss":0.0,"damage_taken":0.0},{"damage_healed":0.0,"max_hp_gain":0.0,"max_hp_loss":0.0,"gold_gain":0.0,"event_name":"The Cleric","player_choice":"Leave","floor":14.0,"gold_loss":0.0,"damage_taken":0.0},{"damage_healed":0.0,"max_hp_gain":0.0,"max_hp_loss":0.0,"gold_gain":0.0,"event_name":"Masked Bandits","player_choice":"Fought Bandits","floor":19.0,"gold_loss":0.0,"damage_taken":0.0},{"damage_healed":0.0,"max_hp_gain":0.0,"max_hp_loss":0.0,"gold_gain":0.0,"event_name":"Vampires","player_choice":"Ignored","floor":20.0,"gold_loss":0.0,"damage_taken":0.0},{"cards_removed":["Strike_B"],"damage_healed":0.0,"max_hp_gain":0.0,"max_hp_loss":0.0,"gold_gain":0.0,"event_name":"Designer","player_choice":"Upgrade and Remove","floor":29.0,"gold_loss":90.0,"damage_taken":0.0,"cards_upgraded":["Strike_B"]},{"damage_healed":0.0,"max_hp_gain":0.0,"max_hp_loss":0.0,"gold_gain":0.0,"event_name":"SensoryStone","player_choice":"Memory 1","floor":39.0,"gold_loss":0.0,"damage_taken":0.0},{"damage_healed":0.0,"max_hp_gain":0.0,"max_hp_loss":0.0,"gold_gain":0.0,"event_name":"MindBloom","player_choice":"Fight","floor":42.0,"gold_loss":0.0,"damage_taken":0.0},{"damage_healed":0.0,"max_hp_gain":0.0,"max_hp_loss":0.0,"gold_gain":222.0,"event_name":"Tomb of Lord Red Mask","player_choice":"Wore Mask","floor":46.0,"gold_loss":0.0,"damage_taken":0.0},{"damage_healed":0.0,"max_hp_gain":0.0,"max_hp_loss":0.0,"gold_gain":0.0,"event_name":"Winding Halls","player_choice":"Embrace Madness","floor":47.0,"gold_loss":0.0,"damage_taken":12.0,"cards_obtained":["Madness","Madness"]}],"is_beta":false,"boss_relics":[{"not_picked":["Cursed Key","Velvet Choker"],"picked":"Sozu"},{"not_picked":["Snecko Eye","Coffee Dripper"],"picked":"Tiny House"}],"items_purged_floors":[13,22,45],"is_endless":false,"potions_floor_spawned":[2,3,16,21,28,33,37,41,48],"killed_by":"The Heart","ascension_level":0}