{"gold_per_floor":[112,123,123,142,12,12,45,45,45,74,84,84,97,114,114,187,187,199,44,44,61,41,60,60],"floor_reached":24,"playtime":2061,"items_purged":["Strike_G"],"score":416,"play_id":"5f364299-260a-4949-957e-abf68df2077c","local_time":"20190310095345","is_ascension_mode":true,"campfire_choices":[{"data":"Neutralize","floor":6.0,"key":"SMITH"},{"data":"Footwork","floor":8.0,"key":"SMITH"},{"floor":12.0,"key":"REST"},{"floor":15.0,"key":"REST"}],"neow_cost":"NONE","seed_source_timestamp":692535870260301,"circlet_count":0,"master_deck":["AscendersBane","Defend_G","Defend_G+1","Defend_G","Defend_G+1","Defend_G","Strike_G","Strike_G","Strike_G","Strike_G","Survivor","Neutralize+1","Poisoned Stab","Footwork+1","Cloak And Dagger","Catalyst","Dash","Infinite Blades","Footwork","Deflect","Night Terror","Backflip","Leg Sweep","Escape Plan+1","Acrobatics"],"special_seed":0,"relics":["Ring of the Snake","Ancient Tea Set","Pear","Kunai","Juzu Bracelet","HoveringKite"],"potions_floor_usage":[24],"damage_taken":[{"damage":8.0,"enemies":"Small Slimes","floor":1.0,"turns":6.0},{"damage":0.0,"enemies":"2 Louse","floor":2.0,"turns":3.0},{"damage":0.0,"enemies":"Cultist","floor":4.0,"turns":4.0},{"damage":10.0,"enemies":"3 Sentries","floor":7.0,"turns":14.0},{"damage":36.0,"enemies":"Lagavulin","floor":10.0,"turns":14.0},{"damage":9.0,"enemies":"Gremlin Gang","floor":11.0,"turns":10.0},{"damage":1.0,"enemies":"Large Slime","floor":13.0,"turns":9.0},{"damage":5.0,"enemies":"Looter","floor":14.0,"turns":4.0},{"damage":25.0,"enemies":"Slime Boss","floor":16.0,"turns":16.0},{"damage":19.0,"enemies":"3 Byrds","floor":18.0,"turns":11.0},{"damage":7.0,"enemies":"Shell Parasite","floor":21.0,"turns":9.0},{"damage":23.0,"enemies":"Chosen and Byrds","floor":23.0,"turns":13.0},{"damage":52,"enemies":"Cultist and Chosen","floor":24,"turns":5}],"seed_played":"5378401578057132524","potions_obtained":[{"floor":7.0,"key":"Regen Potion"},{"floor":10.0,"key":"GamblersBrew"},{"floor":13.0,"key":"FearPotion"},{"floor":22.0,"key":"FairyPotion"},{"floor":23.0,"key":"SkillPotion"}],"is_trial":false,"path_per_floor":["M","M","?","M","$","R","E","R","T","E","M","R","M","M","R","B",null,"M","$","?","M","?","M","M"],"character_chosen":"THE_SILENT","items_purchased":["Catalyst","Fire Potion","Leg Sweep"],"campfire_rested":2,"item_purchase_floors":[5,5,19],"current_hp_per_floor":[51,51,31,31,31,31,31,31,31,10,1,23,22,17,39,14,61,42,42,35,28,28,5,0],"gold":60,"neow_bonus":"RANDOM_COMMON_RELIC","is_prod":false,"is_daily":false,"chose_seed":false,"campfire_upgraded":2,"win_rate":0,"timestamp":1552229625,"path_taken":["M","M","?","M","$","R","E","R","T","E","M","R","M","M","R","BOSS","M","$","?","M","?","M","M"],"build_version":"2019-01-23","purchased_purges":1,"victory":false,"max_hp_per_floor":[66,66,66,66,66,66,76,76,76,76,76,76,76,76,76,76,76,76,76,76,76,76,76,76],"card_choices":[{"not_picked":["Sucker Punch","Underhanded Strike"],"picked":"Poisoned Stab","floor":1.0},{"not_picked":["Escape Plan","Concentrate"],"picked":"Footwork","floor":2.0},{"not_picked":["Underhanded Strike","Eviscerate"],"picked":"Cloak And Dagger","floor":4.0},{"not_picked":["Setup","Bane"],"picked":"Dash","floor":7.0},{"not_picked":["Prepared","Eviscerate","Acrobatics"],"picked":"SKIP","floor":10.0},{"not_picked":["Setup","Deflect"],"picked":"Infinite Blades","floor":11.0},{"not_picked":["All Out Attack","Deflect"],"picked":"Footwork","floor":13.0},{"not_picked":["Bane","Deadly Poison"],"picked":"Deflect","floor":14.0},{"not_picked":["Doppelganger","Grand Finale"],"picked":"Night Terror","floor":16.0},{"not_picked":["Deadly Poison","Bane"],"picked":"Backflip","floor":18.0},{"not_picked":["Sucker Punch","Backstab"],"picked":"Escape Plan+1","floor":21.0},{"not_picked":["Masterful Stab","Well Laid Plans"],"picked":"Acrobatics","floor":23.0}],"player_experience":740665,"relics_obtained":[{"floor":7.0,"key":"Pear"},{"floor":9.0,"key":"Kunai"},{"floor":10.0,"key":"Juzu Bracelet"}],"event_choices":[{"damage_healed":0.0,"max_hp_gain":0.0,"max_hp_loss":0.0,"gold_gain":0.0,"event_name":"Shining Light","player_choice":"Entered Light","floor":3.0,"gold_loss":0.0,"damage_taken":20.0,"cards_upgraded":["Defend_G","Defend_G"]},{"damage_healed":0.0,"max_hp_gain":0.0,"max_hp_loss":0.0,"gold_gain":0.0,"event_name":"Knowing Skull","player_choice":"","floor":20.0,"potions_obtained":[],"gold_loss":0.0,"damage_taken":7.0,"cards_obtained":[]},{"damage_healed":0.0,"max_hp_gain":0.0,"max_hp_loss":0.0,"gold_gain":0.0,"event_name":"The Woman in Blue","player_choice":"Bought 1 Potion","floor":22.0,"gold_loss":0.0,"damage_taken":0.0}],"is_beta":false,"boss_relics":[{"not_picked":["Orrery","Ectoplasm"],"picked":"HoveringKite"}],"items_purged_floors":[19],"is_endless":false,"potions_floor_spawned":[7,10,13,23],"killed_by":"Cultist and Chosen","ascension_level":20}