{"gold_per_floor":[114,114,114,129,14,44,44,59,59,74,74,74,74,104,104,204,204,219,234,16,31,46,46,76,76,76,76,91,106,106,121,121,221,221,236,251,251,260,275,275,290,290,290,290,290,305,305,355,355,355],"floor_reached":50,"playtime":2161,"items_purged":[],"score":572,"play_id":"d8ada73f-ee88-4f40-a59a-cf81992e5cfa","local_time":"20181025221228","daily_mods":["SealedDeck","Blue Cards","Lethality"],"is_ascension_mode":false,"campfire_choices":[{"data":"Fusion","floor":7,"key":"SMITH"},{"data":"Redo","floor":11,"key":"SMITH"},{"data":"Redo","floor":13,"key":"SMITH"},{"data":"Pummel","floor":15,"key":"SMITH"},{"data":"Heavy Blade","floor":23,"key":"SMITH"},{"data":"Heavy Blade","floor":27,"key":"SMITH"},{"data":"Loop","floor":30,"key":"SMITH"},{"data":"Spot Weakness","floor":32,"key":"SMITH"},{"data":"Redo","floor":40,"key":"SMITH"},{"data":"Limit Break","floor":45,"key":"SMITH"},{"data":"Creative AI","floor":49,"key":"SMITH"}],"neow_cost":"","seed_source_timestamp":0,"circlet_count":0,"master_deck":["Sword Boomerang","Twin Strike","Disarm","Cleave","Iron Wave","Reinforced Body","Redo+1","Redo+1","Sweeping Beam+1","Fusion+1","Loop+1","Cleave","Whirlwind+1","Self Repair","Pummel+1","Rebound","Meteor Strike","Headbutt+1","Heavy Blade+1","Spot Weakness+1","Heavy Blade+1","Heavy Blade+1","Heavy Blade+1","Creative AI+1","Heatsinks+1","Redo+1","Limit Break+1","Beam Cell+1"],"special_seed":17829,"relics":["Burning Blood","Singing Bowl","Bottled Lightning","Mummified Hand","Whetstone","Runic Pyramid","Ancient Tea Set","Nunchaku","MutagenicStrength","Molten Egg 2","Prayer Wheel","Sundial","PreservedInsect"],"potions_floor_usage":[50,50,50],"damage_taken":[{"damage":0,"enemies":"2 Louse","floor":1,"turns":1},{"damage":0,"enemies":"Small Slimes","floor":4,"turns":2},{"damage":4,"enemies":"Gremlin Nob","floor":6,"turns":3},{"damage":0,"enemies":"Jaw Worm","floor":8,"turns":3},{"damage":0,"enemies":"Lots of Slimes","floor":10,"turns":1},{"damage":7,"enemies":"3 Sentries","floor":14,"turns":3},{"damage":78,"enemies":"Hexaghost","floor":16,"turns":5},{"damage":0,"enemies":"Spheric Guardian","floor":18,"turns":2},{"damage":12,"enemies":"2 Thieves","floor":19,"turns":2},{"damage":16,"enemies":"Cultist and Chosen","floor":21,"turns":5},{"damage":39,"enemies":"Shelled Parasite and Fungi","floor":22,"turns":4},{"damage":0,"enemies":"Gremlin Leader","floor":24,"turns":3},{"damage":0,"enemies":"Centurion and Healer","floor":28,"turns":1},{"damage":0,"enemies":"Sentry and Sphere","floor":29,"turns":2},{"damage":9,"enemies":"Shelled Parasite and Fungi","floor":31,"turns":2},{"damage":13,"enemies":"Champ","floor":33,"turns":5},{"damage":10,"enemies":"3 Darklings","floor":35,"turns":3},{"damage":18,"enemies":"Orb Walker","floor":36,"turns":2},{"damage":26,"enemies":"2 Orb Walkers","floor":38,"turns":2},{"damage":0,"enemies":"Transient","floor":39,"turns":5},{"damage":15,"enemies":"Maw","floor":41,"turns":5},{"damage":27,"enemies":"3 Darklings","floor":46,"turns":4},{"damage":83,"enemies":"Donu and Deca","floor":50,"turns":3}],"seed_played":"-5760803722143185132","potions_obtained":[{"floor":6,"key":"GamblersBrew"},{"floor":14,"key":"Explosive Potion"},{"floor":16,"key":"Dexterity Potion"},{"floor":29,"key":"AttackPotion"},{"floor":31,"key":"Weak Potion"}],"is_trial":false,"path_per_floor":["M","?","?","M","$","E","R","M","T","M","R","?","R","E","R","B",null,"M","M","$","M","M","R","E","?","T","R","M","M","R","M","R","B",null,"M","M","?","?","M","R","M","?","T","?","R","M","$","T","R"],"character_chosen":"IRONCLAD","items_purchased":["Whirlwind","Self Repair","Spot Weakness","Ancient Tea Set"],"campfire_rested":0,"item_purchase_floors":[5,5,20,20],"current_hp_per_floor":[80,80,55,61,61,70,70,80,80,82,82,82,82,84,84,12,84,84,78,78,77,51,51,66,66,66,66,72,85,85,84,84,84,90,86,83,83,65,80,80,78,78,78,78,78,68,68,68,68,0],"gold":355,"neow_bonus":"","is_prod":false,"is_daily":true,"chose_seed":false,"campfire_upgraded":11,"win_rate":0,"timestamp":1540501948,"path_taken":["M","?","?","M","$","E","R","M","T","?","R","?","R","E","R","BOSS","M","M","$","M","M","R","E","?","T","R","?","M","R","M","R","BOSS","M","M","?","?","M","R","?","?","T","?","R","M","?","?","R","BOSS"],"build_version":"2018-10-18","purchased_purges":0,"victory":false,"max_hp_per_floor":[80,80,80,80,80,80,80,80,80,82,82,82,82,84,84,84,84,84,84,84,86,86,86,88,88,88,88,88,88,88,90,90,90,90,90,92,92,94,96,96,96,96,96,96,96,100,100,100,100,100],"card_choices":[{"not_picked":["Capacitor","Shrug It Off"],"picked":"Loop","floor":1},{"not_picked":["Capacitor","Stack"],"picked":"Cleave","floor":4},{"not_picked":["Heavy Blade","Pommel Strike"],"picked":"Pummel","floor":6},{"not_picked":["Leap","Warcry"],"picked":"Rebound","floor":8},{"not_picked":["Clothesline","Brutality","Fusion"],"picked":"Singing Bowl","floor":10},{"not_picked":["Beam Cell","Intimidate","Hello World"],"picked":"Singing Bowl","floor":14},{"not_picked":["Thunder Strike","Feed"],"picked":"Meteor Strike","floor":16},{"not_picked":["Barrage+1","Streamline"],"picked":"Headbutt+1","floor":18},{"not_picked":["Headbutt","FTL"],"picked":"Heavy Blade","floor":19},{"not_picked":["Clash+1","Perfected Strike","Conserve Battery"],"picked":"Singing Bowl","floor":21},{"not_picked":["Defragment","Steam"],"picked":"Heavy Blade","floor":22},{"not_picked":["Exhume","Sweeping Beam","Rage+1"],"picked":"Singing Bowl","floor":24},{"not_picked":["Skim","Headbutt+1"],"picked":"Heavy Blade+1","floor":28},{"not_picked":["Twin Strike+1","All For One+1"],"picked":"Heavy Blade+1","floor":29},{"not_picked":["Blood for Blood+1","Shrug It Off+1","Warcry"],"picked":"Singing Bowl","floor":31},{"not_picked":["Berserk","Reaper+1"],"picked":"Creative AI","floor":33},{"not_picked":["Body Slam+1","Reckless Charge+1"],"picked":"Heatsinks+1","floor":35},{"not_picked":["Coolheaded+1","Go for the Eyes+1","Stack"],"picked":"Singing Bowl","floor":36},{"not_picked":["Headbutt+1","Perfected Strike+1","Body Slam+1"],"picked":"Singing Bowl","floor":38},{"not_picked":["Sentinel+1","Go for the Eyes+1","Turbo"],"picked":"Singing Bowl","floor":39},{"not_picked":["Rip and Tear+1","Coolheaded+1"],"picked":"Redo","floor":39},{"not_picked":["Pummel+1","Shockwave+1"],"picked":"Limit Break","floor":41},{"not_picked":["Pommel Strike+1","Entrench+1"],"picked":"Beam Cell+1","floor":41},{"not_picked":["Sword Boomerang+1","Blood for Blood+1","Blizzard+1"],"picked":"Singing Bowl","floor":46},{"not_picked":["Lockon+1","Recycle+1","Uppercut+1"],"picked":"Singing Bowl","floor":46}],"player_experience":633170,"relics_obtained":[{"floor":6,"key":"Bottled Lightning"},{"floor":9,"key":"Mummified Hand"},{"floor":14,"key":"Whetstone"},{"floor":24,"key":"Nunchaku"},{"floor":26,"key":"Molten Egg 2"},{"floor":38,"key":"Prayer Wheel"},{"floor":43,"key":"Sundial"},{"floor":48,"key":"PreservedInsect"}],"event_choices":[{"damage_healed":0,"gold_gain":0,"player_choice":"Leave","damage_taken":0,"max_hp_gain":0,"max_hp_loss":0,"event_name":"The Cleric","floor":2,"gold_loss":0},{"damage_healed":0,"gold_gain":0,"player_choice":"Success","damage_taken":25,"relics_obtained":["Singing Bowl"],"max_hp_gain":0,"max_hp_loss":0,"event_name":"Scrap Ooze","floor":3,"gold_loss":0},{"damage_healed":0,"gold_gain":0,"player_choice":"Ignored","damage_taken":0,"max_hp_gain":0,"max_hp_loss":0,"event_name":"Liars Game","floor":12,"gold_loss":0},{"damage_healed":0,"gold_gain":0,"player_choice":"Inject Mutagens","damage_taken":0,"relics_obtained":["MutagenicStrength"],"max_hp_gain":0,"max_hp_loss":0,"event_name":"Drug Dealer","floor":25,"gold_loss":0},{"damage_healed":0,"gold_gain":0,"player_choice":"Memory 1","damage_taken":0,"max_hp_gain":0,"max_hp_loss":0,"event_name":"SensoryStone","floor":37,"gold_loss":0},{"damage_healed":0,"gold_gain":0,"player_choice":"Fight","damage_taken":0,"max_hp_gain":0,"max_hp_loss":0,"event_name":"Mysterious Sphere","floor":38,"gold_loss":0},{"damage_healed":0,"gold_gain":0,"player_choice":"Bought 0 Potions","damage_taken":0,"max_hp_gain":0,"max_hp_loss":0,"event_name":"The Woman in Blue","floor":42,"gold_loss":0},{"damage_healed":0,"gold_gain":0,"player_choice":"Ignored","damage_taken":0,"max_hp_gain":0,"max_hp_loss":0,"event_name":"Tomb of Lord Red Mask","floor":44,"gold_loss":0}],"is_beta":false,"boss_relics":[{"not_picked":["Cursed Key","Fusion Hammer"],"picked":"Runic Pyramid"},{"not_picked":["Philosopher\u0027s Stone","Empty Cage","Velvet Choker"]}],"items_purged_floors":[],"is_endless":false,"potions_floor_spawned":[6,14,16,19,21,29,31,36,38],"killed_by":"Donu and Deca","ascension_level":0}