{"gold_per_floor":[115,130,189,35,50,50,60,60,60,60,71,71,91,111,111,187,187,200,216,235,235,235,235,22,32,57,67,21,71,71,82,82,82],"floor_reached":33,"playtime":1754,"items_purged":["Strike_G","Strike_G+1"],"score":482,"play_id":"aee7a091-8a80-45c0-9a8c-efc3414d5a6c","local_time":"20190329152640","is_ascension_mode":true,"campfire_choices":[{"data":"Noxious Fumes","floor":6.0,"key":"SMITH"},{"data":"Noxious Fumes","floor":8.0,"key":"SMITH"},{"data":"Sucker Punch","floor":10.0,"key":"SMITH"},{"data":"Crippling Poison","floor":15.0,"key":"SMITH"},{"data":"Neutralize","floor":23.0,"key":"SMITH"},{"data":"Leg Sweep","floor":32.0,"key":"SMITH"}],"neow_cost":"NONE","seed_source_timestamp":0,"circlet_count":0,"master_deck":["AscendersBane","Defend_G+1","Defend_G+1","Defend_G+1","Defend_G+1","Defend_G+1","Strike_G+1","Strike_G+1","Strike_G+1","Survivor","Neutralize+1","Crippling Poison+1","Backstab","PiercingWail+1","Sucker Punch+1","Backstab","Noxious Fumes+1","Backflip+1","Noxious Fumes+1","Leg Sweep+1","Infinite Blades+1","Adrenaline"],"special_seed":0,"relics":["Orrery","The Courier","Pantograph","WristBlade","Meat on the Bone","War Paint","Bag of Preparation"],"potions_floor_usage":[33,33],"damage_taken":[{"damage":0.0,"enemies":"Cultist","floor":1.0,"turns":5.0},{"damage":0.0,"enemies":"2 Louse","floor":2.0,"turns":2.0},{"damage":7.0,"enemies":"Jaw Worm","floor":5.0,"turns":5.0},{"damage":6.0,"enemies":"2 Fungi Beasts","floor":7.0,"turns":3.0},{"damage":4.0,"enemies":"Exordium Wildlife","floor":11.0,"turns":4.0},{"damage":1.0,"enemies":"Lots of Slimes","floor":13.0,"turns":5.0},{"damage":1.0,"enemies":"Blue Slaver","floor":14.0,"turns":5.0},{"damage":27.0,"enemies":"Slime Boss","floor":16.0,"turns":8.0},{"damage":28.0,"enemies":"Shell Parasite","floor":18.0,"turns":10.0},{"damage":1.0,"enemies":"3 Byrds","floor":19.0,"turns":5.0},{"damage":7.0,"enemies":"Snecko","floor":20.0,"turns":6.0},{"damage":9.0,"enemies":"Centurion and Healer","floor":25.0,"turns":9.0},{"damage":6.0,"enemies":"Cultist and Chosen","floor":27.0,"turns":7.0},{"damage":12.0,"enemies":"Snecko","floor":31.0,"turns":5.0},{"damage":60,"enemies":"Champ","floor":33,"turns":16}],"seed_played":"-516874267213059869","potions_obtained":[{"floor":1.0,"key":"GhostInAJar"},{"floor":2.0,"key":"PowerPotion"},{"floor":14.0,"key":"Explosive Potion"},{"floor":18.0,"key":"Block Potion"},{"floor":20.0,"key":"PowerPotion"},{"floor":31.0,"key":"SpeedPotion"}],"is_trial":false,"path_per_floor":["M","M","?","$","M","R","M","R","T","R","M","T","M","M","R","B",null,"M","M","M","?","?","R","$","M","T","M","$","?","?","M","R","B"],"character_chosen":"THE_SILENT","items_purchased":["Noxious Fumes","War Paint","Dexterity Potion"],"campfire_rested":0,"item_purchase_floors":[4,24,28],"current_hp_per_floor":[59,59,59,59,52,52,46,46,46,46,42,42,41,40,40,38,59,31,30,23,23,23,23,23,26,26,32,32,32,32,32,32,0],"gold":82,"neow_bonus":"BOSS_RELIC","is_prod":false,"is_daily":false,"chose_seed":false,"campfire_upgraded":6,"win_rate":0,"timestamp":1553891200,"path_taken":["M","?","?","$","M","R","M","R","T","R","M","?","M","M","R","BOSS","M","M","M","?","?","R","$","M","T","?","$","?","?","M","R","BOSS"],"build_version":"2019-01-23","purchased_purges":2,"victory":false,"max_hp_per_floor":[66,66,66,66,66,66,66,66,66,66,66,66,66,66,66,66,66,66,66,66,66,66,66,66,66,66,66,66,66,66,66,66,66],"card_choices":[{"not_picked":["Terror","Accuracy"],"picked":"Crippling Poison","floor":0.0},{"not_picked":["Bane","Escape Plan"],"picked":"Backstab","floor":0.0},{"not_picked":["Reflex","Flying Knee"],"picked":"PiercingWail","floor":0.0},{"not_picked":["Masterful Stab","Calculated Gamble"],"picked":"Sucker Punch","floor":0.0},{"not_picked":["Concentrate","Blade Dance"],"picked":"Backstab","floor":1.0},{"not_picked":["Blade Dance","Sucker Punch","Bane"],"picked":"SKIP","floor":2.0},{"not_picked":["Flying Knee","All Out Attack"],"picked":"Backflip","floor":5.0},{"not_picked":["Dagger Throw","Calculated Gamble"],"picked":"Noxious Fumes","floor":7.0},{"not_picked":["Outmaneuver","Distraction"],"picked":"Leg Sweep","floor":11.0},{"not_picked":["Crippling Poison","Flying Knee","Reflex"],"picked":"SKIP","floor":13.0},{"not_picked":["All Out Attack","Concentrate","Flechettes"],"picked":"SKIP","floor":14.0},{"not_picked":["Accuracy","Concentrate","Predator+1"],"picked":"SKIP","floor":18.0},{"not_picked":["Dagger Spray+1","Flechettes"],"picked":"Infinite Blades+1","floor":19.0},{"not_picked":["Underhanded Strike","Poisoned Stab","Prepared+1"],"picked":"SKIP","floor":20.0},{"not_picked":["Slice","Noxious Fumes"],"picked":"Adrenaline","floor":25.0},{"not_picked":["Bane","Flying Knee","Heel Hook"],"picked":"SKIP","floor":27.0},{"not_picked":["Flying Knee+1","Deflect","PiercingWail"],"picked":"SKIP","floor":31.0}],"player_experience":807393,"relics_obtained":[{"floor":9.0,"key":"The Courier"},{"floor":12.0,"key":"Pantograph"},{"floor":26.0,"key":"Bag of Preparation"}],"event_choices":[{"damage_healed":0.0,"max_hp_gain":0.0,"max_hp_loss":0.0,"gold_gain":59.0,"event_name":"Golden Wing","player_choice":"Gained Gold","floor":3.0,"gold_loss":0.0,"damage_taken":0.0},{"damage_healed":0.0,"max_hp_gain":0.0,"max_hp_loss":0.0,"gold_gain":0.0,"event_name":"Back to Basics","player_choice":"Simplicity","floor":21.0,"gold_loss":0.0,"damage_taken":0.0,"cards_upgraded":["Defend_G","Defend_G","Defend_G","Defend_G","Defend_G","Strike_G","Strike_G","Strike_G","Strike_G"]},{"damage_healed":0.0,"max_hp_gain":0.0,"max_hp_loss":0.0,"gold_gain":0.0,"event_name":"WeMeetAgain","player_choice":"Gave Potion","floor":22.0,"gold_loss":0.0,"damage_taken":0.0,"relics_obtained":["Meat on the Bone"]},{"damage_healed":0.0,"max_hp_gain":0.0,"max_hp_loss":0.0,"gold_gain":50.0,"event_name":"Nest","player_choice":"Stole From Cult","floor":29.0,"gold_loss":0.0,"damage_taken":0.0},{"damage_healed":0.0,"max_hp_gain":0.0,"max_hp_loss":0.0,"gold_gain":0.0,"event_name":"Vampires","player_choice":"Ignored","floor":30.0,"gold_loss":0.0,"damage_taken":0.0}],"is_beta":false,"boss_relics":[{"not_picked":["Eternal Feather","White Beast Statue"],"picked":"WristBlade"}],"items_purged_floors":[4,24],"is_endless":false,"potions_floor_spawned":[1,2,5,14,18,20,31],"killed_by":"Champ","ascension_level":20}