{"gold_per_floor":[117,34,34,50,0,32,42,71,71,82,108,128,161,56,56,161,211,229,243,243,261,26,52,52,69,69,84,84,6,6,26,26,121,121,133,60,60,74,91,91,102,102,102,118,118,40,56,83,83,83,83,83,7,7],"floor_reached":54,"playtime":3916,"items_purged":[],"score":714,"play_id":"56d57939-0362-4ccd-9b77-55f935e073aa","local_time":"20190228045237","is_ascension_mode":false,"campfire_choices":[{"floor":15,"key":"REST"},{"floor":24,"key":"REST"},{"floor":32,"key":"RECALL"},{"floor":40,"key":"REST"},{"floor":42,"key":"REST"},{"data":"Hello World","floor":45,"key":"SMITH"},{"floor":49,"key":"REST"},{"data":"Go for the Eyes","floor":52,"key":"SMITH"}],"neow_cost":"NONE","seed_source_timestamp":1226845987268673,"circlet_count":0,"master_deck":["Strike_B","Strike_B","Strike_B","Strike_B","Defend_B","Defend_B","Defend_B","Defend_B","Zap","Dualcast","Genetic Algorithm","Discovery+1","Go for the Eyes+1","Leap","FTL+1","Scrape","Streamline+1","Stack","Beam Cell+1","Beam Cell+1","Glacier","Auto Shields","Creative AI","Aggregate","Consume","Bandage Up","Conserve Battery+1","Ball Lightning+1","Genetic Algorithm","Melter+1","All For One+1","Recycle","FTL+1","Stack+1","Self Repair","Hello World+1","Parasite","Doom and Gloom+1","Ball Lightning+1"],"relics":["Cracked Core","NeowsBlessing","Bottled Flame","Molten Egg 2","Matryoshka","Bronze Scales","Centennial Puzzle","Tiny House","DataDisk","Darkstone Periapt","Regal Pillow","Bird Faced Urn","Orrery","Happy Flower","Art of War"],"potions_floor_usage":[13,13,16,18,21,23,23,25,31,33,35,39,41,44,54],"damage_taken":[{"damage":0,"enemies":"Small Slimes","floor":1,"turns":1},{"damage":0,"enemies":"Cultist","floor":4,"turns":1},{"damage":0,"enemies":"Lagavulin","floor":6,"turns":1},{"damage":1,"enemies":"Jaw Worm","floor":7,"turns":4},{"damage":32,"enemies":"Gremlin Nob","floor":8,"turns":5},{"damage":0,"enemies":"Red Slaver","floor":10,"turns":4},{"damage":9,"enemies":"3 Sentries","floor":11,"turns":5},{"damage":0,"enemies":"Exordium Thugs","floor":12,"turns":3},{"damage":23,"enemies":"Gremlin Nob","floor":13,"turns":3},{"damage":16,"enemies":"The Guardian","floor":16,"turns":13},{"damage":6,"enemies":"Chosen","floor":18,"turns":5},{"damage":2,"enemies":"Shell Parasite","floor":19,"turns":6},{"damage":1,"enemies":"Cultist and Chosen","floor":21,"turns":4},{"damage":35,"enemies":"Slavers","floor":23,"turns":4},{"damage":17,"enemies":"Snake Plant","floor":25,"turns":3},{"damage":8,"enemies":"Centurion and Healer","floor":27,"turns":10},{"damage":6,"enemies":"Cultist and Chosen","floor":31,"turns":6},{"damage":63,"enemies":"Automaton","floor":33,"turns":13},{"damage":22,"enemies":"3 Darklings","floor":35,"turns":6},{"damage":17,"enemies":"3 Shapes","floor":38,"turns":5},{"damage":53,"enemies":"3 Darklings","floor":39,"turns":5},{"damage":17,"enemies":"Transient","floor":41,"turns":5},{"damage":26,"enemies":"Writhing Mass","floor":44,"turns":9},{"damage":12,"enemies":"Spire Growth","floor":47,"turns":7},{"damage":92,"enemies":"Time Eater","floor":50,"turns":17},{"damage":121,"enemies":"Shield and Spear","floor":54,"turns":9}],"seed_played":"-5606955548180667227","potions_obtained":[{"floor":1,"key":"Dexterity Potion"},{"floor":4,"key":"Dexterity Potion"},{"floor":11,"key":"SteroidPotion"},{"floor":13,"key":"Regen Potion"},{"floor":16,"key":"SteroidPotion"},{"floor":17,"key":"FocusPotion"},{"floor":18,"key":"Block Potion"},{"floor":23,"key":"Fire Potion"},{"floor":31,"key":"Block Potion"},{"floor":33,"key":"Explosive Potion"},{"floor":38,"key":"PowerPotion"},{"floor":39,"key":"AttackPotion"},{"floor":41,"key":"Swift Potion"}],"is_trial":false,"path_per_floor":["M","$","?","M","$","E","M","E","T","M","E","M","E","$","R","B",null,"M","M","?","M","$","E","R","M","T","M","$","$","?","M","R","B",null,"M","$","?","M","M","R","M","R","T","M","R","$","M","T","R","B",null,"R","$","E"],"character_chosen":"DEFECT","items_purchased":["Discovery","Leap","Glacier","Auto Shields","Bandage Up","DataDisk","Regen Potion","Self Repair","Doom and Gloom+1","GamblersBrew"],"campfire_rested":5,"item_purchase_floors":[2,5,14,14,22,22,29,36,46,53],"current_hp_per_floor":[75,75,75,75,75,75,74,42,42,42,33,33,10,10,32,31,80,74,72,72,71,71,40,64,51,51,47,47,47,47,62,62,3,80,62,62,80,76,33,72,63,80,80,74,74,74,77,77,86,24,86,86,86,0],"gold":7,"neow_bonus":"THREE_ENEMY_KILL","is_prod":false,"is_daily":false,"chose_seed":false,"campfire_upgraded":2,"win_rate":0,"timestamp":1551342157,"path_taken":["M","$","?","M","$","E","M","E","T","M","E","M","E","?","R","BOSS","M","M","?","M","$","E","R","M","T","M","?","$","?","?","R","BOSS","M","$","?","?","M","R","M","R","T","M","R","$","M","?","R","BOSS","R","$","E"],"build_version":"2019-02-06","purchased_purges":0,"victory":false,"max_hp_per_floor":[75,75,75,75,75,75,75,75,75,75,75,75,75,75,75,75,80,80,80,80,80,80,80,80,80,80,80,80,80,80,80,80,80,80,80,80,80,80,80,80,80,80,80,86,86,86,86,86,86,86,86,86,86,86],"card_choices":[{"not_picked":["Doom and Gloom","Compile Driver"],"picked":"Genetic Algorithm","floor":1},{"not_picked":["Steam","Barrage"],"picked":"Go for the Eyes","floor":4},{"not_picked":["Stack","Rip and Tear"],"picked":"FTL","floor":6},{"not_picked":["Barrage","Steam"],"picked":"Scrape","floor":7},{"not_picked":["BootSequence","Storm"],"picked":"Streamline","floor":8},{"not_picked":["Coolheaded","Storm"],"picked":"Stack","floor":10},{"not_picked":["Sunder+1","Skim"],"picked":"Beam Cell+1","floor":11},{"not_picked":["BootSequence","Steam","Leap"],"picked":"SKIP","floor":12},{"not_picked":["Static Discharge","Cold Snap+1"],"picked":"Beam Cell+1","floor":13},{"not_picked":["Amplify","Machine Learning"],"picked":"Creative AI","floor":16},{"not_picked":["Coolheaded","Sweeping Beam+1"],"picked":"Aggregate","floor":17},{"not_picked":["Sweeping Beam+1","Capacitor","Redo"],"picked":"SKIP","floor":18},{"not_picked":["Meteor Strike+1","Coolheaded"],"picked":"Consume","floor":19},{"not_picked":["Stack","Gash+1","Scrape+1"],"picked":"SKIP","floor":21},{"not_picked":["Static Discharge","Glacier","Streamline+1"],"picked":"SKIP","floor":23},{"not_picked":["Leap","Coolheaded"],"picked":"Conserve Battery+1","floor":25},{"not_picked":["White Noise","Self Repair"],"picked":"Ball Lightning+1","floor":27},{"not_picked":["Gash+1","Coolheaded"],"picked":"Melter+1","floor":31},{"not_picked":["Echo Form","Hyperbeam+1"],"picked":"All For One+1","floor":33},{"not_picked":["Lockon+1","Sweeping Beam+1"],"picked":"Recycle","floor":34},{"not_picked":["Redo","Stack"],"picked":"FTL+1","floor":34},{"not_picked":["Chaos","Steam+1"],"picked":"Stack+1","floor":35},{"not_picked":["Streamline+1","Compile Driver+1"],"picked":"Hello World","floor":38},{"not_picked":["Capacitor","Darkness+1","Rebound+1"],"picked":"SKIP","floor":39},{"not_picked":["White Noise","Streamline+1","Heatsinks"],"picked":"SKIP","floor":41},{"not_picked":["Ball Lightning+1","Hologram","Chaos"],"picked":"SKIP","floor":44},{"not_picked":["Hello World+1","Thunder Strike+1"],"picked":"Ball Lightning+1","floor":47}],"player_experience":665204,"relics_obtained":[{"floor":6,"key":"Bottled Flame"},{"floor":8,"key":"Molten Egg 2"},{"floor":9,"key":"Matryoshka"},{"floor":11,"key":"Bronze Scales"},{"floor":13,"key":"Centennial Puzzle"},{"floor":23,"key":"Darkstone Periapt"},{"floor":26,"key":"Regal Pillow"},{"floor":26,"key":"Bird Faced Urn"},{"floor":43,"key":"Happy Flower"},{"floor":48,"key":"Art of War"}],"event_choices":[{"damage_healed":0,"gold_gain":0,"player_choice":"Upgraded","damage_taken":0,"max_hp_gain":0,"max_hp_loss":0,"event_name":"Upgrade Shrine","floor":3,"gold_loss":0,"cards_upgraded":["Discovery"]},{"damage_healed":0,"gold_gain":0,"player_choice":"Bought 0 Potions","damage_taken":0,"max_hp_gain":0,"max_hp_loss":0,"event_name":"The Woman in Blue","floor":20,"gold_loss":0},{"damage_healed":0,"gold_gain":0,"player_choice":"Copied","damage_taken":0,"max_hp_gain":0,"max_hp_loss":0,"event_name":"Duplicator","floor":30,"gold_loss":0,"cards_obtained":["Genetic Algorithm"]},{"damage_healed":18,"gold_gain":0,"player_choice":"Full Heal","damage_taken":0,"max_hp_gain":0,"max_hp_loss":0,"event_name":"Wheel of Change","floor":37,"gold_loss":0}],"is_beta":true,"boss_relics":[{"not_picked":["Empty Cage","Black Star"],"picked":"Tiny House"},{"not_picked":["Runic Dome","Pandora\u0027s Box"],"picked":"Orrery"}],"items_purged_floors":[],"is_endless":false,"potions_floor_spawned":[1,4,11,13,16,18,23,31,33,38,39,41],"killed_by":"Shield and Spear","ascension_level":0}