{"gold_per_floor":[20,0,0,19,33,33,55,55,129,164,164,196,38,55,55,133,133,149,149,159,16,30,64,64,96,121,121,148,148,164,178,178,255,255,267,267,287,298,226,226,252,252,252,268,145,145,159,178,178,178,178],"floor_reached":51,"playtime":6254,"items_purged":["Purity","Strike_B","Writhe"],"score":1440,"play_id":"f2378aa7-515b-45ad-8bd4-c58d79f8b9d3","local_time":"20190319163604","is_ascension_mode":true,"campfire_choices":[{"data":"Rebound","floor":6.0,"key":"SMITH"},{"floor":8.0,"key":"REST"},{"data":"Self Repair","floor":15.0,"key":"SMITH"},{"floor":24.0,"key":"REST"},{"floor":32.0,"key":"RECALL"},{"floor":40.0,"key":"REST"},{"floor":46,"key":"REST"},{"floor":49,"key":"REST"}],"neow_cost":"NO_GOLD","seed_source_timestamp":508402766892523,"circlet_count":0,"master_deck":["AscendersBane","Strike_B","Strike_B","Strike_B","Defend_B","Defend_B+1","Defend_B","Defend_B","Zap+1","Dualcast","Finesse","Gash","Rebound+1","Undo","Ball Lightning","Rip and Tear","Self Repair+1","Echo Form","Seek","Go for the Eyes","Hyperbeam","Self Repair","Capacitor","Leap+1","Glacier","Reprogram+1","Reinforced Body","Capacitor","Defragment","Seek","Go for the Eyes","Compile Driver","Coolheaded","Glacier","Coolheaded+1","Compile Driver+1","Coolheaded","Coolheaded+1"],"special_seed":0,"relics":["Cracked Core","Odd Mushroom","Ornamental Fan","Mummified Hand","PreservedInsect","Fusion Hammer","Anchor","The Courier","War Paint","Cables","Pen Nib","Lizard Tail","Regal Pillow"],"potions_floor_usage":[41,41],"damage_taken":[{"damage":0.0,"enemies":"2 Louse","floor":1.0,"turns":2.0},{"damage":0.0,"enemies":"Small Slimes","floor":4.0,"turns":3.0},{"damage":5.0,"enemies":"Jaw Worm","floor":5.0,"turns":3.0},{"damage":23.0,"enemies":"The Mushroom Lair","floor":7.0,"turns":4.0},{"damage":1.0,"enemies":"Gremlin Nob","floor":10.0,"turns":3.0},{"damage":19.0,"enemies":"3 Sentries","floor":12.0,"turns":6.0},{"damage":1.0,"enemies":"Looter","floor":14.0,"turns":3.0},{"damage":32.0,"enemies":"Hexaghost","floor":16.0,"turns":9.0},{"damage":7.0,"enemies":"Chosen","floor":18.0,"turns":4.0},{"damage":24.0,"enemies":"Shell Parasite","floor":20.0,"turns":7.0},{"damage":22.0,"enemies":"Snake Plant","floor":22.0,"turns":3.0},{"damage":38.0,"enemies":"Book of Stabbing","floor":23.0,"turns":4.0},{"damage":1.0,"enemies":"Slavers","floor":25.0,"turns":2.0},{"damage":24.0,"enemies":"Gremlin Leader","floor":28.0,"turns":4.0},{"damage":39.0,"enemies":"Chosen and Byrds","floor":30.0,"turns":6.0},{"damage":12.0,"enemies":"Shelled Parasite and Fungi","floor":31.0,"turns":8.0},{"damage":2.0,"enemies":"Champ","floor":33.0,"turns":18.0},{"damage":3.0,"enemies":"Orb Walker","floor":35.0,"turns":4.0},{"damage":43.0,"enemies":"3 Darklings","floor":37.0,"turns":7.0},{"damage":10.0,"enemies":"4 Shapes","floor":38.0,"turns":7.0},{"damage":79,"enemies":"Reptomancer","floor":41,"turns":11},{"damage":15,"enemies":"Transient","floor":44,"turns":6},{"damage":25,"enemies":"Writhing Mass","floor":47,"turns":12},{"damage":17,"enemies":"3 Darklings","floor":48,"turns":10},{"damage":105,"enemies":"Awakened One","floor":50,"turns":45},{"damage":41,"enemies":"Donu and Deca","floor":51,"turns":13}],"seed_played":"6530602458165611546","potions_obtained":[{"floor":5.0,"key":"SneckoOil"},{"floor":7.0,"key":"AttackPotion"},{"floor":12.0,"key":"Strength Potion"},{"floor":18.0,"key":"SkillPotion"},{"floor":28.0,"key":"GamblersBrew"},{"floor":30.0,"key":"Fire Potion"},{"floor":31.0,"key":"SpeedPotion"},{"floor":44,"key":"SpeedPotion"}],"is_trial":false,"path_per_floor":["M","?","?","M","M","R","?","R","T","E","?","E","$","M","R","B",null,"M","?","M","$","M","E","R","E","T","?","E","?","M","M","R","B",null,"M","?","M","M","$","R","E","?","T","M","$","R","M","M","R","B","B"],"character_chosen":"DEFECT","items_purchased":["Self Repair","Capacitor","Glacier","Coolheaded"],"campfire_rested":5,"item_purchase_floors":[13,21,39,45],"current_hp_per_floor":[64,64,64,64,59,59,36,57,57,56,61,42,42,48,48,36,66,76,76,72,72,74,46,68,76,76,76,76,54,49,71,71,81,81,81,81,55,79,79,81,19,19,19,21,21,59,68,68,77,56,15],"gold":178,"neow_bonus":"RANDOM_COLORLESS_2","is_prod":false,"is_daily":false,"chose_seed":false,"campfire_upgraded":2,"win_rate":0,"timestamp":1553031364,"path_taken":["M","?","?","M","M","R","?","R","T","E","?","E","?","M","R","BOSS","M","?","M","$","M","E","R","E","T","?","E","?","M","M","R","BOSS","M","?","M","?","$","R","E","?","T","M","$","R","M","M","R","BOSS","BOSS"],"build_version":"2019-01-23","purchased_purges":3,"victory":false,"max_hp_per_floor":[71,71,71,71,71,71,71,71,71,71,76,76,76,76,76,76,76,76,76,76,76,76,76,76,76,76,76,76,81,81,81,81,81,81,81,81,81,81,81,81,81,77,77,77,77,77,77,77,77,77,77],"card_choices":[{"not_picked":["Force Field","Rebound"],"picked":"Gash","floor":1.0},{"not_picked":["Double Energy","Fusion","Stack"],"picked":"SKIP","floor":4.0},{"not_picked":["Double Energy","Fusion","Stack"],"picked":"SKIP","floor":4.0},{"not_picked":["Beam Cell","Turbo"],"picked":"Rebound","floor":5.0},{"not_picked":["Barrage","Go for the Eyes"],"picked":"Undo","floor":7.0},{"not_picked":["BootSequence","Stack"],"picked":"Ball Lightning","floor":10.0},{"not_picked":["Reprogram","Hologram"],"picked":"Rip and Tear","floor":12.0},{"not_picked":["Hello World","BootSequence"],"picked":"Echo Form","floor":14.0},{"not_picked":["Reboot","Multi-Cast"],"picked":"Seek","floor":16.0},{"not_picked":["Steam","Barrage"],"picked":"Go for the Eyes","floor":18.0},{"not_picked":["Scrape+1","Coolheaded"],"picked":"Self Repair","floor":20.0},{"not_picked":["Turbo","Barrage"],"picked":"Leap","floor":22.0},{"not_picked":["Force Field","Darkness"],"picked":"Glacier","floor":23.0},{"not_picked":["Redo","Double Energy"],"picked":"Reprogram+1","floor":25.0},{"not_picked":["Turbo","Conserve Battery"],"picked":"Reinforced Body","floor":28.0},{"not_picked":["Heatsinks","BootSequence"],"picked":"Capacitor","floor":30.0},{"not_picked":["Gash","Rainbow"],"picked":"Defragment","floor":31.0},{"not_picked":["Biased Cognition","Rainbow"],"picked":"Seek","floor":33.0},{"not_picked":["Turbo","Genetic Algorithm"],"picked":"Go for the Eyes","floor":35.0},{"not_picked":["Double Energy+1","Aggregate+1"],"picked":"Compile Driver","floor":37.0},{"not_picked":["Cold Snap","Rebound"],"picked":"Coolheaded","floor":38.0},{"not_picked":["Fission","Auto Shields"],"picked":"Coolheaded+1","floor":41},{"not_picked":["Darkness","Leap+1"],"picked":"Compile Driver+1","floor":44},{"not_picked":["Darkness","Genetic Algorithm"],"picked":"Coolheaded+1","floor":47},{"not_picked":["Chill+1","Reinforced Body","Scrape"],"picked":"SKIP","floor":48}],"player_experience":847849,"relics_obtained":[{"floor":7.0,"key":"Odd Mushroom"},{"floor":9.0,"key":"Ornamental Fan"},{"floor":10.0,"key":"Mummified Hand"},{"floor":12.0,"key":"PreservedInsect"},{"floor":23.0,"key":"Anchor"},{"floor":25.0,"key":"The Courier"},{"floor":26.0,"key":"War Paint"},{"floor":28.0,"key":"Pen Nib"},{"floor":41,"key":"Regal Pillow"}],"event_choices":[{"damage_healed":0.0,"max_hp_gain":0.0,"max_hp_loss":0.0,"gold_gain":0.0,"event_name":"World of Goop","player_choice":"Left Gold","floor":2.0,"gold_loss":20.0,"damage_taken":0.0},{"damage_healed":0.0,"max_hp_gain":0.0,"max_hp_loss":0.0,"gold_gain":0.0,"event_name":"Living Wall","player_choice":"Grow","floor":3.0,"gold_loss":0.0,"damage_taken":0.0,"cards_upgraded":["Zap"]},{"damage_healed":0.0,"max_hp_gain":0.0,"max_hp_loss":0.0,"gold_gain":0.0,"event_name":"Mushrooms","player_choice":"Fought Mushrooms","floor":7.0,"gold_loss":0.0,"damage_taken":0.0},{"damage_healed":0.0,"max_hp_gain":5.0,"max_hp_loss":0.0,"gold_gain":0.0,"event_name":"Big Fish","player_choice":"Donut","floor":11.0,"gold_loss":0.0,"damage_taken":0.0},{"damage_healed":0.0,"max_hp_gain":0.0,"max_hp_loss":0.0,"gold_gain":0.0,"event_name":"The Library","player_choice":"Read","floor":19.0,"gold_loss":0.0,"damage_taken":0.0,"cards_obtained":["Hyperbeam"]},{"damage_healed":0.0,"max_hp_gain":0.0,"max_hp_loss":0.0,"gold_gain":0.0,"event_name":"The Mausoleum","player_choice":"Opened","floor":27.0,"gold_loss":0.0,"damage_taken":0.0,"relics_obtained":["Cables"],"cards_obtained":["Writhe"]},{"damage_healed":0.0,"max_hp_gain":5.0,"max_hp_loss":0.0,"gold_gain":0.0,"event_name":"Forgotten Altar","player_choice":"Shed Blood","floor":29.0,"gold_loss":0.0,"damage_taken":27.0},{"damage_healed":0.0,"max_hp_gain":0.0,"max_hp_loss":0.0,"gold_gain":0.0,"event_name":"SecretPortal","player_choice":"Ignored","floor":36.0,"gold_loss":0.0,"damage_taken":0.0},{"damage_healed":0,"gold_gain":0,"player_choice":"Max HP","damage_taken":0,"max_hp_gain":0,"max_hp_loss":4,"event_name":"Winding Halls","floor":42,"gold_loss":0}],"is_beta":false,"boss_relics":[{"not_picked":["Orrery","Philosopher\u0027s Stone"],"picked":"Fusion Hammer"},{"not_picked":["Inserter","Runic Dome"],"picked":"Lizard Tail"}],"items_purged_floors":[13,21,45],"is_endless":false,"potions_floor_spawned":[5,7,12,18,20,28,30,31,35,44],"killed_by":"Donu and Deca","ascension_level":20}