{"gold_per_floor":[110,126,144,219,235,235,235,235,262,277,10,10,21,37,37,133,133,58,58,11,11,11,11,11,11,11,11,11,11,11,11,11,11,11,11,11,11,11,11,11,11,11,11,11,11,11,11,11,11,11],"floor_reached":51,"playtime":2653,"items_purged":[],"score":766,"play_id":"4ba97d42-7ae8-46ee-bca0-3790f27fb395","local_time":"20181125153036","is_ascension_mode":false,"campfire_choices":[{"data":"Juggernaut","floor":6,"key":"SMITH"},{"floor":8,"key":"REST"},{"data":"Demon Form","floor":15,"key":"SMITH"},{"floor":23,"key":"REST"},{"data":"Limit Break","floor":25,"key":"SMITH"},{"floor":32,"key":"REST"},{"data":"Limit Break","floor":40,"key":"SMITH"},{"data":"Madness","floor":42,"key":"SMITH"},{"data":"Madness","floor":49,"key":"SMITH"}],"neow_cost":"NONE","seed_source_timestamp":1127599290560437,"circlet_count":0,"master_deck":["Strike_R+1","Strike_R+1","Strike_R+1","Strike_R+1","Defend_R+1","Defend_R+1","Defend_R+1","Defend_R+1","Bash","Juggernaut+1","Dual Wield","Power Through","Metallicize","Pommel Strike+1","Fire Breathing","Flame Barrier","Flex","Demon Form+1","Limit Break+1","Heavy Blade+1","Shrug It Off","Dropkick+1","Rage","Infernal Blade+1","Shrug It Off+1","Ghostly","Ghostly","Ghostly","Ghostly","Ghostly","Intimidate+1","Limit Break+1","Headbutt","Jack Of All Trades","Headbutt+1","Madness+1","Madness+1","Sword Boomerang+1","Uppercut","Iron Wave+1"],"relics":["Burning Blood","Whetstone","ClockworkSouvenir","Ectoplasm","MutagenicStrength","Nilry\u0027s Codex","Dodecahedron","Busted Crown","Turnip","Strawberry"],"potions_floor_usage":[2,5,5,24,28,33,33,50,50,50],"damage_taken":[{"damage":6,"enemies":"Jaw Worm","floor":1,"turns":4},{"damage":2,"enemies":"2 Louse","floor":2,"turns":3},{"damage":0,"enemies":"Small Slimes","floor":3,"turns":4},{"damage":5,"enemies":"Exordium Thugs","floor":5,"turns":8},{"damage":4,"enemies":"Blue Slaver","floor":10,"turns":3},{"damage":2,"enemies":"Looter","floor":13,"turns":4},{"damage":11,"enemies":"Gremlin Gang","floor":14,"turns":5},{"damage":15,"enemies":"The Guardian","floor":16,"turns":10},{"damage":33,"enemies":"2 Thieves","floor":18,"turns":4},{"damage":9,"enemies":"3 Byrds","floor":22,"turns":4},{"damage":2,"enemies":"Centurion and Healer","floor":24,"turns":4},{"damage":21,"enemies":"Snecko","floor":27,"turns":6},{"damage":28,"enemies":"3 Cultists","floor":28,"turns":5},{"damage":0,"enemies":"Snake Plant","floor":31,"turns":5},{"damage":0,"enemies":"Collector","floor":33,"turns":6},{"damage":0,"enemies":"3 Shapes","floor":35,"turns":3},{"damage":0,"enemies":"Mind Bloom Boss Battle","floor":38,"turns":5},{"damage":2,"enemies":"3 Darklings","floor":41,"turns":6},{"damage":0,"enemies":"Jaw Worm Horde","floor":45,"turns":4},{"damage":0,"enemies":"Transient","floor":46,"turns":5},{"damage":0,"enemies":"Sphere and 2 Shapes","floor":48,"turns":5},{"damage":37,"enemies":"Donu and Deca","floor":50,"turns":6}],"seed_played":"8304180317866002905","potions_obtained":[{"floor":1,"key":"Energy Potion"},{"floor":2,"key":"Fire Potion"},{"floor":3,"key":"SkillPotion"},{"floor":14,"key":"EssenceOfSteel"},{"floor":24,"key":"PowerPotion"},{"floor":27,"key":"EssenceOfSteel"},{"floor":28,"key":"PowerPotion"},{"floor":38,"key":"PowerPotion"},{"floor":41,"key":"FearPotion"},{"floor":45,"key":"Weak Potion"},{"floor":46,"key":"PowerPotion"}],"is_trial":false,"path_per_floor":["M","M","M","?","M","R","?","R","T","M","$","?","M","M","R","B",null,"M","?","$","?","M","R","M","R","T","M","M","?","?","M","R","B",null,"M","?","$","?","?","R","M","R","T","?","M","M","$","M","R","B",null],"character_chosen":"IRONCLAD","items_purchased":["ClockworkSouvenir","Flame Barrier","Shrug It Off"],"campfire_rested":3,"item_purchase_floors":[11,11,20],"current_hp_per_floor":[80,80,80,69,70,70,54,78,78,80,80,80,80,75,75,66,80,53,53,53,37,34,58,62,62,62,47,25,25,25,31,40,40,40,40,40,40,40,35,35,39,39,46,46,47,47,47,47,47,16],"gold":11,"neow_bonus":"ONE_RANDOM_RARE_CARD","is_prod":false,"is_daily":false,"chose_seed":false,"campfire_upgraded":6,"win_rate":0,"timestamp":1543159836,"path_taken":["M","M","M","?","M","R","?","R","T","M","$","?","M","M","R","BOSS","M","?","$","?","M","R","M","R","T","M","M","?","?","M","R","BOSS","M","?","$","?","?","R","M","R","T","?","M","?","$","?","R","BOSS"],"build_version":"2018-11-15","purchased_purges":0,"victory":true,"max_hp_per_floor":[80,80,80,80,80,80,80,80,80,80,80,80,80,80,80,80,80,80,80,80,80,80,80,80,80,80,80,80,40,40,40,40,40,40,40,40,40,40,40,40,40,40,47,47,47,47,47,47,47,47],"card_choices":[{"not_picked":["Thunderclap","Iron Wave"],"picked":"Dual Wield","floor":1},{"not_picked":["Dropkick","Havoc"],"picked":"Power Through","floor":2},{"not_picked":["Bloodletting","Iron Wave"],"picked":"Metallicize","floor":3},{"not_picked":["Heavy Blade","Havoc"],"picked":"Pommel Strike","floor":5},{"not_picked":["True Grit","Immolate"],"picked":"Fire Breathing","floor":10},{"not_picked":["Sword Boomerang","Headbutt"],"picked":"Flex","floor":13},{"not_picked":["Sever Soul","Sword Boomerang"],"picked":"Demon Form","floor":14},{"not_picked":["Exhume","Double Tap"],"picked":"Limit Break","floor":16},{"not_picked":["Evolve","Pummel+1"],"picked":"Heavy Blade+1","floor":18},{"not_picked":["Cleave","Rampage"],"picked":"Dropkick+1","floor":22},{"not_picked":["Sentinel","Warcry"],"picked":"Rage","floor":24},{"not_picked":["Carnage","Sever Soul"],"picked":"Infernal Blade+1","floor":27},{"not_picked":["Warcry","Second Wind"],"picked":"Shrug It Off+1","floor":28},{"not_picked":["Body Slam","Sword Boomerang+1"],"picked":"Intimidate+1","floor":31},{"not_picked":["Bludgeon","Offering"],"picked":"Limit Break","floor":33},{"not_picked":[],"picked":"Headbutt","floor":35},{"not_picked":[],"picked":"Jack Of All Trades","floor":36},{"not_picked":[],"picked":"Headbutt+1","floor":38},{"not_picked":[],"picked":"Sword Boomerang+1","floor":41},{"not_picked":[],"picked":"Uppercut","floor":45},{"not_picked":[],"picked":"Iron Wave+1","floor":46},{"not_picked":["True Grit"],"picked":"SKIP","floor":48}],"player_experience":762792,"relics_obtained":[{"floor":9,"key":"Whetstone"},{"floor":21,"key":"Nilry\u0027s Codex"},{"floor":26,"key":"Dodecahedron"},{"floor":38,"key":"Turnip"},{"floor":43,"key":"Strawberry"}],"event_choices":[{"damage_healed":0,"gold_gain":75,"player_choice":"Gather Gold","damage_taken":11,"max_hp_gain":0,"max_hp_loss":0,"event_name":"World of Goop","floor":4,"gold_loss":0},{"damage_healed":0,"gold_gain":0,"player_choice":"Entered Light","damage_taken":16,"max_hp_gain":0,"max_hp_loss":0,"event_name":"Shining Light","floor":7,"gold_loss":0,"cards_upgraded":["Pommel Strike","Strike_R"]},{"damage_healed":0,"gold_gain":0,"player_choice":"Ignored","damage_taken":0,"max_hp_gain":0,"max_hp_loss":0,"event_name":"Liars Game","floor":12,"gold_loss":0},{"damage_healed":0,"gold_gain":0,"player_choice":"Inject Mutagens","damage_taken":0,"relics_obtained":["MutagenicStrength"],"max_hp_gain":0,"max_hp_loss":0,"event_name":"Drug Dealer","floor":19,"gold_loss":0},{"damage_healed":0,"gold_gain":0,"player_choice":"Obtained Book","damage_taken":16,"max_hp_gain":0,"max_hp_loss":0,"event_name":"Cursed Tome","floor":21,"gold_loss":0},{"damage_healed":0,"gold_gain":0,"player_choice":"Became a Ghost","damage_taken":0,"max_hp_gain":0,"max_hp_loss":40,"event_name":"Ghosts","floor":29,"gold_loss":0,"cards_obtained":["Ghostly","Ghostly","Ghostly","Ghostly","Ghostly"]},{"damage_healed":0,"gold_gain":0,"player_choice":"Simplicity","damage_taken":0,"max_hp_gain":0,"max_hp_loss":0,"event_name":"Back to Basics","floor":30,"gold_loss":0,"cards_upgraded":["Strike_R","Strike_R","Defend_R","Defend_R","Defend_R","Defend_R"]},{"damage_healed":0,"gold_gain":0,"player_choice":"Memory 1","damage_taken":0,"max_hp_gain":0,"max_hp_loss":0,"event_name":"SensoryStone","floor":36,"gold_loss":0},{"damage_healed":0,"gold_gain":0,"player_choice":"Fight","damage_taken":0,"max_hp_gain":0,"max_hp_loss":0,"event_name":"MindBloom","floor":38,"gold_loss":0},{"damage_healed":0,"gold_gain":0,"player_choice":"Embrace Madness","damage_taken":5,"max_hp_gain":0,"max_hp_loss":0,"event_name":"Winding Halls","floor":39,"gold_loss":0,"cards_obtained":["Madness","Madness"]},{"cards_removed":["Strike_R"],"damage_healed":0,"gold_gain":0,"player_choice":"Removed Attack","damage_taken":0,"max_hp_gain":0,"max_hp_loss":0,"event_name":"Falling","floor":44,"gold_loss":0}],"is_beta":false,"boss_relics":[{"not_picked":["Pandora\u0027s Box","Sozu"],"picked":"Ectoplasm"},{"not_picked":["Empty Cage","Eternal Feather"],"picked":"Busted Crown"}],"items_purged_floors":[],"is_endless":false,"potions_floor_spawned":[1,2,3,14,24,27,28,38,41,45,46],"ascension_level":0}