{"gold_per_floor":[118,118,137,152,3,3,20,20,20,20,20,33,51,62,62,161,161,180,180,190,190,115,115],"floor_reached":23,"playtime":546,"items_purged":[],"score":333,"play_id":"20ca51b9-15d0-4789-877e-245c7a296b94","local_time":"20190218042105","is_ascension_mode":false,"campfire_choices":[{"data":"Noxious Fumes","floor":6.0,"key":"SMITH"},{"data":"Footwork","floor":8.0,"key":"SMITH"},{"data":"Neutralize","floor":10.0,"key":"SMITH"},{"data":"Neutralize","floor":15,"key":"SMITH"}],"neow_cost":"NONE","seed_source_timestamp":12696003809212,"circlet_count":0,"master_deck":["Defend_G+1","Defend_G+1","Defend_G+1","Defend_G+1","Defend_G+1","Strike_G+1","Strike_G+1","Strike_G+1","Survivor","Neutralize+1","Noxious Fumes+1","Dodge and Roll","Dodge and Roll","Footwork+1","Crippling Poison","Dodge and Roll","Neutralize+1","Die Die Die","Choke","Swift Strike","Doppelganger","Escape Plan","Bouncing Flask","Corpse Explosion","Bouncing Flask+1"],"special_seed":0,"relics":["Ring of the Serpent","NeowsBlessing","Ornamental Fan"],"potions_floor_usage":[16,16,20],"damage_taken":[{"damage":0.0,"enemies":"Jaw Worm","floor":1.0,"turns":1.0},{"damage":0.0,"enemies":"2 Louse","floor":3.0,"turns":1.0},{"damage":0.0,"enemies":"Cultist","floor":4.0,"turns":1.0},{"damage":12.0,"enemies":"Gremlin Gang","floor":7.0,"turns":4.0},{"damage":0,"enemies":"2 Fungi Beasts","floor":12,"turns":3},{"damage":0,"enemies":"Large Slime","floor":13,"turns":6},{"damage":3,"enemies":"Blue Slaver","floor":14,"turns":4},{"damage":0,"enemies":"Hexaghost","floor":16,"turns":10},{"damage":4,"enemies":"3 Byrds","floor":18,"turns":4},{"damage":14,"enemies":"2 Thieves","floor":20,"turns":4},{"damage":44,"enemies":"Slavers","floor":23,"turns":2}],"seed_played":"7079874461525304389","potions_obtained":[{"floor":3.0,"key":"Strength Potion"},{"floor":7.0,"key":"Block Potion"},{"floor":14,"key":"Poison Potion"},{"floor":20,"key":"LiquidBronze"}],"is_trial":false,"path_per_floor":["M","?","M","M","$","R","M","R","T","R","?","M","M","M","R","B",null,"M","?","M","?","?","E"],"character_chosen":"THE_SILENT","items_purchased":["Footwork","Crippling Poison"],"campfire_rested":0,"item_purchase_floors":[5,5],"current_hp_per_floor":[70,63,63,63,63,63,51,51,51,51,51,51,51,48,48,48,70,66,66,52,39,39,0],"gold":115,"neow_bonus":"THREE_ENEMY_KILL","is_prod":false,"is_daily":false,"chose_seed":false,"campfire_upgraded":4,"win_rate":0,"timestamp":1550485265,"path_taken":["M","?","M","M","$","R","M","R","T","R","?","?","?","M","R","BOSS","M","?","M","?","?","E"],"build_version":"2019-01-23","purchased_purges":0,"victory":false,"max_hp_per_floor":[70,70,70,70,70,70,70,70,70,70,70,70,70,70,70,70,70,70,70,70,75,75,75],"card_choices":[{"not_picked":["Deadly Poison","Outmaneuver"],"picked":"Noxious Fumes","floor":1.0},{"not_picked":["Dash","Acrobatics"],"picked":"Dodge and Roll","floor":3.0},{"not_picked":["Reflex","Outmaneuver"],"picked":"Dodge and Roll","floor":4.0},{"not_picked":["Cloak And Dagger","Acrobatics"],"picked":"Dodge and Roll","floor":7.0},{"not_picked":["Tactician","PiercingWail"],"picked":"Doppelganger","floor":12},{"not_picked":["Predator","PiercingWail"],"picked":"Escape Plan","floor":13},{"not_picked":["Predator","Outmaneuver"],"picked":"Bouncing Flask","floor":14},{"not_picked":["Burst","Doppelganger"],"picked":"Corpse Explosion","floor":16},{"not_picked":["All Out Attack+1","Masterful Stab","Dagger Spray"],"picked":"SKIP","floor":18},{"not_picked":["Eviscerate","Blade Dance+1"],"picked":"Bouncing Flask+1","floor":20}],"player_experience":873119,"relics_obtained":[{"floor":9.0,"key":"Ornamental Fan"}],"event_choices":[{"cards_removed":["Strike_G"],"damage_healed":0.0,"max_hp_gain":0.0,"max_hp_loss":0.0,"gold_gain":0.0,"event_name":"Golden Wing","player_choice":"Card Removal","floor":2.0,"gold_loss":0.0,"damage_taken":7.0},{"damage_healed":0,"gold_gain":0,"player_choice":"4 cards matched","damage_taken":0,"max_hp_gain":0,"max_hp_loss":0,"event_name":"Match and Keep!","floor":11,"gold_loss":0,"cards_obtained":["Neutralize","Die Die Die","Choke","Swift Strike"]},{"damage_healed":0,"gold_gain":0,"player_choice":"Simplicity","damage_taken":0,"max_hp_gain":0,"max_hp_loss":0,"event_name":"Back to Basics","floor":19,"gold_loss":0,"cards_upgraded":["Defend_G","Defend_G","Defend_G","Defend_G","Defend_G","Strike_G","Strike_G","Strike_G","Strike_G"]},{"damage_healed":0,"gold_gain":0,"player_choice":"Shed Blood","damage_taken":18,"max_hp_gain":5,"max_hp_loss":0,"event_name":"Forgotten Altar","floor":21,"gold_loss":0},{"cards_removed":["Strike_G"],"damage_healed":0,"gold_gain":0,"player_choice":"Gave Gold","damage_taken":0,"max_hp_gain":0,"max_hp_loss":0,"event_name":"Beggar","floor":22,"gold_loss":75}],"is_beta":false,"boss_relics":[{"not_picked":["Eternal Feather","Tiny House"],"picked":"Ring of the Serpent"}],"items_purged_floors":[],"is_endless":false,"potions_floor_spawned":[3,7,14,20],"killed_by":"Slavers","ascension_level":0}