{"gold_per_floor":[111,27,27,39,49,74,74,102,190,216,228,271,283,311,323,414,426,453,483,495,507,519,531,569,581,593,265,296,121,152,168,168,247,247,260,260,275,1274,1307,1307,1307,861,861,861,894,183,196,211,211,211,211,211,211,17,50,50],"floor_reached":57,"playtime":5159,"items_purged":["Strike_R","Strike_R","Writhe","Normality"],"score":2787,"play_id":"5f91d7bf-d45a-4579-b398-08db41a4492d","local_time":"20190313155948","is_ascension_mode":true,"campfire_choices":[{"floor":7.0,"key":"REST"},{"data":"Bash","floor":13.0,"key":"SMITH"},{"data":"True Grit","floor":15.0,"key":"SMITH"},{"floor":23.0,"key":"REST"},{"floor":25.0,"key":"REST"},{"floor":32.0,"key":"REST"},{"floor":40.0,"key":"RECALL"},{"floor":44.0,"key":"REST"},{"floor":49.0,"key":"REST"},{"floor":53,"key":"REST"}],"neow_cost":"NONE","seed_source_timestamp":0,"circlet_count":0,"master_deck":["AscendersBane","Strike_R","Defend_R","Defend_R","Defend_R","Defend_R","Bash+1","Rampage+1","Evolve","Sword Boomerang","Burning Pact","Dual Wield","Rampage+1","Shrug It Off","Combust+1","True Grit+1","Feed","Metallicize+1","Cleave","Shrug It Off","Hemokinesis","Dark Embrace+1","Offering","Corruption+1","Inflame+1","Iron Wave+1","Impervious","Blind","Magnetism+1","PanicButton","Normality","Feel No Pain+1","Shrug It Off","Spot Weakness","Shrug It Off+1","Apotheosis"],"special_seed":0,"relics":["Burning Blood","Thread and Needle","MawBank","Frozen Egg 2","Ancient Tea Set","Fusion Hammer","Singing Bowl","Lantern","Vajra","Question Card","Mercury Hourglass","Blue Candle","Whetstone","Busted Crown","Turnip","Self Forming Clay","Strange Spoon","Mummified Hand","Sundial"],"potions_floor_usage":[56,56],"damage_taken":[{"damage":2.0,"enemies":"2 Louse","floor":1.0,"turns":4.0},{"damage":11.0,"enemies":"Jaw Worm","floor":4.0,"turns":4.0},{"damage":6.0,"enemies":"Cultist","floor":5.0,"turns":3.0},{"damage":56.0,"enemies":"Gremlin Nob","floor":6.0,"turns":5.0},{"damage":23.0,"enemies":"Lagavulin","floor":8.0,"turns":6.0},{"damage":3.0,"enemies":"Large Slime","floor":10.0,"turns":5.0},{"damage":6.0,"enemies":"3 Sentries","floor":12.0,"turns":6.0},{"damage":0.0,"enemies":"Looter","floor":14.0,"turns":3.0},{"damage":29.0,"enemies":"Slime Boss","floor":16.0,"turns":9.0},{"damage":10.0,"enemies":"3 Byrds","floor":18.0,"turns":2.0},{"damage":13.0,"enemies":"Chosen","floor":19.0,"turns":5.0},{"damage":38.0,"enemies":"Book of Stabbing","floor":24.0,"turns":5.0},{"damage":13.0,"enemies":"Gremlin Leader","floor":28.0,"turns":7.0},{"damage":34.0,"enemies":"Slavers","floor":30.0,"turns":5.0},{"damage":20.0,"enemies":"3 Cultists","floor":31.0,"turns":5.0},{"damage":46.0,"enemies":"Collector","floor":33.0,"turns":7.0},{"damage":6.0,"enemies":"Orb Walker","floor":35.0,"turns":4.0},{"damage":4.0,"enemies":"3 Shapes","floor":37.0,"turns":3.0},{"damage":22.0,"enemies":"Jaw Worm Horde","floor":39.0,"turns":7.0},{"damage":18.0,"enemies":"Nemesis","floor":45.0,"turns":5.0},{"damage":33.0,"enemies":"3 Darklings","floor":47.0,"turns":4.0},{"damage":8.0,"enemies":"Sphere and 2 Shapes","floor":48.0,"turns":5.0},{"damage":33.0,"enemies":"Donu and Deca","floor":50.0,"turns":7.0},{"damage":68,"enemies":"Awakened One","floor":51,"turns":15},{"damage":14,"enemies":"Shield and Spear","floor":55,"turns":5},{"damage":51,"enemies":"The Heart","floor":56,"turns":10}],"seed_played":"-1189823579225481726","potions_obtained":[{"floor":5.0,"key":"LiquidBronze"},{"floor":6.0,"key":"PowerPotion"},{"floor":10.0,"key":"Ancient Potion"},{"floor":11.0,"key":"Strength Potion"},{"floor":11.0,"key":"FearPotion"},{"floor":14.0,"key":"Strength Potion"},{"floor":24.0,"key":"Poison Potion"},{"floor":30.0,"key":"Ancient Potion"},{"floor":39.0,"key":"SpeedPotion"},{"floor":48.0,"key":"Ancient Potion"}],"is_trial":false,"path_per_floor":["M","$","?","M","M","E","R","E","T","M","?","E","R","M","R","B",null,"M","M","T","?","?","R","E","R","T","$","E","$","E","M","R","B",null,"M","?","M","?","M","R","?","$","T","R","E","$","M","M","R","B","B",null,"R","$","E","B",null],"character_chosen":"IRONCLAD","items_purchased":["Evolve","Mercury Hourglass","Corruption+1","Turnip","Strange Spoon","Mummified Hand","Shrug It Off","Apotheosis"],"campfire_rested":7,"item_purchase_floors":[2,27,29,42,46,46,46,54],"current_hp_per_floor":[79,79,79,74,74,24,48,31,31,34,34,34,34,40,40,17,66,62,58,58,58,58,83,51,76,76,76,69,69,44,36,64,24,77,82,72,79,79,68,68,68,68,68,100,88,88,61,62,95,71,12,92,118,118,112,67],"gold":50,"neow_bonus":"TEN_PERCENT_HP_BONUS","is_prod":false,"is_daily":false,"chose_seed":false,"campfire_upgraded":2,"win_rate":0,"timestamp":1552510788,"path_taken":["M","$","?","M","M","E","R","E","T","M","?","E","R","M","R","BOSS","M","M","?","?","?","R","E","R","T","$","E","$","E","M","R","BOSS","M","?","M","?","M","R","?","$","T","R","E","$","?","M","R","BOSS","BOSS","R","$","E","BOSS"],"build_version":"2019-01-23","purchased_purges":4,"victory":true,"max_hp_per_floor":[82,82,82,82,82,82,82,82,82,82,82,82,82,82,82,82,82,82,85,85,85,85,85,85,85,85,85,85,85,88,94,94,94,94,99,99,104,104,109,109,109,109,109,109,109,109,109,112,112,115,118,118,118,118,120,120],"card_choices":[{"not_picked":["Clothesline","Ghostly Armor"],"picked":"Rampage","floor":1.0},{"not_picked":["Pummel","Armaments"],"picked":"Sword Boomerang","floor":4.0},{"not_picked":["Body Slam","Iron Wave"],"picked":"Burning Pact","floor":5.0},{"not_picked":["Rage","Dark Embrace"],"picked":"Dual Wield","floor":6.0},{"not_picked":["Intimidate","Flex"],"picked":"Rampage","floor":8.0},{"not_picked":["Perfected Strike","Sword Boomerang"],"picked":"Shrug It Off","floor":10.0},{"not_picked":["Heavy Blade","Body Slam"],"picked":"Combust+1","floor":12.0},{"not_picked":["Perfected Strike","Uppercut"],"picked":"True Grit","floor":14.0},{"not_picked":["Impervious","Double Tap"],"picked":"Feed","floor":16.0},{"not_picked":["Burning Pact","Twin Strike"],"picked":"Metallicize+1","floor":18.0},{"not_picked":["Sword Boomerang","Pummel"],"picked":"Cleave","floor":19.0},{"not_picked":["Entrench","Hemokinesis+1"],"picked":"Dark Embrace+1","floor":24.0},{"not_picked":["Flex","Havoc","Limit Break"],"picked":"Offering","floor":28.0},{"not_picked":["Evolve+1","Sever Soul","Heavy Blade"],"picked":"Inflame+1","floor":30.0},{"not_picked":["Combust+1","Perfected Strike","Seeing Red"],"picked":"Iron Wave+1","floor":31.0},{"not_picked":["Bludgeon","Offering","Feed"],"picked":"Impervious","floor":33.0},{"not_picked":["Rage","Cleave"],"picked":"Singing Bowl","floor":35.0},{"not_picked":["PanicButton"],"picked":"Blind","floor":36.0},{"not_picked":["Bandage Up"],"picked":"Magnetism+1","floor":36.0},{"not_picked":["Bandage Up"],"picked":"PanicButton","floor":36.0},{"not_picked":["Bloodletting","Second Wind"],"picked":"Singing Bowl","floor":37.0},{"not_picked":["Clash+1","Corruption+1"],"picked":"Singing Bowl","floor":39.0},{"not_picked":["Searing Blow+1"],"picked":"Feel No Pain+1","floor":45.0},{"not_picked":["Anger+1"],"picked":"Spot Weakness","floor":47.0},{"not_picked":["Intimidate"],"picked":"Shrug It Off+1","floor":48.0},{"not_picked":["Anger","Feed"],"picked":"Singing Bowl","floor":55}],"player_experience":767252,"relics_obtained":[{"floor":6.0,"key":"Thread and Needle"},{"floor":8.0,"key":"MawBank"},{"floor":9.0,"key":"Frozen Egg 2"},{"floor":12.0,"key":"Ancient Tea Set"},{"floor":20.0,"key":"Singing Bowl"},{"floor":24.0,"key":"Vajra"},{"floor":26.0,"key":"Question Card"},{"floor":28.0,"key":"Blue Candle"},{"floor":30.0,"key":"Whetstone"},{"floor":45.0,"key":"Self Forming Clay"},{"floor":55,"key":"Sundial"}],"event_choices":[{"damage_healed":0.0,"max_hp_gain":0.0,"max_hp_loss":0.0,"gold_gain":0.0,"event_name":"The Cleric","player_choice":"Leave","floor":3.0,"gold_loss":0.0,"damage_taken":0.0},{"damage_healed":0.0,"max_hp_gain":0.0,"max_hp_loss":0.0,"gold_gain":0.0,"event_name":"Lab","player_choice":"Got Potions","floor":11.0,"gold_loss":0.0,"damage_taken":0.0},{"damage_healed":0.0,"max_hp_gain":0.0,"max_hp_loss":0.0,"gold_gain":0.0,"event_name":"The Mausoleum","player_choice":"Opened","floor":21.0,"gold_loss":0.0,"damage_taken":0.0,"relics_obtained":["Lantern"],"cards_obtained":["Writhe"]},{"damage_healed":0.0,"max_hp_gain":0.0,"max_hp_loss":0.0,"gold_gain":0.0,"cards_transformed":["Strike_R","Strike_R"],"event_name":"Drug Dealer","player_choice":"Became Test Subject","floor":22.0,"gold_loss":0.0,"damage_taken":0.0,"cards_obtained":["Shrug It Off","Hemokinesis"]},{"damage_healed":0.0,"max_hp_gain":0.0,"max_hp_loss":0.0,"gold_gain":0.0,"event_name":"SensoryStone","player_choice":"Memory 3","floor":36.0,"gold_loss":0.0,"damage_taken":10.0},{"damage_healed":0.0,"max_hp_gain":0.0,"max_hp_loss":0.0,"gold_gain":999.0,"event_name":"MindBloom","player_choice":"Gold","floor":38.0,"gold_loss":0.0,"damage_taken":0.0,"cards_obtained":["Normality","Normality"]},{"damage_healed":0.0,"max_hp_gain":0.0,"max_hp_loss":0.0,"gold_gain":0.0,"event_name":"Tomb of Lord Red Mask","player_choice":"Ignored","floor":41.0,"gold_loss":0.0,"damage_taken":0.0}],"is_beta":false,"boss_relics":[{"not_picked":["Snecko Eye","Coffee Dripper"],"picked":"Fusion Hammer"},{"not_picked":["Philosopher\u0027s Stone","Black Blood"],"picked":"Busted Crown"}],"items_purged_floors":[27,29,42,46],"is_endless":false,"potions_floor_spawned":[5,6,10,14,19,24,30,39,48],"ascension_level":20}