{"gold_per_floor":[114,189,204,260,275,275,275,275,275,275,147,162,177,192,192,292,292,307,307,307],"floor_reached":20,"playtime":856,"items_purged":[],"score":189,"play_id":"0e513dae-03c1-4cb6-a71f-91d0e51866a1","local_time":"20180917140332","daily_mods":["Specialized","Lethality","Terminal"],"is_ascension_mode":false,"campfire_choices":[{"data":"Zap","floor":6,"key":"SMITH"},{"data":"Dualcast","floor":8,"key":"SMITH"},{"data":"Steam","floor":10,"key":"SMITH"},{"data":"Seek","floor":15,"key":"SMITH"}],"neow_cost":"","seed_source_timestamp":0,"circlet_count":0,"master_deck":["Strike_B","Strike_B","Strike_B","Strike_B","Defend_B","Defend_B","Defend_B","Defend_B","Zap+1","Dualcast+1","All For One","All For One","All For One","All For One","All For One","Steam+1","Coolheaded","Undo","Gash","Bandage Up","Seek+1","Defragment","Beam Cell","Electrodynamics","Capacitor+1"],"special_seed":17791,"relics":["Cracked Core","Cables","Gambling Chip","Runic Pyramid"],"potions_floor_usage":[],"damage_taken":[{"damage":0,"enemies":"Cultist","floor":1,"turns":3},{"damage":6,"enemies":"2 Louse","floor":3,"turns":2},{"damage":0,"enemies":"Small Slimes","floor":5,"turns":2},{"damage":0,"enemies":"Looter","floor":12,"turns":1},{"damage":0,"enemies":"2 Fungi Beasts","floor":13,"turns":2},{"damage":0,"enemies":"Large Slime","floor":14,"turns":3},{"damage":31,"enemies":"Hexaghost","floor":16,"turns":4},{"damage":28,"enemies":"2 Thieves","floor":18,"turns":3},{"damage":35,"enemies":"3 Byrds","floor":20,"turns":1}],"seed_played":"2472854970281595153","potions_obtained":[{"floor":3,"key":"GamblersBrew"},{"floor":14,"key":"SteroidPotion"}],"is_trial":false,"path_per_floor":["M","T","M","?","M","R","?","R","T","R","$","M","M","M","R","B",null,"M","?"],"character_chosen":"DEFECT","items_purchased":["Gash","Bandage Up"],"campfire_rested":0,"item_purchase_floors":[11,11],"current_hp_per_floor":[73,72,66,66,66,66,71,71,70,69,68,67,66,65,64,37,62,34,34,0],"gold":307,"neow_bonus":"","is_prod":false,"is_daily":true,"chose_seed":false,"campfire_upgraded":4,"win_rate":0,"timestamp":1537189412,"path_taken":["M","?","M","?","M","R","?","R","T","R","$","M","M","M","R","BOSS","M","?","M"],"build_version":"2018-09-06","purchased_purges":0,"victory":false,"max_hp_per_floor":[73,72,71,70,69,68,72,71,70,69,68,67,66,65,64,63,62,61,60,60],"card_choices":[{"not_picked":["Leap","Undo"],"picked":"Steam","floor":1},{"not_picked":["Streamline","Chaos"],"picked":"Coolheaded","floor":3},{"not_picked":["Leap","Streamline"],"picked":"Undo","floor":5},{"not_picked":["Heatsinks","Sunder"],"picked":"Seek","floor":12},{"not_picked":["Coolheaded","Reinforced Body"],"picked":"Defragment","floor":13},{"not_picked":["Leap","Compile Driver"],"picked":"Beam Cell","floor":14},{"not_picked":["Buffer","Seek"],"picked":"Electrodynamics","floor":16},{"not_picked":["Stack","Recycle"],"picked":"Capacitor+1","floor":18}],"player_experience":535801,"relics_obtained":[{"floor":2,"key":"Cables"},{"floor":9,"key":"Gambling Chip"}],"event_choices":[{"event_name":"Golden Wing","player_choice":"Gained Gold","floor":4,"damage_taken":0},{"event_name":"Big Fish","player_choice":"Donut","floor":7,"damage_taken":0},{"event_name":"The Woman in Blue","player_choice":"Bought 0 Potions","floor":19,"damage_taken":0}],"is_beta":false,"boss_relics":[{"not_picked":["Tiny House","Empty Cage"],"picked":"Runic Pyramid"}],"items_purged_floors":[],"is_endless":false,"potions_floor_spawned":[3,14],"killed_by":"3 Byrds","ascension_level":0}