{"gold_per_floor":[109,120,120,133,150,180,180,72,72,72,103,103,103,123,123,225,225,240,221,5,5,5,30,30,30,54,54,54,54,54,73,73,168,168,185,185,231,2,16,16,33,33,109,0,0,11,25,25,25,25],"floor_reached":50,"playtime":3007,"items_purged":["Shame"],"score":491,"play_id":"ac6f0b8d-00a8-49cf-93d9-4493f4a5ff24","local_time":"20190319143355","is_ascension_mode":false,"campfire_choices":[{"data":"Noxious Fumes","floor":7,"key":"SMITH"},{"data":"Noxious Fumes","floor":10,"key":"SMITH"},{"floor":12,"key":"RECALL"},{"data":"Infinite Blades","floor":15,"key":"SMITH"},{"floor":25,"key":"REST"},{"data":"Tools of the Trade","floor":27,"key":"SMITH"},{"data":"Noxious Fumes","floor":29,"key":"SMITH"},{"data":"Footwork","floor":32,"key":"SMITH"},{"data":"Caltrops","floor":40,"key":"SMITH"},{"data":"Corpse Explosion","floor":42,"key":"SMITH"},{"data":"Blade Dance","floor":45,"key":"SMITH"},{"data":"Underhanded Strike","floor":49,"key":"SMITH"}],"neow_cost":"NONE","seed_source_timestamp":1125821620908585,"circlet_count":0,"master_deck":["Defend_G+1","Defend_G+1","Defend_G+1","Defend_G+1","Defend_G+1","Strike_G+1","Strike_G+1","Survivor+1","Neutralize+1","Noxious Fumes+1","Bane+1","Noxious Fumes+1","Caltrops+1","Calculated Gamble+1","Footwork+1","Crippling Poison+1","Infinite Blades+1","Cloak And Dagger+1","Tools of the Trade+1","Backflip+1","Masterful Stab+1","Noxious Fumes+1","Well Laid Plans+1","Distraction+1","Tools of the Trade+1","A Thousand Cuts+1","Dagger Spray+1","Dagger Throw+1","Wraith Form v2+1","Prepared+1","Caltrops+1","Blade Dance+1","Deflect","Tactician+1","Corpse Explosion+1","Underhanded Strike+1","Underhanded Strike"],"relics":["Ring of the Snake","Art of War","Bird Faced Urn","Ginger","Black Star","Snake Skull","Omamori","Dream Catcher","Oddly Smooth Stone","Orichalcum","Nloth\u0027s Gift","Astrolabe","Mark of the Bloom","Anchor","Pear","Red Mask"],"potions_floor_usage":[6,23,23,31,39,39,47],"damage_taken":[{"damage":0,"enemies":"Cultist","floor":1,"turns":3},{"damage":3,"enemies":"Jaw Worm","floor":2,"turns":7},{"damage":0,"enemies":"2 Louse","floor":4,"turns":2},{"damage":18,"enemies":"2 Fungi Beasts","floor":5,"turns":4},{"damage":21,"enemies":"Lagavulin","floor":6,"turns":7},{"damage":10,"enemies":"Gremlin Nob","floor":11,"turns":5},{"damage":10,"enemies":"Exordium Thugs","floor":14,"turns":4},{"damage":18,"enemies":"Hexaghost","floor":16,"turns":9},{"damage":7,"enemies":"Shell Parasite","floor":18,"turns":6},{"damage":16,"enemies":"2 Thieves","floor":19,"turns":4},{"damage":41,"enemies":"Slavers","floor":23,"turns":5},{"damage":14,"enemies":"Chosen and Byrds","floor":31,"turns":6},{"damage":47,"enemies":"Collector","floor":33,"turns":8},{"damage":12,"enemies":"Orb Walker","floor":35,"turns":6},{"damage":0,"enemies":"3 Shapes","floor":39,"turns":5},{"damage":0,"enemies":"Maw","floor":41,"turns":8},{"damage":1,"enemies":"Jaw Worm Horde","floor":46,"turns":3},{"damage":0,"enemies":"Sphere and 2 Shapes","floor":47,"turns":4},{"damage":71,"enemies":"Time Eater","floor":50,"turns":13}],"seed_played":"-2050972207948884655","potions_obtained":[{"floor":2,"key":"SpeedPotion"},{"floor":4,"key":"Regen Potion"},{"floor":6,"key":"PowerPotion"},{"floor":14,"key":"AttackPotion"},{"floor":18,"key":"Weak Potion"},{"floor":23,"key":"Block Potion"},{"floor":31,"key":"Strength Potion"},{"floor":33,"key":"AttackPotion"},{"floor":46,"key":"GhostInAJar"}],"is_trial":false,"path_per_floor":["M","M","?","M","M","E","R","$","T","R","E","R","?","M","R","B",null,"M","M","$","?","?","E","?","R","T","R","$","R","?","M","R","B",null,"M","?","T","$","M","R","M","R","T","?","R","M","M","$","R","B"],"character_chosen":"THE_SILENT","items_purchased":["Footwork","Crippling Poison","Snake Skull","Noxious Fumes","Caltrops","Blade Dance","Deflect"],"campfire_rested":1,"item_purchase_floors":[8,8,20,20,38,38,38],"current_hp_per_floor":[70,67,67,67,49,42,42,42,42,42,40,40,40,38,38,30,70,70,60,60,60,60,33,33,54,54,54,54,54,54,56,56,27,70,70,70,70,70,70,70,70,70,70,70,70,69,69,69,69,0],"gold":25,"neow_bonus":"UPGRADE_CARD","is_prod":false,"is_daily":false,"chose_seed":false,"campfire_upgraded":10,"win_rate":0,"timestamp":1553006035,"path_taken":["M","M","?","M","?","E","R","?","T","R","E","R","?","M","R","BOSS","M","M","$","?","?","E","?","R","T","R","$","R","?","M","R","BOSS","M","?","?","$","?","R","M","R","T","?","R","M","M","?","R","BOSS"],"build_version":"2019-01-23","purchased_purges":1,"victory":false,"max_hp_per_floor":[70,70,70,70,70,70,70,70,70,70,70,70,70,70,70,70,70,70,70,70,70,70,70,70,70,70,70,70,70,70,70,70,70,70,70,70,70,70,70,70,70,70,80,80,80,80,80,80,80,80],"card_choices":[{"not_picked":["Slice","Backflip"],"picked":"Noxious Fumes","floor":1},{"not_picked":["Leg Sweep","Acrobatics"],"picked":"Bane","floor":2},{"not_picked":["Deflect","Quick Slash"],"picked":"Noxious Fumes","floor":4},{"not_picked":["Slice","Doppelganger"],"picked":"Caltrops","floor":5},{"not_picked":["PiercingWail","Prepared"],"picked":"Calculated Gamble","floor":6},{"not_picked":["Terror","Dagger Spray"],"picked":"Infinite Blades","floor":11},{"not_picked":["Blur","Dodge and Roll"],"picked":"Cloak And Dagger","floor":14},{"not_picked":["Venomology","Phantasmal Killer"],"picked":"Tools of the Trade","floor":16},{"not_picked":["Acrobatics","Outmaneuver"],"picked":"Backflip+1","floor":18},{"not_picked":["Slice","Dagger Throw"],"picked":"Masterful Stab","floor":19},{"not_picked":["Outmaneuver+1","Prepared"],"picked":"Well Laid Plans","floor":23},{"not_picked":["Dagger Throw","Expertise+1"],"picked":"Distraction","floor":25},{"not_picked":["Outmaneuver","Bane"],"picked":"Tools of the Trade","floor":31},{"not_picked":["Phantasmal Killer","Tools of the Trade"],"picked":"A Thousand Cuts","floor":33},{"not_picked":["Dagger Spray","Escape Plan+1"],"picked":"Prepared+1","floor":35},{"not_picked":["Dagger Spray+1","Slice"],"picked":"Tactician+1","floor":39},{"not_picked":["Dodge and Roll+1","Slice"],"picked":"Corpse Explosion","floor":41},{"not_picked":["Concentrate","Dash"],"picked":"Underhanded Strike","floor":46},{"not_picked":["Outmaneuver","Backflip"],"picked":"Underhanded Strike","floor":47}],"player_experience":1068725,"relics_obtained":[{"floor":6,"key":"Bird Faced Urn"},{"floor":11,"key":"Ginger"},{"floor":23,"key":"Whetstone"},{"floor":23,"key":"Oddly Smooth Stone"},{"floor":26,"key":"Orichalcum"},{"floor":37,"key":"Anchor"},{"floor":43,"key":"Pear"}],"event_choices":[{"damage_healed":0,"gold_gain":0,"player_choice":"Gave Potion","damage_taken":0,"relics_obtained":["Art of War"],"max_hp_gain":0,"max_hp_loss":0,"event_name":"WeMeetAgain","floor":3,"gold_loss":0},{"damage_healed":0,"gold_gain":0,"player_choice":"Ignored","damage_taken":0,"max_hp_gain":0,"max_hp_loss":0,"event_name":"NoteForYourself","floor":13,"gold_loss":0},{"damage_healed":0,"gold_gain":0,"player_choice":"Stole Relic","damage_taken":0,"relics_obtained":["Omamori"],"max_hp_gain":0,"max_hp_loss":0,"event_name":"Addict","floor":21,"gold_loss":0,"cards_obtained":["Shame"]},{"damage_healed":0,"gold_gain":0,"player_choice":"Opened","damage_taken":0,"relics_obtained":["Dream Catcher"],"max_hp_gain":0,"max_hp_loss":0,"event_name":"The Mausoleum","floor":22,"gold_loss":0,"cards_obtained":["Writhe"]},{"damage_healed":0,"gold_gain":0,"player_choice":"Ignored","damage_taken":0,"max_hp_gain":0,"max_hp_loss":0,"event_name":"Vampires","floor":24,"gold_loss":0},{"damage_healed":0,"gold_gain":0,"player_choice":"Traded Relic","damage_taken":0,"relics_obtained":["Nloth\u0027s Gift"],"max_hp_gain":0,"max_hp_loss":0,"event_name":"N\u0027loth","floor":30,"relics_lost":["Whetstone"],"gold_loss":0},{"damage_healed":0,"gold_gain":0,"player_choice":"Upgrade","damage_taken":0,"relics_obtained":["Mark of the Bloom"],"max_hp_gain":0,"max_hp_loss":0,"event_name":"MindBloom","floor":36,"gold_loss":0,"cards_upgraded":["Defend_G","Defend_G","Defend_G","Defend_G","Defend_G","Strike_G","Strike_G","Survivor","Caltrops","Calculated Gamble","Crippling Poison","Cloak And Dagger","Well Laid Plans","Distraction","Tools of the Trade","A Thousand Cuts"]},{"damage_healed":0,"gold_gain":0,"player_choice":"Paid","damage_taken":0,"relics_obtained":["Red Mask"],"max_hp_gain":0,"max_hp_loss":0,"event_name":"Tomb of Lord Red Mask","floor":44,"gold_loss":109}],"is_beta":false,"boss_relics":[{"not_picked":["HoveringKite","Snecko Eye"],"picked":"Black Star"},{"not_picked":["Sozu","Busted Crown"],"picked":"Astrolabe"}],"items_purged_floors":[38],"is_endless":false,"potions_floor_spawned":[2,4,6,14,18,23,31,33,46],"killed_by":"Time Eater","ascension_level":0}