{"gold_per_floor":[115,126,51,68,21,48,48,67,90,90,15,44,44,70,70,141,141,157,172,182,202,2,32,44,84,96,123,160,189,220,257,269,355,367,390,402,428,440,471,483,526,538,575,620,567,612,637,665,677,689,701],"floor_reached":51,"playtime":4329,"items_purged":["Strike_R","Strike_R"],"score":1674,"play_id":"53837fd0-677b-4f72-8436-f96da31bd5bc","local_time":"20190304201455","is_ascension_mode":true,"campfire_choices":[{"data":"Whirlwind","floor":7.0,"key":"SMITH"},{"data":"Whirlwind","floor":10.0,"key":"SMITH"},{"data":"Shrug It Off","floor":13.0,"key":"SMITH"},{"data":"Spot Weakness","floor":15.0,"key":"SMITH"},{"data":"Disarm","floor":24.0,"key":"SMITH"},{"data":"Flame Barrier","floor":32.0,"key":"SMITH"},{"floor":40.0,"key":"RECALL"},{"data":"Clothesline","floor":42.0,"key":"SMITH"},{"floor":49.0,"key":"REST"}],"neow_cost":"NONE","seed_source_timestamp":0,"circlet_count":0,"master_deck":["AscendersBane","Strike_R","Defend_R","Defend_R","Defend_R","Defend_R","Bash+1","Clothesline","Whirlwind+1","Whirlwind+1","Spot Weakness+1","Clothesline+1","Shrug It Off+1","Reaper","Offering","Iron Wave","Iron Wave","Rupture","Disarm+1","Bandage Up","Flame Barrier+1","Whirlwind+1","Iron Wave","Combust","Evolve","Flex+1","Brutality","Panache","PanicButton","PanicButton","Heavy Blade","Seeing Red","True Grit+1","Sword Boomerang+1","Intimidate+1","Battle Trance","Twin Strike+1","Feel No Pain+1"],"special_seed":0,"relics":["Burning Blood","Lantern","Happy Flower","Vajra","Bronze Scales","Velvet Choker","MawBank","Shuriken","Bird Faced Urn","Mummified Hand","Bag of Preparation","Mark of Pain","Potion Belt","Anchor","Strawberry","Ornamental Fan"],"potions_floor_usage":[51],"damage_taken":[{"damage":9.0,"enemies":"Jaw Worm","floor":1.0,"turns":3.0},{"damage":0.0,"enemies":"2 Louse","floor":2.0,"turns":4.0},{"damage":4.0,"enemies":"Cultist","floor":4.0,"turns":3.0},{"damage":25.0,"enemies":"3 Sentries","floor":6.0,"turns":6.0},{"damage":12.0,"enemies":"Lots of Slimes","floor":8.0,"turns":3.0},{"damage":16.0,"enemies":"Lagavulin","floor":12.0,"turns":3.0},{"damage":10.0,"enemies":"3 Sentries","floor":14.0,"turns":3.0},{"damage":25.0,"enemies":"Hexaghost","floor":16.0,"turns":8.0},{"damage":6.0,"enemies":"2 Thieves","floor":18.0,"turns":1.0},{"damage":20.0,"enemies":"Shell Parasite","floor":19.0,"turns":3.0},{"damage":27.0,"enemies":"Shelled Parasite and Fungi","floor":20.0,"turns":3.0},{"damage":17.0,"enemies":"Snake Plant","floor":21.0,"turns":3.0},{"damage":0.0,"enemies":"Slavers","floor":23.0,"turns":1.0},{"damage":25.0,"enemies":"Book of Stabbing","floor":25.0,"turns":5.0},{"damage":0.0,"enemies":"Centurion and Healer","floor":27.0,"turns":4.0},{"damage":13.0,"enemies":"Gremlin Leader","floor":28.0,"turns":4.0},{"damage":27.0,"enemies":"Cultist and Chosen","floor":29.0,"turns":5.0},{"damage":0.0,"enemies":"Snake Plant","floor":30.0,"turns":3.0},{"damage":18.0,"enemies":"Book of Stabbing","floor":31.0,"turns":3.0},{"damage":39.0,"enemies":"Automaton","floor":33.0,"turns":6.0},{"damage":19.0,"enemies":"Orb Walker","floor":35.0,"turns":3.0},{"damage":0.0,"enemies":"3 Shapes","floor":37.0,"turns":1.0},{"damage":0.0,"enemies":"3 Darklings","floor":39.0,"turns":1.0},{"damage":31.0,"enemies":"Reptomancer","floor":41.0,"turns":5.0},{"damage":47.0,"enemies":"Giant Head","floor":44.0,"turns":6.0},{"damage":26.0,"enemies":"Reptomancer","floor":46.0,"turns":4.0},{"damage":40.0,"enemies":"Spire Growth","floor":47.0,"turns":5.0},{"damage":23.0,"enemies":"Maw","floor":48.0,"turns":7.0},{"damage":68.0,"enemies":"Awakened One","floor":50.0,"turns":11.0},{"damage":52,"enemies":"Time Eater","floor":51,"turns":6}],"seed_played":"-6166146141495991299","potions_obtained":[{"floor":1.0,"key":"EntropicBrew"},{"floor":6.0,"key":"AttackPotion"},{"floor":14.0,"key":"AttackPotion"},{"floor":25.0,"key":"Energy Potion"},{"floor":29.0,"key":"Fire Potion"},{"floor":47.0,"key":"Block Potion"}],"is_trial":false,"path_per_floor":["M","M","?","M","?","E","R","M","T","R","$","E","R","E","R","B",null,"M","M","M","M","$","E","R","E","T","M","E","M","M","E","R","B",null,"M","?","M","?","M","R","E","R","T","E","?","E","M","M","R","B","B"],"character_chosen":"IRONCLAD","items_purchased":["Bandage Up"],"campfire_rested":1,"item_purchase_floors":[22],"current_hp_per_floor":[65,71,71,73,73,54,54,48,48,48,48,38,38,34,34,28,63,75,71,54,48,48,54,54,52,52,64,75,63,73,71,71,54,70,63,53,63,63,75,75,66,66,66,68,75,68,46,43,67,30,0],"gold":701,"neow_bonus":"UPGRADE_CARD","is_prod":false,"is_daily":false,"chose_seed":false,"campfire_upgraded":7,"win_rate":0,"timestamp":1551752095,"path_taken":["M","M","?","M","?","E","R","M","T","R","?","E","R","E","R","BOSS","M","M","?","M","?","E","R","E","T","M","E","M","M","E","R","BOSS","M","?","M","?","?","R","E","R","T","E","?","E","M","M","R","BOSS","BOSS"],"build_version":"2019-01-23","purchased_purges":2,"victory":false,"max_hp_per_floor":[75,75,75,75,75,75,75,75,75,75,75,75,75,75,75,75,75,75,75,75,75,75,75,75,75,75,75,75,75,75,75,75,75,75,75,75,75,75,75,75,75,75,75,75,82,82,82,82,82,82,82],"card_choices":[{"not_picked":["Searing Blow","Dual Wield"],"picked":"Clothesline","floor":1.0},{"not_picked":["Clash","Dropkick"],"picked":"Whirlwind","floor":2.0},{"not_picked":["Feel No Pain","Havoc"],"picked":"Whirlwind","floor":4.0},{"not_picked":["Havoc","Headbutt"],"picked":"Spot Weakness","floor":6.0},{"not_picked":["Perfected Strike","Clash"],"picked":"Clothesline","floor":8.0},{"not_picked":["Hemokinesis","Havoc"],"picked":"Shrug It Off","floor":12.0},{"not_picked":["Fire Breathing","Flex"],"picked":"Reaper","floor":14.0},{"not_picked":["Impervious","Brutality"],"picked":"Offering","floor":16.0},{"not_picked":["Sentinel+1","Armaments"],"picked":"Iron Wave","floor":18.0},{"not_picked":["Havoc","Sentinel"],"picked":"Iron Wave","floor":19.0},{"not_picked":["Flex","Armaments"],"picked":"Rupture","floor":20.0},{"not_picked":["Perfected Strike","Metallicize"],"picked":"Disarm","floor":21.0},{"not_picked":["Iron Wave","Pommel Strike"],"picked":"Flame Barrier","floor":23.0},{"not_picked":["Infernal Blade","Hemokinesis"],"picked":"Whirlwind+1","floor":25.0},{"not_picked":["Flex","Fire Breathing"],"picked":"Iron Wave","floor":27.0},{"not_picked":["Fire Breathing","Flame Barrier"],"picked":"Combust","floor":28.0},{"not_picked":["Cleave+1","Fire Breathing"],"picked":"Evolve","floor":29.0},{"not_picked":["Pommel Strike","True Grit","Cleave"],"picked":"SKIP","floor":30.0},{"not_picked":["Clothesline","Havoc"],"picked":"Flex+1","floor":31.0},{"not_picked":["Immolate","Barricade"],"picked":"Brutality","floor":33.0},{"not_picked":["Wild Strike","Anger","Perfected Strike"],"picked":"SKIP","floor":35.0},{"not_picked":["Swift Strike","Blind"],"picked":"Panache","floor":36.0},{"not_picked":["HandOfGreed","Madness"],"picked":"PanicButton","floor":36.0},{"not_picked":["Flash of Steel","Magnetism"],"picked":"PanicButton","floor":36.0},{"not_picked":["Clothesline+1","Power Through"],"picked":"Heavy Blade","floor":37.0},{"not_picked":["Havoc","Sever Soul"],"picked":"True Grit+1","floor":39.0},{"not_picked":["Warcry","Combust+1"],"picked":"Sword Boomerang+1","floor":41.0},{"not_picked":["Corruption","Combust"],"picked":"Intimidate+1","floor":44.0},{"not_picked":["Headbutt","Blood for Blood"],"picked":"Battle Trance","floor":46.0},{"not_picked":["Pommel Strike+1","Warcry"],"picked":"Twin Strike+1","floor":47.0},{"not_picked":["Power Through","Battle Trance"],"picked":"Feel No Pain+1","floor":48.0}],"player_experience":668708,"relics_obtained":[{"floor":6.0,"key":"Lantern"},{"floor":9.0,"key":"Happy Flower"},{"floor":12.0,"key":"Vajra"},{"floor":14.0,"key":"Bronze Scales"},{"floor":23.0,"key":"MawBank"},{"floor":25.0,"key":"Shuriken"},{"floor":26.0,"key":"Bird Faced Urn"},{"floor":28.0,"key":"Mummified Hand"},{"floor":31.0,"key":"Bag of Preparation"},{"floor":41.0,"key":"Potion Belt"},{"floor":44.0,"key":"Anchor"},{"floor":46.0,"key":"Ornamental Fan"}],"event_choices":[{"cards_removed":["Strike_R"],"damage_healed":0.0,"max_hp_gain":0.0,"max_hp_loss":0.0,"gold_gain":0.0,"event_name":"The Cleric","player_choice":"Card Removal","floor":3.0,"gold_loss":75.0,"damage_taken":0.0},{"damage_healed":0.0,"max_hp_gain":0.0,"max_hp_loss":0.0,"gold_gain":0.0,"event_name":"World of Goop","player_choice":"Left Gold","floor":5.0,"gold_loss":47.0,"damage_taken":0.0},{"damage_healed":0.0,"max_hp_gain":0.0,"max_hp_loss":0.0,"gold_gain":0.0,"event_name":"SensoryStone","player_choice":"Memory 3","floor":36.0,"gold_loss":0.0,"damage_taken":10.0},{"damage_healed":0.0,"max_hp_gain":0.0,"max_hp_loss":0.0,"gold_gain":0.0,"cards_transformed":["Strike_R"],"event_name":"Transmorgrifier","player_choice":"Transformed","floor":38.0,"gold_loss":0.0,"damage_taken":0.0,"cards_obtained":["Seeing Red"]},{"damage_healed":0.0,"max_hp_gain":0.0,"max_hp_loss":0.0,"gold_gain":0.0,"event_name":"WeMeetAgain","player_choice":"Paid Gold","floor":45.0,"gold_loss":65.0,"damage_taken":0.0,"relics_obtained":["Strawberry"]}],"is_beta":false,"boss_relics":[{"not_picked":["Astrolabe","Fusion Hammer"],"picked":"Velvet Choker"},{"not_picked":["Empty Cage","Orrery"],"picked":"Mark of Pain"}],"items_purged_floors":[11,22],"is_endless":false,"potions_floor_spawned":[1,6,8,14,18,25,27,29,30,37,47],"killed_by":"Time Eater","ascension_level":20}