{"gold_per_floor":[116,116,131,151,163,188,188,198,198,258,276,17,37,212,212,310,310,323,338,19,29,49,49,49],"floor_reached":24,"playtime":1870,"items_purged":[],"score":202,"play_id":"22eabef6-db39-4730-b6d1-bfd16da5b7bd","local_time":"20190301202230","is_ascension_mode":false,"campfire_choices":[{"floor":7,"key":"REST"},{"floor":15,"key":"REST"},{"floor":23,"key":"REST"}],"neow_cost":"NONE","seed_source_timestamp":2235548992308025,"circlet_count":0,"master_deck":["Strike_B","Strike_B","Strike_B","Strike_B+1","Defend_B","Defend_B","Defend_B","Defend_B+1","Zap","Dualcast","Madness","Chill","Beam Cell","Capacitor","Consume","Coolheaded","Cold Snap+1","Chill","Self Repair","Go for the Eyes+1","FTL+1","Swift Strike+1","Sunder+1","Doubt","Hologram","Fission","Capacitor+1","Sweeping Beam+1","Beam Cell+1","Panache","Trip","Go for the Eyes+1","Turbo","Defragment"],"relics":["Cracked Core","Singing Bowl","Molten Egg 2","Dream Catcher","Inserter"],"potions_floor_usage":[16,19,19,19],"damage_taken":[{"damage":2,"enemies":"2 Louse","floor":1,"turns":2},{"damage":4,"enemies":"Jaw Worm","floor":3,"turns":3},{"damage":3,"enemies":"Small Slimes","floor":4,"turns":2},{"damage":3,"enemies":"Looter","floor":5,"turns":3},{"damage":3,"enemies":"Lagavulin","floor":6,"turns":9},{"damage":15,"enemies":"Blue Slaver","floor":8,"turns":3},{"damage":24,"enemies":"Lagavulin Event","floor":10,"turns":6},{"damage":11,"enemies":"Exordium Thugs","floor":11,"turns":4},{"damage":0,"enemies":"2 Fungi Beasts","floor":13,"turns":3},{"damage":23,"enemies":"The Guardian","floor":16,"turns":17},{"damage":14,"enemies":"Spheric Guardian","floor":18,"turns":6},{"damage":4,"enemies":"2 Thieves","floor":19,"turns":4},{"damage":32,"enemies":"Cultist and Chosen","floor":21,"turns":10},{"damage":42,"enemies":"Snecko","floor":22,"turns":10},{"damage":43,"enemies":"Slavers","floor":24,"turns":3}],"seed_played":"-8759175950992200707","potions_obtained":[{"floor":3,"key":"FearPotion"},{"floor":6,"key":"Ancient Potion"},{"floor":8,"key":"PowerPotion"},{"floor":16,"key":"Explosive Potion"},{"floor":18,"key":"Fire Potion"},{"floor":21,"key":"AttackPotion"}],"is_trial":false,"path_per_floor":["M","?","M","M","M","E","R","M","T","?","M","$","M","?","R","B",null,"M","M","$","M","M","R","E"],"character_chosen":"DEFECT","items_purchased":["Self Repair","Go for the Eyes+1","FTL+1","Swift Strike+1","Beam Cell+1","Panache","Trip"],"campfire_rested":3,"item_purchase_floors":[12,12,12,12,20,20,20],"current_hp_per_floor":[73,58,54,51,48,47,70,55,55,31,20,20,20,20,43,27,77,70,73,73,48,13,36,0],"gold":49,"neow_bonus":"RANDOM_COLORLESS","is_prod":false,"is_daily":false,"chose_seed":false,"campfire_upgraded":0,"win_rate":0,"timestamp":1551471750,"path_taken":["M","?","M","M","M","E","R","M","T","?","M","?","M","?","R","BOSS","M","M","$","M","M","R","E"],"build_version":"2019-01-23","purchased_purges":0,"victory":false,"max_hp_per_floor":[75,75,75,75,75,77,77,77,77,77,77,77,77,77,77,77,77,77,77,77,77,77,77,77],"card_choices":[{"not_picked":["Heatsinks","Ball Lightning"],"picked":"Chill","floor":1},{"not_picked":["Capacitor","Coolheaded"],"picked":"Beam Cell","floor":3},{"not_picked":["Steam Power","Double Energy"],"picked":"Capacitor","floor":4},{"not_picked":["Rebound","Static Discharge"],"picked":"Consume","floor":5},{"not_picked":["Redo","Rebound","Stack"],"picked":"Singing Bowl","floor":6},{"not_picked":["Rebound","Reinforced Body"],"picked":"Coolheaded","floor":8},{"not_picked":["Coolheaded","Core Surge+1"],"picked":"Cold Snap+1","floor":10},{"not_picked":["Darkness","Conserve Battery"],"picked":"Chill","floor":11},{"not_picked":["Chaos","Steam"],"picked":"Sunder+1","floor":13},{"not_picked":["Steam Power","Heatsinks"],"picked":"Hologram","floor":15},{"not_picked":["Reboot","Multi-Cast"],"picked":"Fission","floor":16},{"not_picked":["Stack","Skim"],"picked":"Capacitor+1","floor":18},{"not_picked":["Beam Cell+1","FTL+1"],"picked":"Sweeping Beam+1","floor":19},{"not_picked":["Chaos","Leap"],"picked":"Go for the Eyes+1","floor":21},{"not_picked":["Lockon+1","Rebound+1"],"picked":"Turbo","floor":22},{"not_picked":["Genetic Algorithm","Leap"],"picked":"Defragment","floor":23}],"player_experience":1016436,"relics_obtained":[{"floor":6,"key":"Singing Bowl"},{"floor":9,"key":"Molten Egg 2"},{"floor":10,"key":"Dream Catcher"}],"event_choices":[{"damage_healed":0,"gold_gain":0,"player_choice":"Entered Light","damage_taken":15,"max_hp_gain":0,"max_hp_loss":0,"event_name":"Shining Light","floor":2,"gold_loss":0,"cards_upgraded":["Strike_B","Defend_B"]},{"damage_healed":0,"gold_gain":0,"player_choice":"Searched \u00271\u0027 times","damage_taken":0,"max_hp_gain":0,"max_hp_loss":0,"event_name":"Dead Adventurer","floor":10,"gold_loss":0},{"damage_healed":0,"gold_gain":175,"player_choice":"AGREE","damage_taken":0,"max_hp_gain":0,"max_hp_loss":0,"event_name":"Liars Game","floor":14,"gold_loss":0,"cards_obtained":["Doubt"]}],"is_beta":false,"boss_relics":[{"not_picked":["Snecko Eye","FrozenCore"],"picked":"Inserter"}],"items_purged_floors":[],"is_endless":false,"potions_floor_spawned":[3,6,8,11,13,16,18,21],"killed_by":"Slavers","ascension_level":0}