{"gold_per_floor":[113,131,151,164,182,215,215,215,215,5,5,18,42,42,42,133,133,152,171,185,28,28],"floor_reached":22,"playtime":968,"items_purged":[],"score":333,"play_id":"c9e99f9a-e020-433c-baf2-a976ef5abee8","local_time":"20190328172856","is_ascension_mode":true,"campfire_choices":[{"data":"Catalyst","floor":8,"key":"SMITH"},{"data":"Dodge and Roll","floor":11,"key":"SMITH"},{"floor":15,"key":"REST"}],"neow_cost":"PERCENT_DAMAGE","seed_source_timestamp":11553510078504,"circlet_count":0,"master_deck":["AscendersBane","Defend_G","Defend_G","Defend_G","Defend_G","Defend_G","Strike_G+1","Strike_G+1","Survivor","Neutralize","Backstab","Deadly Poison","Catalyst+1","Dodge and Roll+1","Injury","Poisoned Stab","Adrenaline","Envenom+1","Caltrops+1","Deadly Poison+1","Escape Plan"],"relics":["Ring of the Snake","Whetstone","Golden Idol","Frozen Egg 2","TwistedFunnel","Gremlin Horn","Astrolabe","PreservedInsect"],"potions_floor_usage":[6,6,16,22],"damage_taken":[{"damage":0,"enemies":"Cultist","floor":1,"turns":4},{"damage":3,"enemies":"Jaw Worm","floor":2,"turns":6},{"damage":0,"enemies":"2 Louse","floor":3,"turns":3},{"damage":3,"enemies":"Exordium Thugs","floor":4,"turns":5},{"damage":8,"enemies":"Blue Slaver","floor":5,"turns":5},{"damage":22,"enemies":"Lagavulin","floor":6,"turns":6},{"damage":5,"enemies":"Gremlin Gang","floor":12,"turns":5},{"damage":1,"enemies":"Exordium Thugs","floor":13,"turns":4},{"damage":9,"enemies":"Hexaghost","floor":16,"turns":5},{"damage":22,"enemies":"Shell Parasite","floor":18,"turns":5},{"damage":7,"enemies":"Chosen","floor":19,"turns":2},{"damage":15,"enemies":"Snake Plant","floor":20,"turns":3},{"damage":23,"enemies":"Cultist and Chosen","floor":22,"turns":6}],"seed_played":"715138308132594855","potions_obtained":[{"floor":1,"key":"Ancient Potion"},{"floor":2,"key":"PowerPotion"},{"floor":5,"key":"Poison Potion"},{"floor":6,"key":"GamblersBrew"},{"floor":13,"key":"Poison Potion"},{"floor":20,"key":"SkillPotion"}],"is_trial":false,"path_per_floor":["M","M","M","M","M","E","?","R","T","$","R","M","M","?","R","B",null,"M","M","M","$","M"],"character_chosen":"THE_SILENT","items_purchased":["TwistedFunnel","PreservedInsect"],"campfire_rested":1,"item_purchase_floors":[10,21],"current_hp_per_floor":[56,53,53,50,42,20,20,20,20,20,20,15,14,14,37,28,66,44,37,22,22,0],"gold":28,"neow_bonus":"TWENTY_PERCENT_HP_BONUS","is_prod":false,"is_daily":false,"chose_seed":false,"campfire_upgraded":2,"win_rate":0,"timestamp":1553790536,"path_taken":["M","M","?","M","M","E","?","R","T","$","R","M","M","?","R","BOSS","M","M","?","$","M"],"build_version":"2019-01-23","purchased_purges":0,"victory":false,"max_hp_per_floor":[78,78,78,78,78,78,78,78,78,78,78,78,78,78,78,78,78,78,78,78,78,78],"card_choices":[{"not_picked":["Distraction","Blade Dance","Outmaneuver"],"picked":"SKIP","floor":1},{"not_picked":["Choke","Blur"],"picked":"Backstab","floor":2},{"not_picked":["Outmaneuver","Setup"],"picked":"Deadly Poison","floor":3},{"not_picked":["Deflect","Endless Agony"],"picked":"Catalyst","floor":4},{"not_picked":["Underhanded Strike","Acrobatics","Distraction"],"picked":"SKIP","floor":5},{"not_picked":["Outmaneuver","Cloak And Dagger"],"picked":"Dodge and Roll","floor":6},{"not_picked":["Underhanded Strike","Bane","Masterful Stab"],"picked":"SKIP","floor":12},{"not_picked":["Skewer","Outmaneuver"],"picked":"Poisoned Stab","floor":13},{"not_picked":["Glass Knife","Night Terror"],"picked":"Adrenaline","floor":16},{"not_picked":["Acrobatics","Reflex","Deflect"],"picked":"SKIP","floor":18},{"not_picked":["Caltrops+1","Dagger Throw"],"picked":"Escape Plan","floor":19},{"not_picked":["Poisoned Stab","Sucker Punch","Tactician"],"picked":"SKIP","floor":20}],"player_experience":812246,"relics_obtained":[{"floor":6,"key":"Whetstone"},{"floor":9,"key":"Frozen Egg 2"}],"event_choices":[{"damage_healed":0,"gold_gain":0,"player_choice":"Take Wound","damage_taken":0,"relics_obtained":["Golden Idol"],"max_hp_gain":0,"max_hp_loss":0,"event_name":"Golden Idol","floor":7,"gold_loss":0,"cards_obtained":["Injury"]},{"damage_healed":0,"gold_gain":0,"player_choice":"Gave Potion","damage_taken":0,"relics_obtained":["Gremlin Horn"],"max_hp_gain":0,"max_hp_loss":0,"event_name":"WeMeetAgain","floor":14,"gold_loss":0}],"is_beta":false,"boss_relics":[{"not_picked":["Calling Bell","HoveringKite"],"picked":"Astrolabe"}],"items_purged_floors":[],"is_endless":false,"potions_floor_spawned":[1,2,5,6,13,20],"killed_by":"Cultist and Chosen","ascension_level":15}