{"gold_per_floor":[111,111,128,146,157,157,157,171,197,197,209,209,134,144,144,144],"floor_reached":16,"playtime":630,"items_purged":["Strike_B"],"score":94,"play_id":"4eb8a45f-1fda-41e6-9552-dcc1676b2c5d","local_time":"20180728202650","is_ascension_mode":false,"campfire_choices":[{"floor":10,"key":"REST"},{"data":"Zap","floor":12,"key":"SMITH"},{"data":"Dualcast","floor":15,"key":"SMITH"}],"neow_cost":"NONE","seed_source_timestamp":2500829503064677,"circlet_count":0,"master_deck":["Strike_B","Defend_B","Defend_B","Defend_B","Defend_B","Zap+1","Dualcast+1"],"relics":["Cracked Core","Bronze Scales","Dream Catcher"],"potions_floor_usage":[11,16,16],"damage_taken":[{"damage":7,"enemies":"Small Slimes","floor":1,"turns":2},{"damage":0,"enemies":"Cultist","floor":3,"turns":2},{"damage":1,"enemies":"2 Louse","floor":4,"turns":2},{"damage":29,"enemies":"Exordium Thugs","floor":5,"turns":7},{"damage":2,"enemies":"2 Fungi Beasts","floor":8,"turns":4},{"damage":0,"enemies":"Lots of Slimes","floor":11,"turns":1},{"damage":8,"enemies":"Exordium Thugs","floor":14,"turns":4},{"damage":56,"enemies":"Slime Boss","floor":16,"turns":11}],"seed_played":"7428034788781635274","potions_obtained":[{"floor":3,"key":"Explosive Potion"},{"floor":4,"key":"SteroidPotion"},{"floor":8,"key":"Explosive Potion"}],"is_trial":false,"path_per_floor":["M","?","M","M","M","?","?","M","T","R","M","R","$","M","R"],"character_chosen":"DEFECT","items_purchased":[],"campfire_rested":1,"item_purchase_floors":[],"current_hp_per_floor":[68,68,68,67,38,38,38,36,36,58,58,58,58,50,50,0],"gold":144,"neow_bonus":"REMOVE_CARD","is_prod":false,"is_daily":false,"chose_seed":false,"campfire_upgraded":2,"win_rate":0,"timestamp":1532806010,"path_taken":["M","?","?","M","M","?","?","?","T","R","M","R","$","M","R","BOSS"],"build_version":"2018-07-26","purchased_purges":1,"victory":false,"max_hp_per_floor":[75,75,75,75,75,75,75,75,75,75,75,75,75,75,75,75],"card_choices":[{"not_picked":["Barrage","Stack","Skim"],"picked":"SKIP","floor":1},{"not_picked":["Streamline","Leap","Aggregate"],"picked":"SKIP","floor":3},{"not_picked":["Coolheaded","Cold Snap","Sweeping Beam"],"picked":"SKIP","floor":4},{"not_picked":["Hologram","Chill","Stack"],"picked":"SKIP","floor":5},{"not_picked":["Streamline","Force Field","Barrage"],"picked":"SKIP","floor":8},{"not_picked":["Redo","Ball Lightning","Heatsinks"],"picked":"SKIP","floor":11},{"not_picked":["Hyperbeam","Redo","Steam"],"picked":"SKIP","floor":14}],"player_experience":249821,"relics_obtained":[{"floor":9,"key":"Dream Catcher"}],"event_choices":[{"event_name":"Bonfire Elementals","player_choice":"BASIC","floor":2,"damage_taken":0},{"event_name":"Accursed Blacksmith","player_choice":"Ignore","floor":6,"damage_taken":0},{"event_name":"WeMeetAgain","player_choice":"Potion","floor":7,"damage_taken":0}],"is_beta":false,"boss_relics":[],"items_purged_floors":[13],"is_endless":false,"potions_floor_spawned":[3,4,8],"killed_by":"Slime Boss","ascension_level":0}