{"gold_per_floor":[114,131,131,206,226,226,252,262,315,328,339,339,355,37,37,132,132,146,47,59,59,74,105,105,130,130,130,162,180,180,209,209,305,305,318,372,472,472,52,52,86,86,86,86,86],"floor_reached":46,"playtime":3926,"items_purged":["Strike_B","Writhe"],"score":1238,"play_id":"f910fd7f-ccfe-4ed0-a158-2afb49eab68f","local_time":"20190326223045","is_ascension_mode":true,"campfire_choices":[{"data":"Electrodynamics","floor":6,"key":"SMITH"},{"data":"Ball Lightning","floor":12,"key":"SMITH"},{"data":"Seek","floor":15,"key":"SMITH"},{"data":"Darkness","floor":24,"key":"SMITH"},{"data":"Zap","floor":30,"key":"SMITH"},{"data":"Hologram","floor":32,"key":"SMITH"},{"data":"Creative AI","floor":40,"key":"SMITH"},{"data":"Undo","floor":42,"key":"SMITH"}],"neow_cost":"TEN_PERCENT_HP_LOSS","seed_source_timestamp":21488341013783,"circlet_count":0,"master_deck":["AscendersBane","Strike_B+1","Defend_B+1","Defend_B+1","Defend_B+1","Defend_B+1","Zap+1","Dualcast","Electrodynamics+1","Sunder","Capacitor","Seek+1","BootSequence","Ball Lightning+1","Hologram+1","Undo+1","Echo Form","Self Repair","Conserve Battery","Glacier","Seek","Reprogram","Darkness+1","Loop","Capacitor","BootSequence","White Noise+1","Creative AI+1","BootSequence","Consume+1"],"relics":["Cracked Core","Dodecahedron","Art of War","Bottled Lightning","Nuclear Battery","Dream Catcher","Oddly Smooth Stone","Prayer Wheel","Centennial Puzzle","Singing Bowl","Coffee Dripper","Dead Branch","Emotion Chip","Bottled Tornado","Omamori","Letter Opener"],"potions_floor_usage":[7,7,16,20,36,36,41],"damage_taken":[{"damage":3,"enemies":"Small Slimes","floor":1,"turns":3},{"damage":1,"enemies":"2 Louse","floor":2,"turns":2},{"damage":0,"enemies":"Cultist","floor":5,"turns":3},{"damage":20,"enemies":"3 Sentries","floor":7,"turns":4},{"damage":8,"enemies":"Exordium Thugs","floor":8,"turns":4},{"damage":1,"enemies":"Looter","floor":10,"turns":2},{"damage":0,"enemies":"3 Louse","floor":11,"turns":1},{"damage":0,"enemies":"Large Slime","floor":13,"turns":4},{"damage":0,"enemies":"Slime Boss","floor":16,"turns":6},{"damage":2,"enemies":"Shell Parasite","floor":18,"turns":4},{"damage":0,"enemies":"Chosen","floor":20,"turns":4},{"damage":7,"enemies":"Snecko","floor":22,"turns":8},{"damage":3,"enemies":"Book of Stabbing","floor":23,"turns":8},{"damage":0,"enemies":"Gremlin Leader","floor":25,"turns":7},{"damage":10,"enemies":"Slavers","floor":28,"turns":5},{"damage":0,"enemies":"3 Cultists","floor":29,"turns":2},{"damage":0,"enemies":"Gremlin Leader","floor":31,"turns":6},{"damage":30,"enemies":"Collector","floor":33,"turns":9},{"damage":0,"enemies":"3 Darklings","floor":35,"turns":2},{"damage":34,"enemies":"2 Orb Walkers","floor":36,"turns":6},{"damage":0,"enemies":"Mind Bloom Boss Battle","floor":37,"turns":9},{"damage":9,"enemies":"Nemesis","floor":41,"turns":10},{"damage":5,"enemies":"Donu and Deca","floor":45,"turns":8}],"seed_played":"7420467369850578125","potions_obtained":[{"floor":1,"key":"Regen Potion"},{"floor":5,"key":"GamblersBrew"},{"floor":7,"key":"SkillPotion"},{"floor":11,"key":"Ancient Potion"},{"floor":23,"key":"AttackPotion"},{"floor":28,"key":"Fire Potion"},{"floor":29,"key":"Block Potion"},{"floor":37,"key":"GamblersBrew"}],"is_trial":false,"path_per_floor":["M","M","?","?","M","R","E","M","T","M","M","R","M","$","R","B",null,"M","$","M","?","M","E","R","E","T","?","E","M","R","E","R","B",null,"M","?","?","?","$","R","E","R","T","?","B",null],"character_chosen":"DEFECT","items_purchased":["Bottled Lightning","Undo","Conserve Battery","Bottled Tornado","Ancient Potion"],"campfire_rested":0,"item_purchase_floors":[14,14,19,39,39],"current_hp_per_floor":[65,64,64,58,58,58,50,42,42,41,41,41,41,41,41,41,61,59,59,68,68,68,68,68,68,68,68,68,68,68,68,68,45,62,64,39,55,74,74,74,74,74,74,74,74],"gold":86,"neow_bonus":"THREE_RARE_CARDS","is_prod":false,"is_daily":false,"chose_seed":false,"campfire_upgraded":8,"win_rate":0,"timestamp":1553635845,"path_taken":["M","M","?","?","?","R","E","M","T","M","M","R","M","$","R","BOSS","M","$","M","?","M","E","R","E","T","?","E","M","R","E","R","BOSS","M","?","?","?","$","R","E","R","T","?","BOSS"],"build_version":"2019-01-23","purchased_purges":2,"victory":true,"max_hp_per_floor":[68,68,68,68,68,68,68,68,68,68,68,68,68,68,68,68,68,68,68,68,68,68,68,68,68,68,68,68,68,68,68,68,68,68,70,72,74,74,74,74,74,74,74,74,74],"card_choices":[{"not_picked":["Core Surge","Seek"],"picked":"Electrodynamics","floor":0},{"not_picked":["Beam Cell","Chill"],"picked":"Sunder","floor":1},{"not_picked":["Steam","Go for the Eyes"],"picked":"Capacitor","floor":2},{"not_picked":["Hologram","Beam Cell","Static Discharge"],"picked":"SKIP","floor":5},{"not_picked":["BootSequence","Gash"],"picked":"Seek","floor":7},{"not_picked":["Loop","Redo"],"picked":"BootSequence","floor":8},{"not_picked":["Stack","Static Discharge","Beam Cell"],"picked":"SKIP","floor":10},{"not_picked":["Steam","Leap"],"picked":"Ball Lightning","floor":11},{"not_picked":["Beam Cell","Sweeping Beam"],"picked":"Hologram","floor":13},{"not_picked":["Creative AI","Hyperbeam"],"picked":"Echo Form","floor":16},{"not_picked":["Static Discharge","Steam"],"picked":"Self Repair","floor":18},{"not_picked":["Double Energy","Fusion"],"picked":"Glacier","floor":20},{"not_picked":["Coolheaded","Sweeping Beam","Stack"],"picked":"SKIP","floor":22},{"not_picked":["Self Repair","Fusion+1"],"picked":"Darkness","floor":23},{"not_picked":["Beam Cell","Barrage"],"picked":"Loop","floor":25},{"not_picked":["Electrodynamics","Cold Snap","Gash"],"picked":"SKIP","floor":28},{"not_picked":["Coolheaded","Darkness"],"picked":"Capacitor","floor":29},{"not_picked":["Go for the Eyes","Streamline"],"picked":"BootSequence","floor":29},{"not_picked":["Coolheaded","Capacitor"],"picked":"White Noise+1","floor":31},{"not_picked":["Machine Learning","Amplify"],"picked":"Creative AI","floor":33},{"not_picked":["Steam Power","Stack","Go for the Eyes+1"],"picked":"Singing Bowl","floor":35},{"not_picked":["Gash","Creative AI"],"picked":"BootSequence","floor":35},{"not_picked":["Turbo+1","Streamline","Cold Snap+1"],"picked":"Singing Bowl","floor":36},{"not_picked":["Cold Snap","Coolheaded","Go for the Eyes"],"picked":"Singing Bowl","floor":37},{"not_picked":["Reprogram","Aggregate"],"picked":"Consume+1","floor":41}],"player_experience":796193,"relics_obtained":[{"floor":7,"key":"Dodecahedron"},{"floor":9,"key":"Art of War"},{"floor":23,"key":"Dream Catcher"},{"floor":25,"key":"Oddly Smooth Stone"},{"floor":26,"key":"Prayer Wheel"},{"floor":28,"key":"Centennial Puzzle"},{"floor":31,"key":"Singing Bowl"},{"floor":36,"key":"Dead Branch"},{"floor":37,"key":"Emotion Chip"},{"floor":41,"key":"Omamori"},{"floor":43,"key":"Letter Opener"}],"event_choices":[{"damage_healed":0,"gold_gain":0,"player_choice":"Ignored","damage_taken":0,"max_hp_gain":0,"max_hp_loss":0,"event_name":"Liars Game","floor":3,"gold_loss":0},{"damage_healed":0,"gold_gain":75,"player_choice":"Touch","damage_taken":6,"max_hp_gain":0,"max_hp_loss":0,"event_name":"FaceTrader","floor":4,"gold_loss":0},{"damage_healed":0,"gold_gain":0,"cards_transformed":["Strike_B","Strike_B"],"player_choice":"Became Test Subject","damage_taken":0,"max_hp_gain":0,"max_hp_loss":0,"event_name":"Drug Dealer","floor":21,"gold_loss":0,"cards_obtained":["Seek","Reprogram"]},{"damage_healed":0,"gold_gain":0,"player_choice":"Simplicity","damage_taken":0,"max_hp_gain":0,"max_hp_loss":0,"event_name":"Back to Basics","floor":27,"gold_loss":0,"cards_upgraded":["Strike_B","Defend_B","Defend_B","Defend_B","Defend_B"]},{"damage_healed":0,"gold_gain":0,"player_choice":"Fight","damage_taken":0,"max_hp_gain":0,"max_hp_loss":0,"event_name":"Mysterious Sphere","floor":36,"gold_loss":0},{"damage_healed":0,"gold_gain":0,"player_choice":"Fight","damage_taken":0,"max_hp_gain":0,"max_hp_loss":0,"event_name":"MindBloom","floor":37,"gold_loss":0},{"damage_healed":19,"gold_gain":0,"player_choice":"Writhe","damage_taken":0,"max_hp_gain":0,"max_hp_loss":0,"event_name":"Winding Halls","floor":38,"gold_loss":0,"cards_obtained":["Writhe"]},{"damage_healed":0,"gold_gain":0,"player_choice":"Took Portal","damage_taken":0,"max_hp_gain":0,"max_hp_loss":0,"event_name":"SecretPortal","floor":44,"gold_loss":0}],"is_beta":false,"boss_relics":[{"not_picked":["Calling Bell","Orrery"],"picked":"Nuclear Battery"},{"not_picked":["Lizard Tail","White Beast Statue"],"picked":"Coffee Dripper"}],"items_purged_floors":[19,39],"is_endless":false,"potions_floor_spawned":[1,5,7,11,23,28,29,37],"ascension_level":12}