{"gold_per_floor":[110,120,130,130,130,159,159,171,250,25,45,45,55,90,90,90],"floor_reached":16,"playtime":754,"items_purged":["Strike_R"],"score":196,"play_id":"e219b0e8-f111-44d0-bc43-8ad9b5b28a4c","local_time":"20190321200855","is_ascension_mode":true,"campfire_choices":[{"floor":7,"key":"REST"},{"data":"Pommel Strike","floor":15,"key":"SMITH"}],"neow_cost":"NONE","seed_source_timestamp":16076913056546,"circlet_count":0,"master_deck":["AscendersBane","Strike_R","Strike_R","Strike_R","Strike_R+1","Defend_R","Defend_R","Defend_R","Defend_R","Bash","Pommel Strike+1","Spot Weakness+1","Iron Wave","Ghostly Armor","Immolate"],"relics":["Burning Blood","FossilizedHelix","Frozen Egg 2","Potion Belt"],"potions_floor_usage":[6,11,16],"damage_taken":[{"damage":9,"enemies":"2 Louse","floor":1,"turns":4},{"damage":14,"enemies":"Small Slimes","floor":2,"turns":4},{"damage":6,"enemies":"Jaw Worm","floor":3,"turns":5},{"damage":29,"enemies":"Gremlin Nob","floor":6,"turns":4},{"damage":6,"enemies":"Blue Slaver","floor":8,"turns":5},{"damage":0,"enemies":"3 Louse","floor":11,"turns":3},{"damage":0,"enemies":"Gremlin Gang","floor":13,"turns":1},{"damage":27,"enemies":"Lagavulin","floor":14,"turns":8},{"damage":35,"enemies":"The Guardian","floor":16,"turns":9}],"seed_played":"4141799280245697278","potions_obtained":[{"floor":1,"key":"Energy Potion"},{"floor":6,"key":"SpeedPotion"},{"floor":14,"key":"Poison Potion"}],"is_trial":false,"path_per_floor":["M","M","M","?","?","E","R","M","T","$","M","?","M","E","R","B"],"character_chosen":"IRONCLAD","items_purchased":["Immolate"],"campfire_rested":1,"item_purchase_floors":[10],"current_hp_per_floor":[72,64,64,64,39,16,40,40,40,40,46,46,52,31,31,0],"gold":90,"neow_bonus":"TEN_PERCENT_HP_BONUS","is_prod":false,"is_daily":false,"chose_seed":false,"campfire_upgraded":1,"win_rate":0,"timestamp":1553195335,"path_taken":["M","M","M","?","?","E","R","M","T","$","M","?","M","E","R","BOSS"],"build_version":"2019-01-23","purchased_purges":1,"victory":false,"max_hp_per_floor":[82,82,82,82,82,82,82,82,82,82,82,82,82,82,82,82],"card_choices":[{"not_picked":["Rage","Second Wind"],"picked":"Pommel Strike","floor":1},{"not_picked":["Corruption","Seeing Red"],"picked":"Spot Weakness","floor":2},{"not_picked":["Sentinel","Warcry"],"picked":"Iron Wave","floor":3},{"not_picked":["Entrench","Wild Strike","True Grit"],"picked":"SKIP","floor":6},{"not_picked":["Perfected Strike","Metallicize"],"picked":"Ghostly Armor","floor":8},{"not_picked":["Perfected Strike","Feel No Pain+1","Armaments"],"picked":"SKIP","floor":11},{"not_picked":["Flex","Infernal Blade","Burning Pact"],"picked":"SKIP","floor":13},{"not_picked":["Sword Boomerang","Exhume","Sever Soul"],"picked":"SKIP","floor":14}],"player_experience":727121,"relics_obtained":[{"floor":6,"key":"FossilizedHelix"},{"floor":9,"key":"Frozen Egg 2"},{"floor":14,"key":"Potion Belt"}],"event_choices":[{"damage_healed":0,"gold_gain":0,"player_choice":"Ignored","damage_taken":0,"max_hp_gain":0,"max_hp_loss":0,"event_name":"Golden Idol","floor":4,"gold_loss":0},{"damage_healed":0,"gold_gain":0,"player_choice":"Entered Light","damage_taken":25,"max_hp_gain":0,"max_hp_loss":0,"event_name":"Shining Light","floor":5,"gold_loss":0,"cards_upgraded":["Strike_R","Spot Weakness"]},{"damage_healed":0,"gold_gain":0,"player_choice":"Searched \u00270\u0027 times","damage_taken":0,"max_hp_gain":0,"max_hp_loss":0,"event_name":"Dead Adventurer","floor":12,"gold_loss":0}],"is_beta":false,"boss_relics":[],"items_purged_floors":[10],"is_endless":false,"potions_floor_spawned":[1,6,14],"killed_by":"The Guardian","ascension_level":15}