{"gold_per_floor":[115,80,80,80,80,80,113,113,113,113],"floor_reached":10,"playtime":316,"items_purged":[],"score":124,"play_id":"0b3cd4e6-0c7f-4347-82f3-b977aea2fa96","local_time":"20190328112732","is_ascension_mode":true,"campfire_choices":[{"data":"Zap","floor":6,"key":"SMITH"},{"floor":8,"key":"REST"}],"neow_cost":"NONE","seed_source_timestamp":1321578739597592,"circlet_count":0,"master_deck":["AscendersBane","Strike_B","Strike_B","Strike_B","Strike_B+1","Defend_B","Defend_B","Defend_B+1","Defend_B","Zap+1","Dualcast","Ball Lightning","Leap","Capacitor"],"relics":["Cracked Core","Prayer Wheel","Juzu Bracelet","Gremlin Horn"],"potions_floor_usage":[],"damage_taken":[{"damage":5,"enemies":"Small Slimes","floor":1,"turns":3},{"damage":35,"enemies":"Gremlin Nob","floor":7,"turns":4},{"damage":22,"enemies":"Lagavulin","floor":10,"turns":7}],"seed_played":"7454842625824153682","potions_obtained":[],"is_trial":false,"path_per_floor":["M","?","?","?","?","R","E","R","T","E"],"character_chosen":"DEFECT","items_purchased":[],"campfire_rested":1,"item_purchase_floors":[],"current_hp_per_floor":[59,71,50,32,37,37,2,24,24,2],"gold":113,"neow_bonus":"THREE_CARDS","is_prod":false,"is_daily":false,"chose_seed":false,"campfire_upgraded":1,"win_rate":0,"timestamp":1553786852,"path_taken":["M","?","?","?","?","R","E","R","T","E"],"build_version":"2019-03-15","purchased_purges":0,"victory":false,"max_hp_per_floor":[71,71,71,71,76,76,76,76,76,76],"card_choices":[{"not_picked":["Rip and Tear","Cold Snap"],"picked":"Ball Lightning","floor":0},{"not_picked":["Sweeping Beam","Stack"],"picked":"Leap","floor":1},{"not_picked":["Thunder Strike","Aggregate"],"picked":"Capacitor","floor":7}],"player_experience":1340156,"relics_obtained":[{"floor":7,"key":"Juzu Bracelet"},{"floor":9,"key":"Gremlin Horn"}],"event_choices":[{"damage_healed":17,"gold_gain":0,"player_choice":"Healed","damage_taken":0,"max_hp_gain":0,"max_hp_loss":0,"event_name":"The Cleric","floor":2,"gold_loss":35},{"damage_healed":0,"gold_gain":0,"player_choice":"Entered Light","damage_taken":21,"max_hp_gain":0,"max_hp_loss":0,"event_name":"Shining Light","floor":3,"gold_loss":0,"cards_upgraded":["Defend_B","Strike_B"]},{"damage_healed":0,"gold_gain":0,"player_choice":"Success","damage_taken":18,"relics_obtained":["Prayer Wheel"],"max_hp_gain":0,"max_hp_loss":0,"event_name":"Scrap Ooze","floor":4,"gold_loss":0},{"damage_healed":0,"gold_gain":0,"player_choice":"Donut","damage_taken":0,"max_hp_gain":5,"max_hp_loss":0,"event_name":"Big Fish","floor":5,"gold_loss":0}],"is_beta":true,"boss_relics":[],"items_purged_floors":[],"is_endless":false,"potions_floor_spawned":[],"killed_by":"Lagavulin","ascension_level":20}