{"gold_per_floor":[110,60,72,72,89,123,123,151,151,151,24,36,47,80,80,185,185,197,197,21,21,41,41,69,69,69,79,59,9,28,46,46,142,142,153,168,41,56,74,74,99,99,122,146,179,10,35,35,35,35],"floor_reached":51,"playtime":4113,"items_purged":["Strike_B","Defend_B+1","Strike_B+1"],"score":889,"play_id":"d74fe87b-a8df-4fdf-a1fb-1f0b95dc6672","local_time":"20190324023843","is_ascension_mode":true,"campfire_choices":[{"data":"Zap","floor":7.0,"key":"SMITH"},{"data":"Defragment","floor":10.0,"key":"SMITH"},{"floor":15.0,"key":"REST"},{"data":"Self Repair","floor":23.0,"key":"SMITH"},{"data":"Glacier","floor":25.0,"key":"SMITH"},{"data":"Consume","floor":32,"key":"SMITH"},{"data":"Echo Form","floor":40,"key":"SMITH"},{"data":"Capacitor","floor":49,"key":"SMITH"}],"neow_cost":"NONE","seed_source_timestamp":124031248739923,"circlet_count":0,"master_deck":["Strike_B+1","Strike_B+1","Defend_B+1","Defend_B+1","Defend_B+1","Zap+1","FTL","Coolheaded","Coolheaded","Coolheaded","Defragment+1","FTL+1","Genetic Algorithm","Ball Lightning+1","Self Repair+1","Reboot","Barrage+1","Glacier+1","Capacitor","BootSequence","Necronomicurse","Cold Snap+1","Conserve Battery","Consume+1","Echo Form+1","Ball Lightning+1","Capacitor+1","Echo Form","Streamline+1","Go for the Eyes+1","Panache","Clumsy","Injury","White Noise+1","Ball Lightning+1","Glacier+1"],"special_seed":0,"relics":["Cracked Core","Smiling Mask","Dodecahedron","Molten Egg 2","Sundial","Coffee Dripper","Necronomicon","Matryoshka","Anchor","Dream Catcher","Cursed Key","Letter Opener","Mercury Hourglass","Pen Nib","Orichalcum","Lantern","Bronze Scales","PreservedInsect"],"potions_floor_usage":[33,33,41,50,50,50,50],"damage_taken":[{"damage":1.0,"enemies":"Jaw Worm","floor":1.0,"turns":3.0},{"damage":0.0,"enemies":"Small Slimes","floor":3.0,"turns":2.0},{"damage":5.0,"enemies":"2 Louse","floor":5.0,"turns":3.0},{"damage":7.0,"enemies":"3 Sentries","floor":6.0,"turns":8.0},{"damage":6.0,"enemies":"Lagavulin","floor":8.0,"turns":9.0},{"damage":16.0,"enemies":"Gremlin Gang","floor":12.0,"turns":4.0},{"damage":10.0,"enemies":"2 Fungi Beasts","floor":13.0,"turns":3.0},{"damage":12.0,"enemies":"3 Sentries","floor":14.0,"turns":5.0},{"damage":17.0,"enemies":"Hexaghost","floor":16.0,"turns":9.0},{"damage":0.0,"enemies":"Spheric Guardian","floor":18.0,"turns":3.0},{"damage":0.0,"enemies":"Chosen","floor":22.0,"turns":4.0},{"damage":14.0,"enemies":"Slavers","floor":24.0,"turns":7.0},{"damage":1.0,"enemies":"Shelled Parasite and Fungi","floor":27.0,"turns":6.0},{"damage":2,"enemies":"Sentry and Sphere","floor":30,"turns":4},{"damage":6,"enemies":"Centurion and Healer","floor":31,"turns":5},{"damage":29,"enemies":"Collector","floor":33,"turns":11},{"damage":0,"enemies":"3 Shapes","floor":35,"turns":4},{"damage":0,"enemies":"3 Darklings","floor":36,"turns":5},{"damage":6,"enemies":"Spire Growth","floor":38,"turns":6},{"damage":0,"enemies":"Sphere and 2 Shapes","floor":39,"turns":5},{"damage":0,"enemies":"Reptomancer","floor":41,"turns":6},{"damage":0,"enemies":"Giant Head","floor":45,"turns":8},{"damage":20,"enemies":"Nemesis","floor":47,"turns":7},{"damage":0,"enemies":"Donu and Deca","floor":50,"turns":8}],"seed_played":"-5551378841725314416","potions_obtained":[{"floor":0.0,"key":"SneckoOil"},{"floor":0.0,"key":"Dexterity Potion"},{"floor":0.0,"key":"PowerPotion"},{"floor":3.0,"key":"PowerPotion"},{"floor":12.0,"key":"PowerPotion"},{"floor":13.0,"key":"Poison Potion"},{"floor":16.0,"key":"Fire Potion"},{"floor":24.0,"key":"LiquidBronze"},{"floor":28.0,"key":"FairyPotion"},{"floor":30,"key":"Fire Potion"},{"floor":33,"key":"Strength Potion"},{"floor":38,"key":"GamblersBrew"},{"floor":39,"key":"EntropicBrew"},{"floor":41,"key":"EssenceOfSteel"}],"is_trial":false,"path_per_floor":["M","?","M","$","M","E","R","E","T","R","$","M","M","E","R","B",null,"M","?","$","?","M","R","E","R","T","M","?","$","M","M","R","B",null,"M","M","$","M","M","R","E","?","T","T","E","$","E","$","R","B",null],"character_chosen":"DEFECT","items_purchased":["FTL+1","Glacier","Capacitor","BootSequence","Capacitor","Bronze Scales","Ball Lightning+1"],"campfire_rested":1,"item_purchase_floors":[11,20,20,20,37,46,46],"current_hp_per_floor":[74,74,74,74,69,62,62,56,56,56,56,40,30,18,40,30,75,75,75,75,59,66,66,62,62,62,71,71,71,75,75,75,56,75,75,75,75,75,75,75,75,75,75,75,75,75,65,65,65,75],"gold":35,"neow_bonus":"THREE_SMALL_POTIONS","is_prod":false,"is_daily":false,"chose_seed":false,"campfire_upgraded":7,"win_rate":0,"timestamp":1553395123,"path_taken":["M","?","M","$","M","E","R","E","T","R","$","M","M","E","R","BOSS","M","?","$","?","M","R","E","R","T","M","?","$","?","?","R","BOSS","M","M","$","?","M","R","E","?","T","?","E","$","E","$","R","BOSS"],"build_version":"2019-01-23","purchased_purges":3,"victory":true,"max_hp_per_floor":[75,75,75,75,75,75,75,75,75,75,75,75,75,75,75,75,75,75,75,75,75,75,75,75,75,75,75,75,75,75,75,75,75,75,75,75,75,75,75,75,75,75,75,75,75,75,75,75,75,75],"card_choices":[{"not_picked":["Undo","Compile Driver"],"picked":"FTL","floor":1.0},{"not_picked":["Ball Lightning","Fusion"],"picked":"Coolheaded","floor":3.0},{"not_picked":["Streamline","Compile Driver"],"picked":"Coolheaded","floor":5.0},{"not_picked":["Turbo","Ball Lightning"],"picked":"Coolheaded","floor":6.0},{"not_picked":["Self Repair","Auto Shields"],"picked":"Defragment","floor":8.0},{"not_picked":["Steam","Thunder Strike+1"],"picked":"Genetic Algorithm","floor":12.0},{"not_picked":["Rebound+1","Storm"],"picked":"Ball Lightning+1","floor":13.0},{"not_picked":["Turbo","Sweeping Beam+1"],"picked":"Self Repair","floor":14.0},{"not_picked":["Thunder Strike+1","Multi-Cast"],"picked":"Reboot","floor":16.0},{"not_picked":["Steam","Doom and Gloom+1"],"picked":"Barrage+1","floor":18.0},{"not_picked":["Compile Driver+1","Leap","Beam Cell+1"],"picked":"SKIP","floor":22.0},{"not_picked":["Stack+1","Auto Shields","Lockon+1"],"picked":"SKIP","floor":24.0},{"not_picked":["Self Repair","Turbo"],"picked":"Cold Snap+1","floor":27.0},{"not_picked":["Sweeping Beam+1","Beam Cell+1"],"picked":"Conserve Battery","floor":30},{"not_picked":["FTL+1","Leap"],"picked":"Consume","floor":31},{"not_picked":["Amplify","Creative AI"],"picked":"Echo Form","floor":33},{"not_picked":["FTL+1","Redo+1"],"picked":"Ball Lightning+1","floor":35},{"not_picked":["Sweeping Beam+1","Turbo+1","Stack+1"],"picked":"SKIP","floor":36},{"not_picked":["Streamline+1","Barrage+1"],"picked":"Echo Form","floor":38},{"not_picked":["Doom and Gloom+1","Redo+1"],"picked":"Streamline+1","floor":39},{"not_picked":["Recycle","Ball Lightning+1"],"picked":"Go for the Eyes+1","floor":41},{"not_picked":["PanicButton","Master of Strategy"],"picked":"Panache","floor":42},{"not_picked":["Stack","Redo+1"],"picked":"White Noise+1","floor":45},{"not_picked":["Stack","Conserve Battery"],"picked":"Glacier+1","floor":47}],"player_experience":153386,"relics_obtained":[{"floor":6.0,"key":"Smiling Mask"},{"floor":8.0,"key":"Dodecahedron"},{"floor":9.0,"key":"Molten Egg 2"},{"floor":14.0,"key":"Sundial"},{"floor":21.0,"key":"Necronomicon"},{"floor":24.0,"key":"Matryoshka"},{"floor":26.0,"key":"Anchor"},{"floor":26.0,"key":"Dream Catcher"},{"floor":41,"key":"Letter Opener"},{"floor":43,"key":"Mercury Hourglass"},{"floor":43,"key":"Pen Nib"},{"floor":44,"key":"Orichalcum"},{"floor":45,"key":"Lantern"},{"floor":47,"key":"PreservedInsect"}],"event_choices":[{"cards_removed":["Dualcast"],"damage_healed":0.0,"max_hp_gain":0.0,"max_hp_loss":0.0,"gold_gain":0.0,"event_name":"The Cleric","player_choice":"Card Removal","floor":2.0,"gold_loss":50.0,"damage_taken":0.0},{"damage_healed":0.0,"max_hp_gain":0.0,"max_hp_loss":0.0,"gold_gain":0.0,"event_name":"Back to Basics","player_choice":"Simplicity","floor":19.0,"gold_loss":0.0,"damage_taken":0.0,"cards_upgraded":["Strike_B","Strike_B","Strike_B","Defend_B","Defend_B","Defend_B","Defend_B"]},{"damage_healed":0.0,"max_hp_gain":0.0,"max_hp_loss":0.0,"gold_gain":0.0,"event_name":"Cursed Tome","player_choice":"Obtained Book","floor":21.0,"gold_loss":0.0,"damage_taken":16.0},{"damage_healed":0.0,"max_hp_gain":0.0,"max_hp_loss":0.0,"gold_gain":0.0,"event_name":"The Woman in Blue","player_choice":"Bought 1 Potion","floor":28.0,"gold_loss":0.0,"damage_taken":0.0},{"damage_healed":0,"gold_gain":0,"player_choice":"Memory 1","damage_taken":0,"max_hp_gain":0,"max_hp_loss":0,"event_name":"SensoryStone","floor":42,"gold_loss":0}],"is_beta":false,"boss_relics":[{"not_picked":["Runic Pyramid","White Beast Statue"],"picked":"Coffee Dripper"},{"not_picked":["Black Star","Snecko Eye"],"picked":"Cursed Key"}],"items_purged_floors":[11,29,37],"is_endless":false,"potions_floor_spawned":[3,12,13,16,24,30,33,38,39,41,45],"ascension_level":1}