{"gold_per_floor":[114,87,87,161,176,206,8,8,8,8,38,38,313,328,328,428,428,443,458,458,458,458,458,488,488,538,568,45,75,75,90,90,215,215,255,295,76,91,91,121,121,176,226,256,26,56,56,71,71,71],"floor_reached":51,"playtime":3535,"items_purged":[],"score":925,"play_id":"f8d6535e-be8d-4f18-8759-42b0af1c7b6a","local_time":"20181020163812","daily_mods":["Draft","Blue Cards","Elite Swarm"],"is_ascension_mode":false,"campfire_choices":[{"floor":8,"key":"REST"},{"data":"Double Energy","floor":10,"key":"SMITH"},{"data":"Skewer","floor":15,"key":"SMITH"},{"data":"Hologram","floor":23,"key":"SMITH"},{"data":"Burst","floor":25,"key":"SMITH"},{"floor":30,"key":"REST"},{"data":"Adrenaline","floor":32,"key":"SMITH"},{"floor":41,"key":"REST"},{"floor":49,"key":"REST"}],"neow_cost":"","seed_source_timestamp":0,"circlet_count":0,"master_deck":["Sweeping Beam","Caltrops","Masterful Stab","Poisoned Stab+1","Glacier","Deadly Poison","Darkness","Well Laid Plans","Skewer+1","FTL+1","Beam Cell","Poisoned Stab","Hologram","Chill","Hologram","Double Energy+1","Hologram+1","Force Field","Multi-Cast","Redo","Tools of the Trade+1","Conserve Battery","Meteor Strike+1","Reinforced Body+1","Beam Cell+1","Burst+1","Meteor Strike+1","Static Discharge+1","Amplify","Adrenaline+1","HandOfGreed+1","Machine Learning+1","Malaise","Double Energy","Phantasmal Killer","Phantasmal Killer","Night Terror+1","Defragment+1","Echo Form+1"],"special_seed":17824,"relics":["Ring of the Snake","Omamori","PreservedInsect","Molten Egg 2","Mercury Hourglass","Sozu","Oddly Smooth Stone","Ginger","Bird Faced Urn","Boot","Frozen Egg 2","Gremlin Horn","Fusion Hammer","Vajra","Tough Bandages","Lantern","Regal Pillow","Strawberry","Ancient Tea Set","Torii"],"potions_floor_usage":[11,29,50],"damage_taken":[{"damage":0,"enemies":"2 Louse","floor":1,"turns":1},{"damage":0,"enemies":"Jaw Worm","floor":5,"turns":2},{"damage":12,"enemies":"Lagavulin","floor":6,"turns":4},{"damage":0,"enemies":"Gremlin Nob","floor":11,"turns":2},{"damage":0,"enemies":"Small Slimes","floor":14,"turns":1},{"damage":19,"enemies":"The Guardian","floor":16,"turns":7},{"damage":0,"enemies":"Spheric Guardian","floor":18,"turns":1},{"damage":6,"enemies":"3 Byrds","floor":19,"turns":3},{"damage":17,"enemies":"Gremlin Leader","floor":24,"turns":4},{"damage":15,"enemies":"Slavers","floor":27,"turns":4},{"damage":4,"enemies":"Book of Stabbing","floor":29,"turns":2},{"damage":0,"enemies":"Snecko","floor":31,"turns":3},{"damage":16,"enemies":"Champ","floor":33,"turns":5},{"damage":10,"enemies":"Orb Walker","floor":35,"turns":2},{"damage":0,"enemies":"3 Darklings","floor":36,"turns":3},{"damage":0,"enemies":"Sphere and 2 Shapes","floor":38,"turns":2},{"damage":0,"enemies":"Reptomancer","floor":40,"turns":3},{"damage":21,"enemies":"Nemesis","floor":42,"turns":3},{"damage":2,"enemies":"Reptomancer","floor":44,"turns":2},{"damage":0,"enemies":"Nemesis","floor":46,"turns":4},{"damage":0,"enemies":"Spire Growth","floor":48,"turns":2},{"damage":55,"enemies":"Time Eater","floor":50,"turns":6}],"seed_played":"5305881688716240515","potions_obtained":[{"floor":5,"key":"Poison Potion"},{"floor":6,"key":"EssenceOfSteel"},{"floor":16,"key":"Weak Potion"}],"is_trial":false,"path_per_floor":["M","$","?","?","M","E","$","R","T","R","E","$","?","M","R","B",null,"M","M","?","?","T","R","E","R","T","E","$","E","R","M","R","B",null,"M","M","$","M","?","E","R","E","T","E","$","E","?","M","R","B"],"character_chosen":"THE_SILENT","items_purchased":["Hologram","PreservedInsect","Redo","Static Discharge+1","Amplify","Adrenaline","HandOfGreed+1","Vajra","Double Energy","Ancient Tea Set","Defragment+1"],"campfire_rested":4,"item_purchase_floors":[2,7,7,28,28,28,28,37,37,45,45],"current_hp_per_floor":[70,70,56,56,56,44,44,65,65,65,65,65,65,65,65,46,70,70,64,64,64,64,64,47,47,47,36,36,38,59,65,65,58,70,60,68,68,70,70,70,70,49,49,62,62,72,72,76,77,26],"gold":71,"neow_bonus":"","is_prod":false,"is_daily":true,"chose_seed":false,"campfire_upgraded":5,"win_rate":0,"timestamp":1540049892,"path_taken":["M","$","?","?","?","E","$","R","T","R","E","$","?","M","R","BOSS","M","M","?","?","?","R","E","R","T","E","$","E","R","M","R","BOSS","M","M","$","M","?","E","R","E","T","E","$","E","?","?","R","BOSS"],"build_version":"2018-10-18","purchased_purges":0,"victory":true,"max_hp_per_floor":[70,70,70,70,70,70,70,70,70,70,70,70,70,70,70,70,70,70,70,70,70,70,70,70,70,70,70,70,70,70,70,70,70,70,70,70,70,70,70,70,70,70,70,77,77,77,77,77,77,77],"card_choices":[{"not_picked":["Compile Driver","Streamline"],"picked":"Sweeping Beam","floor":0},{"not_picked":["Backflip","Sucker Punch"],"picked":"Caltrops","floor":0},{"not_picked":["Deflect","Stack"],"picked":"Masterful Stab","floor":0},{"not_picked":["Redo","Sucker Punch"],"picked":"Poisoned Stab","floor":0},{"not_picked":["Blizzard","Dagger Throw"],"picked":"Glacier","floor":0},{"not_picked":["All Out Attack","Skim"],"picked":"Deadly Poison","floor":0},{"not_picked":["Dagger Throw","Calculated Gamble"],"picked":"Darkness","floor":0},{"not_picked":["Blade Dance","Beam Cell"],"picked":"Well Laid Plans","floor":0},{"not_picked":["Stack","Steam"],"picked":"Skewer","floor":0},{"not_picked":["Rebound","PiercingWail"],"picked":"FTL","floor":0},{"not_picked":["Cloak And Dagger","Underhanded Strike"],"picked":"Beam Cell","floor":0},{"not_picked":["Beam Cell","Heatsinks"],"picked":"Poisoned Stab","floor":0},{"not_picked":["Dodge and Roll","Blade Dance"],"picked":"Hologram","floor":0},{"not_picked":["Sucker Punch","Slice"],"picked":"Chill","floor":0},{"not_picked":["Prepared","Streamline"],"picked":"Hologram","floor":0},{"not_picked":["Well Laid Plans","Footwork"],"picked":"Double Energy","floor":1},{"not_picked":["Concentrate","Endless Agony"],"picked":"Force Field","floor":5},{"not_picked":["Thunder Strike","All For One"],"picked":"Multi-Cast","floor":6},{"not_picked":["Amplify","Phantasmal Killer"],"picked":"Tools of the Trade","floor":11},{"not_picked":["Dagger Spray+1","Gash+1"],"picked":"Conserve Battery","floor":14},{"not_picked":["Buffer","Die Die Die+1"],"picked":"Meteor Strike+1","floor":16},{"not_picked":["All Out Attack+1","Quick Slash+1"],"picked":"Reinforced Body+1","floor":18},{"not_picked":["Slice+1","Endless Agony+1"],"picked":"Beam Cell+1","floor":19},{"not_picked":["Grand Finale+1","Die Die Die+1"],"picked":"Burst","floor":24},{"not_picked":["Tools of the Trade","All For One+1"],"picked":"Meteor Strike+1","floor":27},{"not_picked":["Hyperbeam+1","Amplify"],"picked":"Machine Learning+1","floor":29},{"not_picked":["Consume","Riddle With Holes+1","Cloak And Dagger"],"picked":"SKIP","floor":31},{"not_picked":["Meteor Strike+1","After Image+1"],"picked":"Malaise","floor":33},{"not_picked":["Sucker Punch+1","Darkness+1","Conserve Battery"],"picked":"SKIP","floor":35},{"not_picked":["Coolheaded+1","Flying Knee+1","Scrape+1"],"picked":"SKIP","floor":36},{"not_picked":["PiercingWail+1","Compile Driver+1","Sweeping Beam+1"],"picked":"SKIP","floor":38},{"not_picked":["Meteor Strike+1","Fission"],"picked":"Phantasmal Killer","floor":40},{"not_picked":["Unload+1","Meteor Strike+1"],"picked":"Phantasmal Killer","floor":42},{"not_picked":["Buffer+1","Die Die Die+1"],"picked":"Night Terror","floor":44},{"not_picked":["Malaise","Grand Finale+1"],"picked":"Echo Form+1","floor":46},{"not_picked":["Gash+1","Flying Knee+1","Leap"],"picked":"SKIP","floor":48}],"player_experience":612498,"relics_obtained":[{"floor":6,"key":"Omamori"},{"floor":9,"key":"Molten Egg 2"},{"floor":11,"key":"Mercury Hourglass"},{"floor":22,"key":"Ginger"},{"floor":24,"key":"Bird Faced Urn"},{"floor":26,"key":"Boot"},{"floor":27,"key":"Frozen Egg 2"},{"floor":29,"key":"Gremlin Horn"},{"floor":40,"key":"Tough Bandages"},{"floor":42,"key":"Lantern"},{"floor":43,"key":"Regal Pillow"},{"floor":44,"key":"Strawberry"},{"floor":46,"key":"Torii"}],"event_choices":[{"damage_healed":0,"gold_gain":0,"player_choice":"Entered Light","damage_taken":14,"max_hp_gain":0,"max_hp_loss":0,"event_name":"Shining Light","floor":3,"gold_loss":0,"cards_upgraded":["Poisoned Stab","FTL"]},{"damage_healed":0,"gold_gain":74,"player_choice":"Gained Gold","damage_taken":0,"max_hp_gain":0,"max_hp_loss":0,"event_name":"Golden Wing","floor":4,"gold_loss":0},{"damage_healed":0,"gold_gain":275,"player_choice":"Desecrate","damage_taken":0,"max_hp_gain":0,"max_hp_loss":0,"event_name":"Golden Shrine","floor":13,"gold_loss":0,"cards_obtained":["Regret"]},{"damage_healed":0,"gold_gain":0,"player_choice":"Opened","damage_taken":0,"relics_obtained":["Oddly Smooth Stone"],"max_hp_gain":0,"max_hp_loss":0,"event_name":"The Mausoleum","floor":20,"gold_loss":0},{"damage_healed":0,"gold_gain":0,"player_choice":"Upgraded","damage_taken":0,"max_hp_gain":0,"max_hp_loss":0,"event_name":"Upgrade Shrine","floor":21,"gold_loss":0,"cards_upgraded":["Tools of the Trade"]},{"damage_healed":0,"gold_gain":0,"player_choice":"Got Potions","damage_taken":0,"max_hp_gain":0,"max_hp_loss":0,"event_name":"The Lab","floor":39,"gold_loss":0},{"damage_healed":0,"gold_gain":0,"player_choice":"Forge","damage_taken":0,"max_hp_gain":0,"max_hp_loss":0,"event_name":"Accursed Blacksmith","floor":47,"gold_loss":0,"cards_upgraded":["Night Terror"]}],"is_beta":false,"boss_relics":[{"not_picked":["Ectoplasm","HoveringKite"],"picked":"Sozu"},{"not_picked":["Pandora\u0027s Box","Black Star"],"picked":"Fusion Hammer"}],"items_purged_floors":[],"is_endless":false,"potions_floor_spawned":[5,6,16,24,29,31,33,38,46],"ascension_level":0}