{"gold_per_floor":[118,130,130,140,159,159,184,184,184,184,184,210,224,250,250,326,326,337,145,174,194,205,205,238,338,361,391,391,391,391,408,408,485,485,503,513,527,542,559,559,594,614,614,614,645,364,23,245,245,245,245,245,245,18,44,44],"floor_reached":57,"playtime":6838,"items_purged":["Strike_G","Strike_G","Backstab"],"score":2695,"play_id":"e92dabf1-0918-4c5e-ac49-f4362ecaefd6","local_time":"20190309154550","is_ascension_mode":true,"campfire_choices":[{"data":"Deadly Poison","floor":6.0,"key":"SMITH"},{"data":"Neutralize","floor":8.0,"key":"SMITH"},{"data":"Well Laid Plans","floor":11.0,"key":"SMITH"},{"floor":15.0,"key":"RECALL"},{"floor":23.0,"key":"REST"},{"floor":28.0,"key":"REST"},{"data":"Corpse Explosion","floor":30.0,"key":"SMITH"},{"floor":32.0,"key":"REST"},{"floor":40.0,"key":"REST"},{"floor":49.0,"key":"REST"},{"floor":53.0,"key":"REST"}],"neow_cost":"NONE","seed_source_timestamp":625784919818366,"circlet_count":0,"master_deck":["AscendersBane","Defend_G","Defend_G","Defend_G","Defend_G","Defend_G","Survivor","Neutralize+1","Riddle With Holes","Escape Plan+1","Deadly Poison+1","Dagger Throw","Well Laid Plans+1","Die Die Die","Outmaneuver","Corpse Explosion+1","Dagger Throw+1","Leg Sweep+1","Infinite Blades","Bouncing Flask+1","Eviscerate","Well Laid Plans","Backflip+1","Tactician+1","Deflect+1","Wraith Form v2","Backflip+1","Footwork+1","Dodge and Roll+1","PiercingWail+1","Footwork","Neutralize","Deadly Poison+1","Noxious Fumes","Tactician+1","Footwork"],"special_seed":0,"relics":["Ring of the Snake","Tingsha","Mummified Hand","Pear","Snecko Eye","Red Mask","Bottled Tornado","Tough Bandages","Toxic Egg 2","War Paint","Matryoshka","Fusion Hammer","Smiling Mask","Regal Pillow","Mercury Hourglass","Bag of Preparation","Happy Flower","Incense Burner","Pen Nib"],"potions_floor_usage":[56,56],"damage_taken":[{"damage":1.0,"enemies":"Small Slimes","floor":1.0,"turns":5.0},{"damage":0.0,"enemies":"Cultist","floor":2.0,"turns":4.0},{"damage":1.0,"enemies":"Jaw Worm","floor":4.0,"turns":3.0},{"damage":0.0,"enemies":"2 Fungi Beasts","floor":5.0,"turns":3.0},{"damage":15.0,"enemies":"3 Sentries","floor":7.0,"turns":6.0},{"damage":33.0,"enemies":"Gremlin Nob","floor":12.0,"turns":4.0},{"damage":5.0,"enemies":"3 Louse","floor":13.0,"turns":3.0},{"damage":7.0,"enemies":"The Guardian","floor":16.0,"turns":11.0},{"damage":24.0,"enemies":"Chosen","floor":18.0,"turns":4.0},{"damage":7.0,"enemies":"Masked Bandits","floor":20.0,"turns":2.0},{"damage":1.0,"enemies":"Shell Parasite","floor":21.0,"turns":5.0},{"damage":16.0,"enemies":"Sentry and Sphere","floor":22.0,"turns":5.0},{"damage":18.0,"enemies":"Book of Stabbing","floor":24.0,"turns":4.0},{"damage":8.0,"enemies":"Colosseum Slavers","floor":25.0,"turns":3.0},{"damage":12.0,"enemies":"Colosseum Nobs","floor":25.0,"turns":3.0},{"damage":2.0,"enemies":"Slavers","floor":27.0,"turns":3.0},{"damage":11.0,"enemies":"Snake Plant","floor":31.0,"turns":3.0},{"damage":28.0,"enemies":"Collector","floor":33.0,"turns":8.0},{"damage":0.0,"enemies":"Orb Walker","floor":35.0,"turns":3.0},{"damage":10.0,"enemies":"3 Darklings","floor":36.0,"turns":4.0},{"damage":0.0,"enemies":"Maw","floor":37.0,"turns":6.0},{"damage":0.0,"enemies":"Sphere and 2 Shapes","floor":38.0,"turns":4.0},{"damage":9.0,"enemies":"Transient","floor":39.0,"turns":6.0},{"damage":13.0,"enemies":"Nemesis","floor":41.0,"turns":7.0},{"damage":0.0,"enemies":"3 Darklings","floor":42.0,"turns":4.0},{"damage":2.0,"enemies":"Reptomancer","floor":45.0,"turns":8.0},{"damage":29.0,"enemies":"Awakened One","floor":50.0,"turns":22.0},{"damage":13.0,"enemies":"Donu and Deca","floor":51.0,"turns":8.0},{"damage":13,"enemies":"Shield and Spear","floor":55,"turns":6},{"damage":65,"enemies":"The Heart","floor":56,"turns":14}],"seed_played":"-4687334117709026234","potions_obtained":[{"floor":1.0,"key":"Energy Potion"},{"floor":4.0,"key":"Fruit Juice"},{"floor":12.0,"key":"FearPotion"},{"floor":18.0,"key":"PowerPotion"},{"floor":24.0,"key":"Explosive Potion"},{"floor":31.0,"key":"AttackPotion"},{"floor":35.0,"key":"Block Potion"},{"floor":36.0,"key":"FearPotion"},{"floor":55,"key":"Swift Potion"}],"is_trial":false,"path_per_floor":["M","M","?","M","M","R","E","R","T","?","R","E","M","T","R","B",null,"M","$","?","M","M","R","E","?","T","E","R","?","R","M","R","B",null,"M","M","M","M","M","R","E","M","T","?","E","$","$","?","R","B","B",null,"R","$","E","B",null],"character_chosen":"THE_SILENT","items_purchased":["Leg Sweep","Infinite Blades","Happy Flower","Deadly Poison+1","Incense Burner","Noxious Fumes","Tactician+1","SkillPotion"],"campfire_rested":6,"item_purchase_floors":[19,19,46,46,47,54,54,54],"current_hp_per_floor":[58,58,58,62,62,62,47,47,47,71,71,48,43,43,43,36,70,46,46,39,38,22,46,28,8,8,6,30,30,30,19,43,15,65,65,55,55,55,46,70,57,57,57,57,55,55,55,55,81,52,39,71,81,81,68,3],"gold":44,"neow_bonus":"TRANSFORM_CARD","is_prod":false,"is_daily":false,"chose_seed":false,"campfire_upgraded":4,"win_rate":0,"timestamp":1552167950,"path_taken":["M","M","?","?","M","R","E","R","T","?","R","E","?","?","R","BOSS","M","$","?","M","M","R","E","?","T","E","R","?","R","?","R","BOSS","M","M","M","M","M","R","E","M","T","?","E","?","$","?","R","BOSS","BOSS","R","$","E","BOSS"],"build_version":"2019-01-23","purchased_purges":3,"victory":true,"max_hp_per_floor":[66,66,66,71,71,71,71,71,71,71,71,81,81,81,81,81,81,81,81,81,81,81,81,81,81,81,81,81,81,81,81,81,81,81,81,81,81,81,81,81,81,81,81,81,81,81,81,81,81,81,81,81,81,81,81,81],"card_choices":[{"not_picked":["Bane","Concentrate"],"picked":"Escape Plan","floor":1.0},{"not_picked":["Leg Sweep","Dodge and Roll"],"picked":"Backstab","floor":2.0},{"not_picked":["Sucker Punch","Dagger Throw"],"picked":"Deadly Poison","floor":4.0},{"not_picked":["Underhanded Strike","Blade Dance"],"picked":"Dagger Throw","floor":5.0},{"not_picked":["Predator","Cloak And Dagger"],"picked":"Well Laid Plans","floor":7.0},{"not_picked":["Quick Slash","Underhanded Strike"],"picked":"Die Die Die","floor":12.0},{"not_picked":["Reflex","Blade Dance"],"picked":"Outmaneuver","floor":13.0},{"not_picked":["Unload","Night Terror"],"picked":"Corpse Explosion","floor":16.0},{"not_picked":["Prepared","Quick Slash+1"],"picked":"Dagger Throw+1","floor":18.0},{"not_picked":["Underhanded Strike","Poisoned Stab"],"picked":"Bouncing Flask+1","floor":20.0},{"not_picked":["Slice","Masterful Stab+1"],"picked":"Eviscerate","floor":21.0},{"not_picked":["Deflect","Sucker Punch","Slice"],"picked":"SKIP","floor":22.0},{"not_picked":["Concentrate","Slice"],"picked":"Well Laid Plans","floor":24.0},{"not_picked":["PiercingWail","Endless Agony"],"picked":"Backflip","floor":25.0},{"not_picked":["Poisoned Stab","Quick Slash"],"picked":"Tactician+1","floor":27.0},{"not_picked":["Dagger Spray+1","Eviscerate"],"picked":"Deflect+1","floor":31.0},{"not_picked":["Unload","Die Die Die"],"picked":"Wraith Form v2","floor":33.0},{"not_picked":["Bane+1","Deadly Poison+1"],"picked":"Backflip+1","floor":35.0},{"not_picked":["Endless Agony","Dash"],"picked":"Footwork+1","floor":36.0},{"not_picked":["Underhanded Strike","Outmaneuver+1"],"picked":"Dodge and Roll+1","floor":37.0},{"not_picked":["Dagger Spray","Bane","Heel Hook"],"picked":"SKIP","floor":38.0},{"not_picked":["Tools of the Trade","Reflex+1"],"picked":"PiercingWail+1","floor":39.0},{"not_picked":["Slice","Predator+1","Sucker Punch"],"picked":"SKIP","floor":41.0},{"not_picked":["Poisoned Stab+1","Flying Knee"],"picked":"Footwork","floor":42.0},{"not_picked":["Setup+1","Finisher+1","Sucker Punch"],"picked":"SKIP","floor":45.0},{"not_picked":["Dash+1","All Out Attack"],"picked":"Footwork","floor":55}],"player_experience":722845,"relics_obtained":[{"floor":7.0,"key":"Tingsha"},{"floor":9.0,"key":"Mummified Hand"},{"floor":12.0,"key":"Pear"},{"floor":20.0,"key":"Red Mask"},{"floor":24.0,"key":"Bottled Tornado"},{"floor":25.0,"key":"Tough Bandages"},{"floor":25.0,"key":"Toxic Egg 2"},{"floor":26.0,"key":"War Paint"},{"floor":27.0,"key":"Matryoshka"},{"floor":41.0,"key":"Smiling Mask"},{"floor":43.0,"key":"Regal Pillow"},{"floor":43.0,"key":"Mercury Hourglass"},{"floor":45.0,"key":"Bag of Preparation"},{"floor":55,"key":"Pen Nib"}],"event_choices":[{"cards_removed":["Strike_G"],"damage_healed":0.0,"max_hp_gain":0.0,"max_hp_loss":0.0,"gold_gain":0.0,"event_name":"Purifier","player_choice":"Purged","floor":3.0,"gold_loss":0.0,"damage_taken":0.0},{"damage_healed":24.0,"max_hp_gain":0.0,"max_hp_loss":0.0,"gold_gain":0.0,"event_name":"Wheel of Change","player_choice":"Full Heal","floor":10.0,"gold_loss":0.0,"damage_taken":0.0},{"damage_healed":0.0,"max_hp_gain":0.0,"max_hp_loss":0.0,"gold_gain":0.0,"event_name":"Masked Bandits","player_choice":"Fought Bandits","floor":20.0,"gold_loss":0.0,"damage_taken":0.0},{"damage_healed":0.0,"max_hp_gain":0.0,"max_hp_loss":0.0,"gold_gain":0.0,"event_name":"Colosseum","player_choice":"Fight","floor":25.0,"gold_loss":0.0,"damage_taken":0.0},{"damage_healed":0.0,"max_hp_gain":0.0,"max_hp_loss":0.0,"gold_gain":0.0,"event_name":"Colosseum","player_choice":"Fought Nobs","floor":25.0,"gold_loss":0.0,"damage_taken":0.0},{"cards_removed":["Strike_G"],"damage_healed":0.0,"max_hp_gain":0.0,"max_hp_loss":0.0,"gold_gain":0.0,"event_name":"Purifier","player_choice":"Purged","floor":29.0,"gold_loss":0.0,"damage_taken":0.0},{"damage_healed":0.0,"max_hp_gain":0.0,"max_hp_loss":0.0,"gold_gain":0.0,"event_name":"Match and Keep!","player_choice":"1 cards matched","floor":44.0,"gold_loss":0.0,"damage_taken":0.0,"cards_obtained":["Neutralize"]},{"damage_healed":0.0,"max_hp_gain":0.0,"max_hp_loss":0.0,"gold_gain":222.0,"event_name":"Tomb of Lord Red Mask","player_choice":"Wore Mask","floor":48.0,"gold_loss":0.0,"damage_taken":0.0}],"is_beta":false,"boss_relics":[{"not_picked":["Orrery","Empty Cage"],"picked":"Snecko Eye"},{"not_picked":["Pandora\u0027s Box","Black Star"],"picked":"Fusion Hammer"}],"items_purged_floors":[19,46,54],"is_endless":false,"potions_floor_spawned":[1,4,12,18,20,22,24,31,35,36,38,42,55],"ascension_level":20}