{"gold_per_floor":[111,131,146,158,172,197,216,241,241,241,263,291,291,304,304,376,376,390,305,317,158,172,172,206,206,206,206,240,165,178,206,206,281,281,298,315,315,27,27,27,58,58,85,85,6,56,89,105,105,105,105,105,105,24,51,51],"floor_reached":56,"playtime":6335,"items_purged":["Strike_G"],"score":1966,"play_id":"17e437b8-ac6f-4b35-bc16-20d0cf30c32d","local_time":"20190319123433","is_ascension_mode":true,"campfire_choices":[{"floor":13.0,"key":"REST"},{"floor":15.0,"key":"REST"},{"data":"Catalyst","floor":23.0,"key":"SMITH"},{"floor":25.0,"key":"REST"},{"data":"Footwork","floor":27.0,"key":"SMITH"},{"floor":32.0,"key":"REST"},{"floor":40.0,"key":"REST"},{"floor":42.0,"key":"RECALL"},{"floor":44.0,"key":"REST"},{"floor":49.0,"key":"REST"},{"floor":53.0,"key":"REST"}],"neow_cost":"NONE","seed_source_timestamp":494835577736796,"circlet_count":0,"master_deck":["AscendersBane","Defend_G","Defend_G","Defend_G","Defend_G","Defend_G","Strike_G","Strike_G","Strike_G","Survivor","Neutralize","Glass Knife","Deadly Poison","Well Laid Plans","Finisher","Dash","Caltrops","Backflip","Catalyst+1","Doppelganger","Endless Agony","Adrenaline","Deadly Poison","Slice","Footwork+1","PiercingWail","Deflect+1","Leg Sweep+1","Cloak And Dagger+1","Footwork","After Image","Deflect+1","Footwork+1","Blind","Good Instincts","Good Instincts","Madness","Madness","Footwork","Dodge and Roll","Sucker Punch","Bouncing Flask"],"special_seed":0,"relics":["Ring of the Snake","Centennial Puzzle","Bronze Scales","Smiling Mask","Orichalcum","Odd Mushroom","Blood Vial","Runic Pyramid","Shuriken","Art of War","Bag of Marbles","Ancient Tea Set","War Paint","Fusion Hammer","Pantograph","Ornamental Fan","Frozen Egg 2","Bottled Lightning"],"potions_floor_usage":[56],"damage_taken":[{"damage":0.0,"enemies":"Cultist","floor":1.0,"turns":3.0},{"damage":0.0,"enemies":"2 Louse","floor":2.0,"turns":2.0},{"damage":0.0,"enemies":"Jaw Worm","floor":3.0,"turns":3.0},{"damage":3.0,"enemies":"Blue Slaver","floor":4.0,"turns":4.0},{"damage":0.0,"enemies":"Looter","floor":5.0,"turns":4.0},{"damage":25.0,"enemies":"3 Sentries","floor":6.0,"turns":8.0},{"damage":0.0,"enemies":"Large Slime","floor":7.0,"turns":5.0},{"damage":15.0,"enemies":"Lagavulin","floor":8.0,"turns":5.0},{"damage":5.0,"enemies":"The Mushroom Lair","floor":11.0,"turns":4.0},{"damage":10.0,"enemies":"3 Sentries","floor":12.0,"turns":6.0},{"damage":14.0,"enemies":"3 Louse","floor":14.0,"turns":2.0},{"damage":17.0,"enemies":"Hexaghost","floor":16.0,"turns":9.0},{"damage":0.0,"enemies":"3 Byrds","floor":18.0,"turns":3.0},{"damage":0.0,"enemies":"Chosen","floor":20.0,"turns":4.0},{"damage":10.0,"enemies":"3 Cultists","floor":22.0,"turns":6.0},{"damage":23.0,"enemies":"Gremlin Leader","floor":24.0,"turns":8.0},{"damage":30.0,"enemies":"Slavers","floor":28.0,"turns":6.0},{"damage":5.0,"enemies":"Snecko","floor":30.0,"turns":7.0},{"damage":20.0,"enemies":"Gremlin Leader","floor":31.0,"turns":6.0},{"damage":12.0,"enemies":"Champ","floor":33.0,"turns":18.0},{"damage":0.0,"enemies":"3 Shapes","floor":35.0,"turns":6.0},{"damage":0.0,"enemies":"Orb Walker","floor":36.0,"turns":3.0},{"damage":15.0,"enemies":"Reptomancer","floor":41.0,"turns":10.0},{"damage":5.0,"enemies":"Giant Head","floor":47.0,"turns":12.0},{"damage":0.0,"enemies":"Sphere and 2 Shapes","floor":48.0,"turns":9.0},{"damage":22.0,"enemies":"Awakened One","floor":50.0,"turns":27.0},{"damage":23.0,"enemies":"Donu and Deca","floor":51.0,"turns":22.0},{"damage":60.0,"enemies":"Shield and Spear","floor":55.0,"turns":20.0},{"damage":45,"enemies":"The Heart","floor":56,"turns":6}],"seed_played":"9072139931394828081","potions_obtained":[{"floor":5.0,"key":"Swift Potion"},{"floor":6.0,"key":"Weak Potion"},{"floor":7.0,"key":"Strength Potion"},{"floor":11.0,"key":"Swift Potion"},{"floor":14.0,"key":"SkillPotion"},{"floor":16.0,"key":"Dexterity Potion"},{"floor":24.0,"key":"Regen Potion"},{"floor":31.0,"key":"Energy Potion"},{"floor":33.0,"key":"SteroidPotion"},{"floor":47.0,"key":"Strength Potion"}],"is_trial":false,"path_per_floor":["M","M","M","M","M","E","M","E","T","?","?","E","R","M","R","B",null,"M","?","M","$","M","R","E","R","T","R","E","?","M","E","R","B",null,"M","M","?","$","?","R","E","R","T","R","$","?","E","M","R","B","B",null,"R","$","E","B"],"character_chosen":"THE_SILENT","items_purchased":["Footwork","PiercingWail","Pantograph","Footwork","Sucker Punch","SteroidPotion"],"campfire_rested":8,"item_purchase_floors":[21,21,38,45,54,54],"current_hp_per_floor":[59,59,59,56,56,31,31,16,16,16,11,1,20,8,27,12,53,55,55,57,57,49,49,28,47,47,47,34,34,31,13,32,22,55,57,59,49,49,37,56,43,43,43,62,62,56,53,55,66,44,43,60,66,66,6,0],"gold":51,"neow_bonus":"ONE_RANDOM_RARE_CARD","is_prod":false,"is_daily":false,"chose_seed":false,"campfire_upgraded":2,"win_rate":0,"timestamp":1553016873,"path_taken":["M","M","M","?","M","E","M","E","T","?","?","E","R","M","R","BOSS","M","?","M","$","M","R","E","R","T","R","E","?","M","E","R","BOSS","M","M","?","$","?","R","E","R","T","R","$","?","E","M","R","BOSS","BOSS","R","$","E","BOSS"],"build_version":"2019-01-23","purchased_purges":1,"victory":false,"max_hp_per_floor":[66,66,66,66,66,66,66,66,66,66,66,66,66,66,66,66,66,66,66,66,66,66,66,66,66,66,66,66,66,66,66,66,66,66,66,66,66,66,66,66,66,66,66,66,66,66,66,66,66,66,66,66,66,66,66,66],"card_choices":[{"not_picked":["Blade Dance","Bane"],"picked":"Deadly Poison","floor":1.0},{"not_picked":["Prepared","Slice"],"picked":"Well Laid Plans","floor":2.0},{"not_picked":["Blur","Heel Hook"],"picked":"Finisher","floor":3.0},{"not_picked":["Bane","Backflip"],"picked":"Dash","floor":4.0},{"not_picked":["Distraction","Blade Dance"],"picked":"Caltrops","floor":5.0},{"not_picked":["Acrobatics","Poisoned Stab"],"picked":"Backflip","floor":6.0},{"not_picked":["Dagger Throw","Escape Plan"],"picked":"Catalyst","floor":7.0},{"not_picked":["Setup","Outmaneuver"],"picked":"Doppelganger","floor":8.0},{"not_picked":["All Out Attack","Distraction"],"picked":"Endless Agony","floor":11.0},{"not_picked":["Calculated Gamble","Sucker Punch","Slice"],"picked":"SKIP","floor":12.0},{"not_picked":["Expertise","Skewer","Sucker Punch"],"picked":"SKIP","floor":14.0},{"not_picked":["Unload","Night Terror"],"picked":"Adrenaline","floor":16.0},{"not_picked":["Poisoned Stab","Bane"],"picked":"Deadly Poison","floor":18.0},{"not_picked":["Dodge and Roll","Blur"],"picked":"Slice","floor":20.0},{"not_picked":["Blur","Dodge and Roll"],"picked":"Deflect","floor":22.0},{"not_picked":["Heel Hook+1","Acrobatics","Flying Knee"],"picked":"SKIP","floor":24.0},{"not_picked":["Tools of the Trade","Cloak And Dagger"],"picked":"Leg Sweep","floor":28.0},{"not_picked":["Dagger Spray","Backflip"],"picked":"Cloak And Dagger+1","floor":30.0},{"not_picked":["Flying Knee","Dagger Spray"],"picked":"Footwork","floor":31.0},{"not_picked":["Phantasmal Killer","Tools of the Trade"],"picked":"After Image","floor":33.0},{"not_picked":["Sucker Punch+1","Backflip"],"picked":"Deflect+1","floor":35.0},{"not_picked":["Heel Hook+1","Predator"],"picked":"Footwork+1","floor":36.0},{"not_picked":["Madness","PanicButton"],"picked":"Blind","floor":37.0},{"not_picked":["Sadistic Nature","Violence"],"picked":"Good Instincts","floor":37.0},{"not_picked":["Enlightenment","Impatience"],"picked":"Good Instincts","floor":37.0},{"not_picked":["Bullet Time","Cloak And Dagger","Dagger Throw"],"picked":"SKIP","floor":41.0},{"not_picked":["Distraction","Bane"],"picked":"Dodge and Roll","floor":47.0},{"not_picked":["Deflect","Dagger Spray","Flying Knee+1"],"picked":"SKIP","floor":48.0},{"not_picked":["Glass Knife","Sucker Punch"],"picked":"Bouncing Flask","floor":55.0}],"player_experience":841514,"relics_obtained":[{"floor":6.0,"key":"Centennial Puzzle"},{"floor":8.0,"key":"Bronze Scales"},{"floor":9.0,"key":"Smiling Mask"},{"floor":11.0,"key":"Odd Mushroom"},{"floor":12.0,"key":"Blood Vial"},{"floor":24.0,"key":"Art of War"},{"floor":26.0,"key":"Bag of Marbles"},{"floor":28.0,"key":"Ancient Tea Set"},{"floor":31.0,"key":"War Paint"},{"floor":41.0,"key":"Ornamental Fan"},{"floor":47.0,"key":"Frozen Egg 2"},{"floor":55.0,"key":"Bottled Lightning"}],"event_choices":[{"damage_healed":0.0,"max_hp_gain":0.0,"max_hp_loss":0.0,"gold_gain":0.0,"event_name":"Dead Adventurer","player_choice":"Searched \u00272\u0027 times","floor":10.0,"gold_loss":0.0,"damage_taken":0.0,"relics_obtained":["Orichalcum"]},{"damage_healed":0.0,"max_hp_gain":0.0,"max_hp_loss":0.0,"gold_gain":0.0,"event_name":"Mushrooms","player_choice":"Fought Mushrooms","floor":11.0,"gold_loss":0.0,"damage_taken":0.0},{"damage_healed":0.0,"max_hp_gain":0.0,"max_hp_loss":0.0,"gold_gain":0.0,"event_name":"Addict","player_choice":"Obtained Relic","floor":19.0,"gold_loss":85.0,"damage_taken":0.0,"relics_obtained":["Shuriken"]},{"cards_removed":["Strike_G"],"damage_healed":0.0,"max_hp_gain":0.0,"max_hp_loss":0.0,"gold_gain":0.0,"event_name":"Beggar","player_choice":"Gave Gold","floor":29.0,"gold_loss":75.0,"damage_taken":0.0},{"damage_healed":0.0,"max_hp_gain":0.0,"max_hp_loss":0.0,"gold_gain":0.0,"event_name":"SensoryStone","player_choice":"Memory 3","floor":37.0,"gold_loss":0.0,"damage_taken":10.0},{"damage_healed":0.0,"max_hp_gain":0.0,"max_hp_loss":0.0,"gold_gain":0.0,"event_name":"Winding Halls","player_choice":"Embrace Madness","floor":39.0,"gold_loss":0.0,"damage_taken":12.0,"cards_obtained":["Madness","Madness"]},{"damage_healed":0.0,"max_hp_gain":0.0,"max_hp_loss":0.0,"gold_gain":50.0,"event_name":"FaceTrader","player_choice":"Touch","floor":46.0,"gold_loss":0.0,"damage_taken":6.0}],"is_beta":false,"boss_relics":[{"not_picked":["Empty Cage","Calling Bell"],"picked":"Runic Pyramid"},{"not_picked":["Astrolabe","Lizard Tail"],"picked":"Fusion Hammer"}],"items_purged_floors":[21],"is_endless":false,"potions_floor_spawned":[5,6,7,11,14,16,18,24,31,33,35,47],"killed_by":"The Heart","ascension_level":20}