{"gold_per_floor":[19,19,40,59,77,111,111,111,158,158,201,220,7,31,31,125,125,138,159,5,5,5,45,45,83,107,107,107,107,157,173,173,264,264,283,307,325,325,115,115,131,131],"floor_reached":42,"playtime":2499,"items_purged":["Strike_R","Strike_R"],"score":992,"play_id":"b38d8a8a-a69a-452a-bff6-201073530372","local_time":"20190314082638","is_ascension_mode":true,"campfire_choices":[{"data":"Bash","floor":7.0,"key":"SMITH"},{"floor":10.0,"key":"REST"},{"data":"Disarm","floor":15.0,"key":"SMITH"},{"data":"Feed","floor":24.0,"key":"SMITH"},{"data":"Inflame","floor":27.0,"key":"SMITH"},{"data":"Inflame","floor":29.0,"key":"SMITH"},{"data":"Spot Weakness","floor":32.0,"key":"SMITH"},{"data":"Heavy Blade","floor":40.0,"key":"SMITH"}],"neow_cost":"NO_GOLD","seed_source_timestamp":52852159150033,"circlet_count":0,"master_deck":["AscendersBane","Strike_R","Strike_R","Strike_R","Defend_R","Defend_R","Defend_R","Defend_R","Bash+1","Headbutt","Disarm+1","Carnage","Spot Weakness+1","Battle Trance","Inflame+1","Inflame+1","Impervious","Feed+1","Anger","Cleave","Armaments+1","Ghostly","Ghostly","Ghostly","Disarm+1","Cleave","Feed","Shrug It Off","Whirlwind+1","Heavy Blade+1"],"special_seed":0,"relics":["Burning Blood","Unceasing Top","Golden Idol","Darkstone Periapt","Bronze Scales","Blood Vial","Pen Nib","Coffee Dripper","The Courier","Juzu Bracelet","Orichalcum","Velvet Choker"],"potions_floor_usage":[42],"damage_taken":[{"damage":7.0,"enemies":"Small Slimes","floor":1.0,"turns":4.0},{"damage":8.0,"enemies":"2 Louse","floor":3.0,"turns":2.0},{"damage":8.0,"enemies":"Cultist","floor":4.0,"turns":4.0},{"damage":16.0,"enemies":"Looter","floor":5.0,"turns":4.0},{"damage":22.0,"enemies":"Gremlin Nob","floor":6.0,"turns":4.0},{"damage":41.0,"enemies":"3 Sentries","floor":11.0,"turns":8.0},{"damage":11.0,"enemies":"3 Louse","floor":12.0,"turns":3.0},{"damage":0.0,"enemies":"Exordium Thugs","floor":14.0,"turns":5.0},{"damage":18.0,"enemies":"The Guardian","floor":16.0,"turns":11.0},{"damage":21.0,"enemies":"Shell Parasite","floor":18.0,"turns":6.0},{"damage":6.0,"enemies":"Spheric Guardian","floor":19.0,"turns":5.0},{"damage":17.0,"enemies":"Slavers","floor":23.0,"turns":5.0},{"damage":19.0,"enemies":"Book of Stabbing","floor":25.0,"turns":6.0},{"damage":6.0,"enemies":"Cultist and Chosen","floor":31.0,"turns":9.0},{"damage":0.0,"enemies":"Collector","floor":33.0,"turns":9.0},{"damage":16.0,"enemies":"3 Shapes","floor":35.0,"turns":6.0},{"damage":13.0,"enemies":"Orb Walker","floor":36.0,"turns":5.0},{"damage":18.0,"enemies":"Jaw Worm Horde","floor":37.0,"turns":5.0},{"damage":21.0,"enemies":"Spire Growth","floor":41.0,"turns":5.0},{"damage":64,"enemies":"Giant Head","floor":42,"turns":6}],"seed_played":"-3557069079999047277","potions_obtained":[{"floor":3.0,"key":"Weak Potion"},{"floor":4.0,"key":"Explosive Potion"},{"floor":6.0,"key":"SkillPotion"},{"floor":12.0,"key":"SkillPotion"},{"floor":14.0,"key":"BloodPotion"},{"floor":16.0,"key":"Block Potion"},{"floor":19.0,"key":"LiquidBronze"},{"floor":25.0,"key":"PowerPotion"},{"floor":33.0,"key":"SpeedPotion"},{"floor":35.0,"key":"Weak Potion"}],"is_trial":false,"path_per_floor":["M","?","M","M","M","E","R","?","T","R","E","M","$","M","R","B",null,"M","M","$","?","?","E","R","E","T","R","?","R","?","M","R","B",null,"M","M","M","?","$","R","M","E"],"character_chosen":"IRONCLAD","items_purchased":["Pen Nib","SkillPotion","SteroidPotion","Armaments","Heavy Blade","SmokeBomb"],"campfire_rested":1,"item_purchase_floors":[13,13,20,20,39,39],"current_hp_per_floor":[67,67,65,63,53,37,37,37,37,57,22,19,19,27,27,17,55,45,50,50,37,37,30,30,23,23,23,23,23,23,29,29,37,46,46,45,39,39,39,39,30,0],"gold":131,"neow_bonus":"ONE_RARE_RELIC","is_prod":false,"is_daily":false,"chose_seed":false,"campfire_upgraded":7,"win_rate":0,"timestamp":1552569998,"path_taken":["M","?","M","M","M","E","R","?","T","R","E","M","$","M","R","BOSS","M","M","$","?","?","E","R","E","T","R","?","R","?","M","R","BOSS","M","M","M","?","$","R","M","E"],"build_version":"2019-01-23","purchased_purges":2,"victory":false,"max_hp_per_floor":[75,68,68,68,68,68,68,68,68,68,68,68,68,68,68,68,68,71,74,74,37,37,41,41,45,45,45,45,45,45,49,49,49,49,57,61,65,65,65,65,69,69],"card_choices":[{"not_picked":["Clothesline","Shockwave"],"picked":"Headbutt","floor":1.0},{"not_picked":["Power Through","Sever Soul"],"picked":"Disarm","floor":3.0},{"not_picked":["Second Wind","Clash"],"picked":"Carnage","floor":4.0},{"not_picked":["Infernal Blade","Havoc"],"picked":"Spot Weakness","floor":5.0},{"not_picked":["Thunderclap","Burning Pact"],"picked":"Battle Trance","floor":6.0},{"not_picked":["Pommel Strike","Burning Pact"],"picked":"Inflame","floor":11.0},{"not_picked":["Cleave","Flex"],"picked":"Inflame","floor":12.0},{"not_picked":["Clash","Battle Trance"],"picked":"Impervious","floor":14.0},{"not_picked":["Limit Break","Dark Embrace"],"picked":"Feed","floor":16.0},{"not_picked":["Inflame","Perfected Strike"],"picked":"Anger","floor":18.0},{"not_picked":["Rupture","Flex"],"picked":"Cleave","floor":19.0},{"not_picked":["Clothesline","Flex"],"picked":"Disarm+1","floor":23.0},{"not_picked":["Perfected Strike","Headbutt"],"picked":"Cleave","floor":25.0},{"not_picked":["Carnage","Hemokinesis","Evolve+1"],"picked":"SKIP","floor":31.0},{"not_picked":["Bludgeon","Brutality"],"picked":"Feed","floor":33.0},{"not_picked":["Burning Pact","Armaments"],"picked":"Shrug It Off","floor":35.0},{"not_picked":["Burning Pact","Body Slam"],"picked":"Whirlwind+1","floor":36.0},{"not_picked":["Seeing Red","Sentinel","Sever Soul"],"picked":"SKIP","floor":37.0},{"not_picked":["Wild Strike+1","Carnage","Dropkick"],"picked":"SKIP","floor":41.0}],"player_experience":779459,"relics_obtained":[{"floor":6.0,"key":"Darkstone Periapt"},{"floor":9.0,"key":"Bronze Scales"},{"floor":11.0,"key":"Blood Vial"},{"floor":23.0,"key":"The Courier"},{"floor":25.0,"key":"Juzu Bracelet"},{"floor":26.0,"key":"Orichalcum"}],"event_choices":[{"damage_healed":0.0,"max_hp_gain":0.0,"max_hp_loss":7.0,"gold_gain":0.0,"event_name":"Golden Idol","player_choice":"Lose Max HP","floor":2.0,"gold_loss":0.0,"damage_taken":0.0,"relics_obtained":["Golden Idol"]},{"damage_healed":0.0,"max_hp_gain":0.0,"max_hp_loss":0.0,"gold_gain":0.0,"event_name":"Liars Game","player_choice":"Ignored","floor":8.0,"gold_loss":0.0,"damage_taken":0.0},{"damage_healed":0.0,"max_hp_gain":0.0,"max_hp_loss":37.0,"gold_gain":0.0,"event_name":"Ghosts","player_choice":"Became a Ghost","floor":21.0,"gold_loss":0.0,"damage_taken":0.0,"cards_obtained":["Ghostly","Ghostly","Ghostly"]},{"damage_healed":0.0,"max_hp_gain":0.0,"max_hp_loss":0.0,"gold_gain":0.0,"event_name":"Upgrade Shrine","player_choice":"Upgraded","floor":22.0,"gold_loss":0.0,"damage_taken":0.0,"cards_upgraded":["Armaments"]},{"damage_healed":0.0,"max_hp_gain":0.0,"max_hp_loss":0.0,"gold_gain":0.0,"event_name":"Cursed Tome","player_choice":"Ignored","floor":28.0,"gold_loss":0.0,"damage_taken":0.0},{"damage_healed":0.0,"max_hp_gain":0.0,"max_hp_loss":0.0,"gold_gain":50.0,"event_name":"Nest","player_choice":"Stole From Cult","floor":30.0,"gold_loss":0.0,"damage_taken":0.0},{"damage_healed":0.0,"max_hp_gain":0.0,"max_hp_loss":0.0,"gold_gain":0.0,"event_name":"FaceTrader","player_choice":"Leave","floor":38.0,"gold_loss":0.0,"damage_taken":0.0}],"is_beta":false,"boss_relics":[{"not_picked":["Tiny House","Runic Cube"],"picked":"Coffee Dripper"},{"not_picked":["Calling Bell","Snecko Eye"],"picked":"Velvet Choker"}],"items_purged_floors":[20,39],"is_endless":false,"potions_floor_spawned":[3,4,6,12,14,16,19,25,33,35],"killed_by":"Giant Head","ascension_level":20}