{"gold_per_floor":[114,114,114,114,39,39,39,51,51,62,12,12,27,45,45,141,141,160,60,76,76,76,76,93,93,119,119,133,148,98,117,117,117],"floor_reached":33,"playtime":2008,"items_purged":["Strike_B","Defend_B"],"score":237,"play_id":"fed55c7a-818f-4152-85c6-c22413be2fe7","local_time":"20180722015100","is_ascension_mode":false,"campfire_choices":[{"data":"Defend_B","floor":6,"key":"SMITH"},{"data":"Zap","floor":12,"key":"SMITH"},{"data":"Defend_B","floor":15,"key":"SMITH"},{"floor":23,"key":"REST"},{"floor":25,"key":"REST"},{"floor":27,"key":"REST"},{"floor":32,"key":"REST"}],"neow_cost":"NONE","seed_source_timestamp":1914100819645304,"circlet_count":0,"master_deck":["Strike_B+1","Defend_B+1","Defend_B+1","Defend_B+1","Zap+1","Dualcast+1"],"relics":["Cracked Core","Letter Opener","Runic Pyramid"],"potions_floor_usage":[16,16,16,33,33,33],"damage_taken":[{"damage":0,"enemies":"2 Louse","floor":1,"turns":2},{"damage":0,"enemies":"Small Slimes","floor":8,"turns":2},{"damage":0,"enemies":"Cultist","floor":10,"turns":2},{"damage":0,"enemies":"Exordium Wildlife","floor":13,"turns":3},{"damage":0,"enemies":"2 Fungi Beasts","floor":14,"turns":2},{"damage":33,"enemies":"Hexaghost","floor":16,"turns":8},{"damage":0,"enemies":"Chosen","floor":18,"turns":5},{"damage":0,"enemies":"3 Byrds","floor":20,"turns":3},{"damage":0,"enemies":"Centurion and Healer","floor":24,"turns":7},{"damage":11,"enemies":"3 Cultists","floor":28,"turns":5},{"damage":8,"enemies":"Sentry and Sphere","floor":29,"turns":4},{"damage":0,"enemies":"Chosen and Byrds","floor":31,"turns":4},{"damage":90,"enemies":"Automaton","floor":33,"turns":12}],"seed_played":"7583530871462018730","potions_obtained":[{"floor":1,"key":"AttackPotion"},{"floor":10,"key":"FearPotion"},{"floor":16,"key":"Poison Potion"},{"floor":24,"key":"Weak Potion"},{"floor":28,"key":"Poison Potion"},{"floor":31,"key":"SkillPotion"}],"is_trial":false,"path_per_floor":["M","?","?","?","$","R","?","M","T","M","$","R","M","M","R","B",null,"M","$","M","$","?","R","M","R","T","R","M","M","?","M","R"],"character_chosen":"DEFECT","items_purchased":["AttackPotion"],"campfire_rested":4,"item_purchase_floors":[11],"current_hp_per_floor":[75,60,60,60,60,60,60,60,60,60,60,60,60,60,60,27,75,75,75,75,75,61,80,80,80,80,80,69,61,61,61,80,0],"gold":117,"neow_bonus":"REMOVE_CARD","is_prod":false,"is_daily":false,"chose_seed":false,"campfire_upgraded":3,"win_rate":0,"timestamp":1532220660,"path_taken":["M","?","?","?","$","R","?","M","T","M","?","R","M","M","R","BOSS","M","$","M","$","?","R","M","R","T","R","?","M","?","M","R","BOSS"],"build_version":"2018-07-19v2","purchased_purges":2,"victory":false,"max_hp_per_floor":[75,75,75,75,75,75,75,75,75,75,75,75,75,75,75,75,75,75,75,75,75,80,80,80,80,80,80,80,80,80,80,80,80],"card_choices":[{"not_picked":["Hello World","Turbo","Coolheaded"],"picked":"SKIP","floor":1},{"not_picked":["Steam","Undo","Go for the Eyes"],"picked":"SKIP","floor":8},{"not_picked":["Auto Shields","Gash","Self Repair"],"picked":"SKIP","floor":10},{"not_picked":["Cold Snap","FTL","Leap"],"picked":"SKIP","floor":13},{"not_picked":["Tempest","Chaos","Ball Lightning"],"picked":"SKIP","floor":14},{"not_picked":["Static Discharge","Barrage","Streamline"],"picked":"SKIP","floor":18},{"not_picked":["Genetic Algorithm","Ball Lightning","BootSequence"],"picked":"SKIP","floor":20},{"not_picked":["Barrage","Coolheaded","All For One"],"picked":"SKIP","floor":24},{"not_picked":["Gash","Go for the Eyes","Conserve Battery+1"],"picked":"SKIP","floor":28},{"not_picked":["Undo","White Noise","Stack"],"picked":"SKIP","floor":29},{"not_picked":["Beam Cell+1","Storm","Coolheaded"],"picked":"SKIP","floor":31}],"player_experience":155417,"relics_obtained":[{"floor":9,"key":"Letter Opener"}],"event_choices":[{"event_name":"Shining Light","player_choice":"Entered Light","floor":2,"damage_taken":0},{"event_name":"Wheel of Change","player_choice":"Card Removal","floor":3,"damage_taken":0},{"event_name":"Liars Game","player_choice":"disagreed","floor":4,"damage_taken":0},{"event_name":"Upgrade Shrine","player_choice":"Upgraded","floor":7,"damage_taken":0},{"event_name":"Forgotten Altar","player_choice":"Shed Blood","floor":22,"damage_taken":0},{"event_name":"The Joust","player_choice":"Bet on Murderer","floor":30,"damage_taken":0}],"is_beta":false,"boss_relics":[{"not_picked":["Snecko Eye","Lizard Tail"],"picked":"Runic Pyramid"}],"items_purged_floors":[5,19],"is_endless":false,"potions_floor_spawned":[1,10,16,24,28,29,31],"killed_by":"Automaton","ascension_level":0}