{"gold_per_floor":[117,133,133,208,228,228,228,245,245,73,91,91,108,124,124,124],"floor_reached":16,"playtime":750,"items_purged":["Strike_B"],"score":94,"play_id":"b5495bc6-aae0-4e48-94ca-ceefb728d3ce","local_time":"20181020190243","is_ascension_mode":false,"campfire_choices":[{"data":"Dualcast","floor":7,"key":"SMITH"},{"data":"Zap","floor":12,"key":"SMITH"},{"data":"Defend_B","floor":15,"key":"SMITH"}],"neow_cost":"NONE","seed_source_timestamp":2163113111578423,"circlet_count":0,"master_deck":["Strike_B","Strike_B","Defend_B","Defend_B","Defend_B","Defend_B+1","Zap+1","Dualcast+1"],"relics":["Cracked Core","Bag of Preparation","Dream Catcher"],"potions_floor_usage":[13,16,16],"damage_taken":[{"damage":6,"enemies":"Jaw Worm","floor":1,"turns":3},{"damage":0,"enemies":"Small Slimes","floor":2,"turns":2},{"damage":1,"enemies":"Cultist","floor":5,"turns":3},{"damage":2,"enemies":"Blue Slaver","floor":8,"turns":5},{"damage":3,"enemies":"Red Slaver","floor":11,"turns":5},{"damage":0,"enemies":"Exordium Thugs","floor":13,"turns":4},{"damage":4,"enemies":"Gremlin Gang","floor":14,"turns":5},{"damage":49,"enemies":"Hexaghost","floor":16,"turns":11}],"seed_played":"3452641828644918514","potions_obtained":[{"floor":5,"key":"Swift Potion"},{"floor":14,"key":"Block Potion"}],"is_trial":false,"path_per_floor":["M","M","?","?","M","T","R","M","T","$","M","R","M","M","R"],"character_chosen":"DEFECT","items_purchased":["Fire Potion","Energy Potion"],"campfire_rested":0,"item_purchase_floors":[10,10],"current_hp_per_floor":[69,69,69,58,57,57,57,55,55,55,52,52,52,48,48,0],"gold":124,"neow_bonus":"REMOVE_CARD","is_prod":false,"is_daily":false,"chose_seed":false,"campfire_upgraded":3,"win_rate":0,"timestamp":1540058563,"path_taken":["M","M","?","?","?","?","R","M","T","$","M","R","?","M","R","BOSS"],"build_version":"2018-10-18","purchased_purges":1,"victory":false,"max_hp_per_floor":[75,75,75,75,75,75,75,75,75,75,75,75,75,75,75,75],"card_choices":[{"not_picked":["Rebound","Undo","Barrage"],"picked":"SKIP","floor":1},{"not_picked":["Steam","Cold Snap","Recycle"],"picked":"SKIP","floor":2},{"not_picked":["Turbo","Leap","Steam"],"picked":"SKIP","floor":5},{"not_picked":["Storm","Glacier","Beam Cell"],"picked":"SKIP","floor":8},{"not_picked":["Go for the Eyes","Gash","Streamline"],"picked":"SKIP","floor":11},{"not_picked":["Rip and Tear","Steam Power","Gash"],"picked":"SKIP","floor":13},{"not_picked":["All For One","Hello World","Coolheaded"],"picked":"SKIP","floor":14}],"player_experience":616033,"relics_obtained":[{"floor":6,"key":"Bag of Preparation"},{"floor":9,"key":"Dream Catcher"}],"event_choices":[{"damage_healed":0,"gold_gain":0,"player_choice":"Ignored","damage_taken":0,"max_hp_gain":0,"max_hp_loss":0,"event_name":"Golden Idol","floor":3,"gold_loss":0},{"damage_healed":0,"gold_gain":75,"player_choice":"Gather Gold","damage_taken":11,"max_hp_gain":0,"max_hp_loss":0,"event_name":"World of Goop","floor":4,"gold_loss":0}],"is_beta":false,"boss_relics":[],"items_purged_floors":[10],"is_endless":false,"potions_floor_spawned":[5,14],"killed_by":"Hexaghost","ascension_level":0}