{"gold_per_floor":[116,0,16,16,34,34,54,80,105,127,139,185,197,229,241,328,340,368,380],"floor_reached":19,"playtime":1447,"items_purged":["Strike_B"],"score":358,"play_id":"03774329-5637-4a4b-bcd5-b049cebf0c81","local_time":"20190222115930","is_ascension_mode":true,"campfire_choices":[{"data":"Zap","floor":6.0,"key":"SMITH"},{"floor":13.0,"key":"REST"},{"data":"Loop","floor":15.0,"key":"SMITH"}],"neow_cost":"TEN_PERCENT_HP_LOSS","seed_source_timestamp":313258996815011,"circlet_count":0,"master_deck":["AscendersBane","Zap+1","Dualcast","Biased Cognition","Auto Shields","Lockon","Loop","Lockon","Loop+1","Genetic Algorithm","Leap","Heatsinks","Conserve Battery","Echo Form","Stack","Coolheaded","Defragment","Biased Cognition","Aggregate","Static Discharge","Darkness","Cold Snap"],"special_seed":0,"relics":["Cracked Core","Regal Pillow","MawBank","Oddly Smooth Stone","Pandora\u0027s Box"],"potions_floor_usage":[19],"damage_taken":[{"damage":7.0,"enemies":"Jaw Worm","floor":1.0,"turns":3.0},{"damage":0.0,"enemies":"Cultist","floor":3.0,"turns":4.0},{"damage":7.0,"enemies":"2 Louse","floor":5.0,"turns":2.0},{"damage":7.0,"enemies":"Red Slaver","floor":7.0,"turns":4.0},{"damage":24.0,"enemies":"Lagavulin","floor":8.0,"turns":6.0},{"damage":5.0,"enemies":"Blue Slaver","floor":10.0,"turns":4.0},{"damage":10.0,"enemies":"3 Sentries","floor":12.0,"turns":8.0},{"damage":5.0,"enemies":"Looter","floor":14.0,"turns":4.0},{"damage":23.0,"enemies":"The Guardian","floor":16.0,"turns":7.0},{"damage":16,"enemies":"3 Byrds","floor":18,"turns":6},{"damage":45,"enemies":"Masked Bandits","floor":19,"turns":3}],"seed_played":"-8023724852255264484","potions_obtained":[{"floor":5.0,"key":"Ancient Potion"},{"floor":7.0,"key":"Swift Potion"},{"floor":10.0,"key":"SkillPotion"},{"floor":12.0,"key":"Weak Potion"},{"floor":16.0,"key":"Fire Potion"}],"is_trial":false,"path_per_floor":["M","$","M","?","M","R","M","E","T","M","$","E","R","M","R","B",null,"M","?"],"character_chosen":"DEFECT","items_purchased":["Lockon"],"campfire_rested":1,"item_purchase_floors":[2],"current_hp_per_floor":[57,57,57,57,50,50,43,19,19,14,14,4,38,33,33,10,51,35,0],"gold":380,"neow_bonus":"THREE_RARE_CARDS","is_prod":false,"is_daily":false,"chose_seed":false,"campfire_upgraded":2,"win_rate":0,"timestamp":1550858370,"path_taken":["M","$","M","?","M","R","M","E","T","M","$","E","R","M","R","BOSS","M","?"],"build_version":"2019-01-23","purchased_purges":1,"victory":false,"max_hp_per_floor":[64,64,64,64,64,64,64,64,64,64,64,64,64,64,64,64,64,64,64],"card_choices":[{"not_picked":["All For One","Multi-Cast"],"picked":"Biased Cognition","floor":0.0},{"not_picked":["Sweeping Beam","Redo"],"picked":"Auto Shields","floor":1.0},{"not_picked":["Hello World","Recycle"],"picked":"Loop","floor":3.0},{"not_picked":["Hologram","Rebound"],"picked":"Lockon","floor":5.0},{"not_picked":["BootSequence","Chill"],"picked":"Loop","floor":7.0},{"not_picked":["Rebound","Gash"],"picked":"Genetic Algorithm","floor":8.0},{"not_picked":["Gash","Rebound"],"picked":"Leap","floor":10.0},{"not_picked":["Amplify","Creative AI"],"picked":"Heatsinks","floor":12.0},{"not_picked":["Go for the Eyes","Consume"],"picked":"Conserve Battery","floor":14.0},{"not_picked":["Biased Cognition","Multi-Cast"],"picked":"Echo Form","floor":16.0},{"not_picked":["Streamline","Sweeping Beam"],"picked":"Cold Snap","floor":18}],"player_experience":635135,"relics_obtained":[{"floor":8.0,"key":"Regal Pillow"},{"floor":9.0,"key":"MawBank"},{"floor":12.0,"key":"Oddly Smooth Stone"}],"event_choices":[{"damage_healed":0.0,"max_hp_gain":0.0,"max_hp_loss":0.0,"gold_gain":0.0,"event_name":"FaceTrader","player_choice":"Leave","floor":4.0,"gold_loss":0.0,"damage_taken":0.0},{"damage_healed":0,"gold_gain":0,"player_choice":"Fought Bandits","damage_taken":0,"max_hp_gain":0,"max_hp_loss":0,"event_name":"Masked Bandits","floor":19,"gold_loss":0}],"is_beta":false,"boss_relics":[{"not_picked":["Runic Pyramid","Snecko Eye"],"picked":"Pandora\u0027s Box"}],"items_purged_floors":[2],"is_endless":false,"potions_floor_spawned":[5,7,10,12,16],"killed_by":"Masked Bandits","ascension_level":20}