{"gold_per_floor":[137,137,175,140,140,140,215,253,253,0,38,38,38,63,63,313,313,306,344,344,122,122],"floor_reached":22,"playtime":1540,"items_purged":[],"score":182,"play_id":"3dce7d52-f350-4c15-b9b7-ec4cd5e8f552","local_time":"20181029212657","daily_mods":["Heirloom","Diverse","MonsterHunter"],"is_ascension_mode":false,"campfire_choices":[{"data":"Neutralize","floor":6,"key":"SMITH"},{"data":"Conserve Battery","floor":13,"key":"SMITH"},{"data":"Dagger Spray","floor":15,"key":"SMITH"}],"neow_cost":"","seed_source_timestamp":0,"circlet_count":0,"master_deck":["Defend_G","Defend_G","Defend_G","Defend_G","Defend_G","Strike_G","Strike_G","Strike_G","Strike_G","Strike_G","Survivor","Neutralize+1","Clash","Rebound","Warcry","Underhanded Strike","Darkness","Dagger Spray+1","Conserve Battery+1","Multi-Cast","Tactician","Rebound","Self Repair"],"special_seed":17833,"relics":["Ring of the Snake","Peace Pipe","Kunai","Centennial Puzzle","Anchor","Dodecahedron","Juzu Bracelet","Blood Vial","HoveringKite","Happy Flower"],"potions_floor_usage":[16,16,22],"damage_taken":[{"damage":16,"enemies":"Cultist","floor":1,"turns":6},{"damage":0,"enemies":"Small Slimes","floor":3,"turns":5},{"damage":38,"enemies":"Gremlin Nob","floor":7,"turns":6},{"damage":0,"enemies":"2 Louse","floor":8,"turns":3},{"damage":0,"enemies":"Lots of Slimes","floor":11,"turns":5},{"damage":51,"enemies":"Slime Boss","floor":16,"turns":18},{"damage":7,"enemies":"2 Thieves","floor":18,"turns":5},{"damage":14,"enemies":"Chosen","floor":19,"turns":5},{"damage":50,"enemies":"Colosseum Slavers","floor":20,"turns":7},{"damage":31,"enemies":"Shelled Parasite and Fungi","floor":22,"turns":4}],"seed_played":"-1143866258771799124","potions_obtained":[{"floor":7,"key":"Dexterity Potion"},{"floor":8,"key":"Energy Potion"},{"floor":16,"key":"GhostInAJar"}],"is_trial":false,"path_per_floor":["M","T","M","?","?","R","E","M","T","$","M","?","R","T","R","B",null,"M","M","?","$"],"character_chosen":"THE_SILENT","items_purchased":["Darkness","Dagger Spray","Juzu Bracelet","Self Repair","Happy Flower"],"campfire_rested":0,"item_purchase_floors":[10,10,10,21,21],"current_hp_per_floor":[54,54,54,70,67,67,29,29,29,29,29,52,52,52,52,3,70,63,51,3,3,0],"gold":122,"neow_bonus":"","is_prod":false,"is_daily":true,"chose_seed":false,"campfire_upgraded":3,"win_rate":0,"timestamp":1540848417,"path_taken":["M","?","M","?","?","R","E","M","T","$","M","?","R","?","R","BOSS","M","M","?","$","M"],"build_version":"2018-10-25v2","purchased_purges":0,"victory":false,"max_hp_per_floor":[70,70,70,70,70,70,70,70,70,70,70,70,70,70,70,70,70,70,70,70,70,70],"card_choices":[{"not_picked":["Compile Driver","Noxious Fumes"],"picked":"Clash","floor":1},{"not_picked":["Sentinel","Dodge and Roll"],"picked":"Rebound","floor":3},{"not_picked":["Bloodletting","Defragment"],"picked":"Warcry","floor":7},{"not_picked":["Cloak And Dagger","Capacitor"],"picked":"Underhanded Strike","floor":8},{"not_picked":["Catalyst","Outmaneuver"],"picked":"Conserve Battery","floor":11},{"not_picked":["Corpse Explosion","Impervious"],"picked":"Multi-Cast","floor":16},{"not_picked":["Sucker Punch","Barrage+1"],"picked":"Tactician","floor":18},{"not_picked":["Acrobatics","Aggregate"],"picked":"Rebound","floor":19}],"player_experience":649921,"relics_obtained":[{"floor":2,"key":"Kunai"},{"floor":7,"key":"Anchor"},{"floor":9,"key":"Dodecahedron"},{"floor":14,"key":"Blood Vial"}],"event_choices":[{"damage_healed":17,"gold_gain":0,"player_choice":"Healed","damage_taken":0,"max_hp_gain":0,"max_hp_loss":0,"event_name":"The Cleric","floor":4,"gold_loss":35},{"damage_healed":0,"gold_gain":0,"player_choice":"Success","damage_taken":3,"relics_obtained":["Centennial Puzzle"],"max_hp_gain":0,"max_hp_loss":0,"event_name":"Scrap Ooze","floor":5,"gold_loss":0},{"damage_healed":23,"gold_gain":0,"player_choice":"Banana","damage_taken":0,"max_hp_gain":0,"max_hp_loss":0,"event_name":"Big Fish","floor":12,"gold_loss":0},{"damage_healed":0,"gold_gain":0,"player_choice":"Fight","damage_taken":0,"max_hp_gain":0,"max_hp_loss":0,"event_name":"Colosseum","floor":20,"gold_loss":0},{"damage_healed":0,"gold_gain":0,"player_choice":"Fled From Nobs","damage_taken":0,"max_hp_gain":0,"max_hp_loss":0,"event_name":"Colosseum","floor":20,"gold_loss":0}],"is_beta":false,"boss_relics":[{"not_picked":["Lizard Tail","Velvet Choker"],"picked":"HoveringKite"}],"items_purged_floors":[],"is_endless":false,"potions_floor_spawned":[7,8,16,20],"killed_by":"Shelled Parasite and Fungi","ascension_level":0}