{"gold_per_floor":[117,135,310,385,396,396,411,214,238,258,258,7,7,7,7,7],"floor_reached":16,"playtime":943,"items_purged":["Strike_G","Doubt"],"score":170,"play_id":"8d349917-40af-4bb4-8521-6695de308428","local_time":"20190324231213","is_ascension_mode":true,"campfire_choices":[{"data":"Cloak And Dagger","floor":6,"key":"SMITH"},{"data":"Neutralize","floor":11,"key":"SMITH"},{"data":"Dodge and Roll","floor":13,"key":"SMITH"},{"floor":15,"key":"REST"}],"neow_cost":"PERCENT_DAMAGE","seed_source_timestamp":46840940035375,"circlet_count":0,"master_deck":["AscendersBane","Defend_G","Defend_G","Defend_G","Defend_G","Defend_G","Strike_G","Strike_G","Survivor","Neutralize+1","Choke","Dodge and Roll+1","Blade Dance","Cloak And Dagger+1","Dodge and Roll","Backstab","PiercingWail"],"special_seed":0,"relics":["Ring of the Snake","Orichalcum","Lantern"],"potions_floor_usage":[14,16],"damage_taken":[{"damage":0,"enemies":"2 Louse","floor":1,"turns":3},{"damage":0,"enemies":"Jaw Worm","floor":2,"turns":4},{"damage":0,"enemies":"Cultist","floor":5,"turns":3},{"damage":1,"enemies":"2 Fungi Beasts","floor":7,"turns":4},{"damage":0,"enemies":"Large Slime","floor":10,"turns":6},{"damage":27,"enemies":"Gremlin Nob","floor":14,"turns":5},{"damage":30,"enemies":"Hexaghost","floor":16,"turns":14}],"seed_played":"-7462117799121760059","potions_obtained":[{"floor":5,"key":"LiquidBronze"},{"floor":7,"key":"LiquidBronze"},{"floor":10,"key":"SmokeBomb"}],"is_trial":false,"path_per_floor":["M","M","?","?","M","R","M","$","T","M","R","$","R","E","R","B"],"character_chosen":"THE_SILENT","items_purchased":["Backstab","PiercingWail","Lantern"],"campfire_rested":1,"item_purchase_floors":[8,8,12],"current_hp_per_floor":[44,44,44,38,38,38,37,37,37,37,37,37,37,10,29,0],"gold":7,"neow_bonus":"TRANSFORM_TWO_CARDS","is_prod":false,"is_daily":false,"chose_seed":false,"campfire_upgraded":3,"win_rate":0,"timestamp":1553465533,"path_taken":["M","M","?","?","M","R","M","$","T","M","R","$","R","E","R","BOSS"],"build_version":"2019-01-23","purchased_purges":2,"victory":false,"max_hp_per_floor":[66,66,66,66,66,66,66,66,66,66,66,66,66,66,66,66],"card_choices":[{"not_picked":["Choke","Predator"],"picked":"Blade Dance","floor":1},{"not_picked":["Dagger Spray","Slice","Predator"],"picked":"SKIP","floor":2},{"not_picked":["Dagger Spray","Predator"],"picked":"Cloak And Dagger","floor":5},{"not_picked":["Predator","Noxious Fumes"],"picked":"Dodge and Roll","floor":7},{"not_picked":["Tactician","Outmaneuver","Noxious Fumes"],"picked":"SKIP","floor":10}],"player_experience":768067,"relics_obtained":[{"floor":9,"key":"Orichalcum"}],"event_choices":[{"damage_healed":0,"gold_gain":175,"player_choice":"AGREE","damage_taken":0,"max_hp_gain":0,"max_hp_loss":0,"event_name":"Liars Game","floor":3,"gold_loss":0,"cards_obtained":["Doubt"]},{"damage_healed":0,"gold_gain":75,"player_choice":"Touch","damage_taken":6,"max_hp_gain":0,"max_hp_loss":0,"event_name":"FaceTrader","floor":4,"gold_loss":0}],"is_beta":false,"boss_relics":[],"items_purged_floors":[8,12],"is_endless":false,"potions_floor_spawned":[5,7,10],"killed_by":"Hexaghost","ascension_level":14}