{"gold_per_floor":[119,119,119,48,60,60,135,145,145,159,159,159,192,44,44,149,149,168,16,16,115,19,19,119,131,131,131,141,141,161,181,181,283,283,301,317,145,160,10,10,22,22,49,49,49,60,60,87,87,87],"floor_reached":51,"playtime":2462,"items_purged":[],"score":723,"play_id":"bd76a8dd-9049-4af7-803e-b5d8d81cfbbc","local_time":"20190304214450","is_ascension_mode":false,"campfire_choices":[{"data":"Uppercut","floor":6,"key":"SMITH"},{"data":"Demon Form","floor":12,"key":"SMITH"},{"data":"Shrug It Off","floor":15,"key":"SMITH"},{"data":"Discovery","floor":23,"key":"SMITH"},{"floor":27,"key":"REST"},{"floor":29,"key":"REST"},{"floor":32,"key":"REST"},{"floor":40,"key":"REST"},{"floor":42,"key":"REST"},{"floor":45,"key":"REST"},{"floor":47,"key":"DIG"},{"floor":49,"key":"REST"}],"neow_cost":"NONE","seed_source_timestamp":176844599244899,"circlet_count":0,"master_deck":["Strike_R","Strike_R","Strike_R","Strike_R","Strike_R","Defend_R","Defend_R","Defend_R","Defend_R","Bash","Shrug It Off+1","Power Through","Uppercut+1","Pommel Strike","Demon Form+1","Feed","Impervious","Discovery+1","Rage","Impervious","True Grit+1","Clothesline+1","Heavy Blade+1","Disarm+1"],"relics":["Burning Blood","NeowsBlessing","Meat on the Bone","Bottled Lightning","Unceasing Top","Art of War","Mark of Pain","Shovel","Gremlin Horn","Molten Egg 2","Lizard Tail","Bronze Scales","Orichalcum","Red Skull"],"potions_floor_usage":[13,18,24,24,25,28,35,38,48,50],"damage_taken":[{"damage":0,"enemies":"Small Slimes","floor":1,"turns":1},{"damage":0,"enemies":"Jaw Worm","floor":5,"turns":1},{"damage":0,"enemies":"Cultist","floor":8,"turns":1},{"damage":4,"enemies":"Blue Slaver","floor":10,"turns":3},{"damage":8,"enemies":"Lagavulin","floor":13,"turns":7},{"damage":26,"enemies":"The Guardian","floor":16,"turns":9},{"damage":12,"enemies":"Chosen","floor":18,"turns":5},{"damage":2,"enemies":"Colosseum Slavers","floor":24,"turns":5},{"damage":79,"enemies":"Colosseum Nobs","floor":24,"turns":9},{"damage":8,"enemies":"Spheric Guardian","floor":25,"turns":6},{"damage":4,"enemies":"Centurion and Healer","floor":28,"turns":8},{"damage":35,"enemies":"Sentry and Sphere","floor":30,"turns":7},{"damage":16,"enemies":"Shelled Parasite and Fungi","floor":31,"turns":5},{"damage":78,"enemies":"Champ","floor":33,"turns":13},{"damage":26,"enemies":"Orb Walker","floor":35,"turns":5},{"damage":14,"enemies":"3 Shapes","floor":36,"turns":6},{"damage":58,"enemies":"Maw","floor":38,"turns":12},{"damage":47,"enemies":"3 Darklings","floor":41,"turns":6},{"damage":9,"enemies":"Sphere and 2 Shapes","floor":46,"turns":7},{"damage":116,"enemies":"Giant Head","floor":48,"turns":13},{"damage":33,"enemies":"Time Eater","floor":50,"turns":10}],"seed_played":"1263376494238599207","potions_obtained":[{"floor":1,"key":"Weak Potion"},{"floor":10,"key":"Fruit Juice"},{"floor":13,"key":"SteroidPotion"},{"floor":18,"key":"SteroidPotion"},{"floor":24,"key":"Block Potion"},{"floor":25,"key":"PowerPotion"},{"floor":31,"key":"Strength Potion"},{"floor":35,"key":"FearPotion"},{"floor":41,"key":"Ancient Potion"},{"floor":48,"key":"Strength Potion"}],"is_trial":false,"path_per_floor":["M","?","?","$","M","R","?","M","T","M","$","R","E","$","R","B",null,"M","$","?","?","$","R","?","M","T","R","M","R","M","M","R","B",null,"M","M","$","M","$","R","M","R","T","?","R","M","R","E","R","B",null],"character_chosen":"IRONCLAD","items_purchased":["Power Through","Art of War","Impervious","Discovery","Apotheosis","Bronze Scales"],"campfire_rested":7,"item_purchase_floors":[4,14,19,22,37,39],"current_hp_per_floor":[80,80,73,73,79,79,68,74,74,76,76,76,79,79,79,59,85,82,82,82,82,82,82,25,35,35,61,66,91,62,55,83,23,94,77,69,69,29,29,58,29,58,58,58,87,87,87,43,73,58],"gold":87,"neow_bonus":"THREE_ENEMY_KILL","is_prod":false,"is_daily":false,"chose_seed":false,"campfire_upgraded":4,"win_rate":0,"timestamp":1551748490,"path_taken":["M","?","?","$","M","R","?","M","T","?","$","R","E","$","R","BOSS","M","$","?","?","$","R","?","M","T","R","M","R","?","M","R","BOSS","M","M","$","?","$","R","M","R","T","?","R","M","R","E","R","BOSS"],"build_version":"2019-02-06","purchased_purges":0,"victory":true,"max_hp_per_floor":[80,80,80,80,80,80,80,80,80,80,80,80,85,85,85,85,85,88,88,88,88,88,88,88,88,88,88,91,91,91,94,94,94,94,97,97,97,97,97,97,97,97,97,97,97,100,100,100,100,100],"card_choices":[{"not_picked":["Disarm","Havoc"],"picked":"Shrug It Off","floor":1},{"not_picked":["Heavy Blade","Rage"],"picked":"Uppercut","floor":5},{"not_picked":["Armaments","Bloodletting"],"picked":"Pommel Strike","floor":8},{"not_picked":["Thunderclap","Wild Strike"],"picked":"Demon Form","floor":10},{"not_picked":["Sword Boomerang","True Grit","Pommel Strike"],"picked":"SKIP","floor":13},{"not_picked":["Reaper","Bludgeon"],"picked":"Feed","floor":16},{"not_picked":["Iron Wave","Sever Soul","Sword Boomerang"],"picked":"SKIP","floor":18},{"not_picked":["Anger+1","Shockwave+1","Clash"],"picked":"SKIP","floor":25},{"not_picked":["Body Slam+1","Cleave+1","Iron Wave+1"],"picked":"SKIP","floor":28},{"not_picked":["Headbutt+1","Ghostly Armor"],"picked":"Rage","floor":30},{"not_picked":["Thunderclap+1","Clash+1","Armaments"],"picked":"SKIP","floor":31},{"not_picked":["Offering","Feed+1"],"picked":"Impervious","floor":33},{"not_picked":["Wild Strike+1","Flex"],"picked":"True Grit+1","floor":35},{"not_picked":["Armaments","Combust+1"],"picked":"Clothesline+1","floor":36},{"not_picked":["Rage","Seeing Red"],"picked":"Heavy Blade+1","floor":38},{"not_picked":["Twin Strike+1","Pommel Strike+1","Searing Blow+1"],"picked":"SKIP","floor":41},{"not_picked":["Carnage+1","Bludgeon+1"],"picked":"Disarm+1","floor":46},{"not_picked":["Anger+1","Perfected Strike+1","Carnage+1"],"picked":"SKIP","floor":48}],"player_experience":688989,"relics_obtained":[{"floor":9,"key":"Bottled Lightning"},{"floor":13,"key":"Unceasing Top"},{"floor":24,"key":"Shovel"},{"floor":24,"key":"Gremlin Horn"},{"floor":26,"key":"Molten Egg 2"},{"floor":47,"key":"Orichalcum"},{"floor":48,"key":"Red Skull"}],"event_choices":[{"damage_healed":0,"gold_gain":0,"player_choice":"Box","damage_taken":0,"relics_obtained":["Meat on the Bone"],"max_hp_gain":0,"max_hp_loss":0,"event_name":"Big Fish","floor":2,"gold_loss":0,"cards_obtained":["Regret"]},{"cards_removed":["Regret"],"damage_healed":0,"gold_gain":0,"player_choice":"Card Removal","damage_taken":7,"max_hp_gain":0,"max_hp_loss":0,"event_name":"Golden Wing","floor":3,"gold_loss":0},{"damage_healed":0,"gold_gain":75,"player_choice":"Gather Gold","damage_taken":11,"max_hp_gain":0,"max_hp_loss":0,"event_name":"World of Goop","floor":7,"gold_loss":0},{"damage_healed":0,"gold_gain":0,"player_choice":"Ignored","damage_taken":0,"max_hp_gain":0,"max_hp_loss":0,"event_name":"Beggar","floor":20,"gold_loss":0},{"damage_healed":0,"gold_gain":99,"player_choice":"Stole From Cult","damage_taken":0,"max_hp_gain":0,"max_hp_loss":0,"event_name":"Nest","floor":21,"gold_loss":0},{"damage_healed":0,"gold_gain":0,"player_choice":"Fight","damage_taken":0,"max_hp_gain":0,"max_hp_loss":0,"event_name":"Colosseum","floor":24,"gold_loss":0},{"damage_healed":0,"gold_gain":0,"player_choice":"Fought Nobs","damage_taken":0,"max_hp_gain":0,"max_hp_loss":0,"event_name":"Colosseum","floor":24,"gold_loss":0},{"cards_removed":["Apotheosis"],"damage_healed":0,"gold_gain":0,"player_choice":"Removed Skill","damage_taken":0,"max_hp_gain":0,"max_hp_loss":0,"event_name":"Falling","floor":44,"gold_loss":0}],"is_beta":true,"boss_relics":[{"not_picked":["Empty Cage","Velvet Choker"],"picked":"Mark of Pain"},{"not_picked":["Calling Bell","Fusion Hammer"],"picked":"Lizard Tail"}],"items_purged_floors":[],"is_endless":false,"potions_floor_spawned":[1,10,13,18,24,25,31,35,41,48],"ascension_level":0}