{"gold_per_floor":[110,123,273,198,277,304,319,319,319,335,367,387,413,423,423,496,496,515,529,122,132,132,132,149,180,229,241,280,304,316,344,356,445,457,489,519,123,123,142,142,171,187,236,270,287,318,334,365,365,365,365,365,365,26,56,56],"floor_reached":57,"playtime":3956,"items_purged":["Strike_R","Strike_R","Strike_R"],"score":3272,"play_id":"7ecb3ada-7ccc-4c4c-b51e-cccd0b4598f0","local_time":"20190329231937","is_ascension_mode":true,"campfire_choices":[{"floor":8.0,"key":"REST"},{"data":"True Grit","floor":15.0,"key":"SMITH"},{"data":"Pommel Strike","floor":23.0,"key":"SMITH"},{"data":"Inflame","floor":27.0,"key":"SMITH"},{"data":"Bash","floor":32.0,"key":"SMITH"},{"floor":40.0,"key":"RECALL"},{"floor":49,"key":"REST"},{"floor":53,"key":"REST"}],"neow_cost":"NONE","seed_source_timestamp":1446532984363466,"circlet_count":0,"master_deck":["AscendersBane","Strike_R","Defend_R","Defend_R","Defend_R","Defend_R","Bash+1","True Grit+1","Heavy Blade","Flame Barrier","Shrug It Off","Pummel","Offering","Offering","Ghostly Armor+1","Pommel Strike+1","Inflame+1","Ghostly Armor","Fiend Fire","Fiend Fire","Corruption","Ghostly Armor+1","True Grit+1","Barricade","Shrug It Off","Iron Wave+1","Shrug It Off"],"special_seed":0,"relics":["Burning Blood","Pen Nib","Ornamental Fan","Strawberry","Meat on the Bone","Red Skull","Turnip","Runic Dome","Dead Branch","The Courier","MawBank","Smiling Mask","Fusion Hammer","PreservedInsect","Pear","Calipers","Anchor","Charon\u0027s Ashes","Paper Frog","Torii","FossilizedHelix"],"potions_floor_usage":[46,56,56],"damage_taken":[{"damage":7.0,"enemies":"Cultist","floor":1.0,"turns":4.0},{"damage":12.0,"enemies":"Small Slimes","floor":2.0,"turns":4.0},{"damage":40.0,"enemies":"Lagavulin","floor":6.0,"turns":7.0},{"damage":5.0,"enemies":"Jaw Worm","floor":7.0,"turns":6.0},{"damage":20.0,"enemies":"Lots of Slimes","floor":10.0,"turns":6.0},{"damage":67.0,"enemies":"3 Sentries","floor":11.0,"turns":16.0},{"damage":2.0,"enemies":"3 Louse","floor":12.0,"turns":4.0},{"damage":23.0,"enemies":"Lagavulin","floor":13.0,"turns":6.0},{"damage":21.0,"enemies":"Exordium Thugs","floor":14.0,"turns":5.0},{"damage":12.0,"enemies":"The Guardian","floor":16.0,"turns":14.0},{"damage":24.0,"enemies":"Chosen","floor":18.0,"turns":5.0},{"damage":22.0,"enemies":"2 Thieves","floor":19.0,"turns":2.0},{"damage":12.0,"enemies":"Centurion and Healer","floor":21.0,"turns":5.0},{"damage":18.0,"enemies":"Chosen and Byrds","floor":24.0,"turns":2.0},{"damage":31.0,"enemies":"Slavers","floor":25.0,"turns":3.0},{"damage":12.0,"enemies":"Book of Stabbing","floor":28.0,"turns":3.0},{"damage":6.0,"enemies":"Cultist and Chosen","floor":29.0,"turns":1.0},{"damage":18.0,"enemies":"Shelled Parasite and Fungi","floor":31.0,"turns":1.0},{"damage":27.0,"enemies":"Automaton","floor":33.0,"turns":6.0},{"damage":18.0,"enemies":"3 Darklings","floor":35.0,"turns":2.0},{"damage":18.0,"enemies":"Orb Walker","floor":36.0,"turns":1.0},{"damage":12.0,"enemies":"Maw","floor":39.0,"turns":3.0},{"damage":9.0,"enemies":"Reptomancer","floor":41.0,"turns":1.0},{"damage":6.0,"enemies":"3 Darklings","floor":42.0,"turns":4.0},{"damage":13.0,"enemies":"Nemesis","floor":44.0,"turns":3.0},{"damage":12.0,"enemies":"Sphere and 2 Shapes","floor":45.0,"turns":1.0},{"damage":22,"enemies":"Reptomancer","floor":46,"turns":4},{"damage":6,"enemies":"Maw","floor":47,"turns":3},{"damage":12,"enemies":"Giant Head","floor":48,"turns":4},{"damage":1,"enemies":"Awakened One","floor":50,"turns":8},{"damage":36,"enemies":"Donu and Deca","floor":51,"turns":4},{"damage":6,"enemies":"Shield and Spear","floor":55,"turns":2},{"damage":6,"enemies":"The Heart","floor":56,"turns":6}],"seed_played":"3785489874844725213","potions_obtained":[{"floor":2.0,"key":"SmokeBomb"},{"floor":6.0,"key":"EntropicBrew"},{"floor":10.0,"key":"Regen Potion"},{"floor":13.0,"key":"Dexterity Potion"},{"floor":16.0,"key":"PowerPotion"},{"floor":29.0,"key":"BloodPotion"},{"floor":36.0,"key":"Energy Potion"},{"floor":44.0,"key":"GamblersBrew"},{"floor":47,"key":"Energy Potion"}],"is_trial":false,"path_per_floor":["M","M","?","?","T","E","M","R","T","M","E","M","E","M","R","B",null,"M","M","$","M","?","R","M","E","T","R","E","M","?","M","R","B",null,"M","M","$","?","M","R","E","M","T","E","M","E","M","E","R","B","B",null,"R","$","E","B",null],"character_chosen":"IRONCLAD","items_purchased":["Dead Branch","PreservedInsect","Pear","Torii","Shrug It Off"],"campfire_rested":3,"item_purchase_floors":[20,37,37,54,54],"current_hp_per_floor":[67,61,61,61,61,34,35,59,59,57,23,39,34,31,31,37,71,53,49,49,55,55,55,55,42,42,42,48,48,48,48,48,39,71,59,59,69,102,96,96,93,93,93,86,80,64,64,58,88,93,63,92,102,102,102,102],"gold":56,"neow_bonus":"RANDOM_COMMON_RELIC","is_prod":false,"is_daily":false,"chose_seed":false,"campfire_upgraded":4,"win_rate":0,"timestamp":1553915977,"path_taken":["M","M","?","?","?","E","?","R","T","M","E","M","E","M","R","BOSS","M","M","$","M","?","R","?","E","T","R","E","M","?","?","R","BOSS","M","M","$","?","M","R","E","M","T","E","M","E","M","E","R","BOSS","BOSS","R","$","E","BOSS"],"build_version":"2019-03-15","purchased_purges":3,"victory":true,"max_hp_per_floor":[75,75,75,75,75,82,82,82,82,82,82,82,82,82,82,82,82,82,82,82,82,82,82,82,82,82,82,82,82,82,82,82,82,82,82,82,92,102,102,102,102,102,102,102,102,102,102,102,102,102,102,102,102,102,102,102],"card_choices":[{"not_picked":["Thunderclap","Power Through"],"picked":"True Grit","floor":1.0},{"not_picked":["Flex","Dual Wield"],"picked":"Heavy Blade","floor":2.0},{"not_picked":["Power Through","Combust"],"picked":"Flame Barrier","floor":6.0},{"not_picked":["Rage","Hemokinesis","Bloodletting"],"picked":"SKIP","floor":7.0},{"not_picked":["Flex","Perfected Strike"],"picked":"Shrug It Off","floor":10.0},{"not_picked":["Corruption","Power Through"],"picked":"Pummel","floor":11.0},{"not_picked":["Headbutt","Armaments"],"picked":"Offering","floor":12.0},{"not_picked":["Seeing Red","Entrench","Reckless Charge"],"picked":"SKIP","floor":13.0},{"not_picked":["Perfected Strike","Infernal Blade","Fire Breathing"],"picked":"SKIP","floor":14.0},{"not_picked":["Juggernaut","Bludgeon"],"picked":"Offering","floor":16.0},{"not_picked":["Heavy Blade","Clash","Wild Strike+1"],"picked":"SKIP","floor":18.0},{"not_picked":["Armaments+1","Clash+1"],"picked":"Ghostly Armor+1","floor":19.0},{"not_picked":["Dual Wield","Body Slam"],"picked":"Pommel Strike","floor":21.0},{"not_picked":["Body Slam","Spot Weakness"],"picked":"Inflame","floor":24.0},{"not_picked":["Warcry","Fire Breathing"],"picked":"Ghostly Armor","floor":25.0},{"not_picked":["Clash+1","Havoc+1"],"picked":"Fiend Fire","floor":28.0},{"not_picked":["Rage","Body Slam","Clothesline"],"picked":"SKIP","floor":29.0},{"not_picked":["Twin Strike","Burning Pact","Clothesline"],"picked":"SKIP","floor":31.0},{"not_picked":["Twin Strike","Burning Pact","Clothesline"],"picked":"SKIP","floor":31.0},{"not_picked":["Berserk","Double Tap"],"picked":"Fiend Fire","floor":33.0},{"not_picked":["Clothesline+1","Flex+1"],"picked":"Corruption","floor":35.0},{"not_picked":["Shockwave","Warcry"],"picked":"Ghostly Armor+1","floor":36.0},{"not_picked":["Cleave","Flex"],"picked":"True Grit+1","floor":39.0},{"not_picked":["Seeing Red","Warcry"],"picked":"Barricade","floor":41.0},{"not_picked":["Metallicize","Sever Soul+1","Whirlwind"],"picked":"SKIP","floor":42.0},{"not_picked":["Reckless Charge+1","Clothesline+1","Infernal Blade"],"picked":"SKIP","floor":44.0},{"not_picked":["Anger","Whirlwind","Flex+1"],"picked":"SKIP","floor":45.0},{"not_picked":["Shockwave","Wild Strike"],"picked":"Shrug It Off","floor":46},{"not_picked":["Flex+1","Sword Boomerang+1","Perfected Strike"],"picked":"SKIP","floor":47},{"not_picked":["Heavy Blade+1","Juggernaut"],"picked":"Iron Wave+1","floor":48},{"not_picked":["Clothesline","Exhume","Cleave+1"],"picked":"SKIP","floor":55},{"not_picked":["Clothesline","Exhume","Cleave+1"],"picked":"SKIP","floor":55},{"not_picked":["Clothesline","Exhume","Cleave+1"],"picked":"SKIP","floor":55}],"player_experience":1363001,"relics_obtained":[{"floor":5.0,"key":"Ornamental Fan"},{"floor":6.0,"key":"Strawberry"},{"floor":9.0,"key":"Meat on the Bone"},{"floor":11.0,"key":"Red Skull"},{"floor":13.0,"key":"Turnip"},{"floor":25.0,"key":"The Courier"},{"floor":26.0,"key":"MawBank"},{"floor":28.0,"key":"Smiling Mask"},{"floor":41.0,"key":"Calipers"},{"floor":44.0,"key":"Anchor"},{"floor":46,"key":"Charon\u0027s Ashes"},{"floor":48,"key":"Paper Frog"},{"floor":55,"key":"FossilizedHelix"}],"event_choices":[{"damage_healed":0.0,"max_hp_gain":0.0,"max_hp_loss":0.0,"gold_gain":150.0,"event_name":"Liars Game","player_choice":"AGREE","floor":3.0,"gold_loss":0.0,"damage_taken":0.0,"cards_obtained":["Doubt"]},{"cards_removed":["Doubt"],"damage_healed":0.0,"max_hp_gain":0.0,"max_hp_loss":0.0,"gold_gain":0.0,"event_name":"The Cleric","player_choice":"Card Removal","floor":4.0,"gold_loss":75.0,"damage_taken":0.0},{"damage_healed":0.0,"max_hp_gain":0.0,"max_hp_loss":0.0,"gold_gain":0.0,"event_name":"Duplicator","player_choice":"Copied","floor":22.0,"gold_loss":0.0,"damage_taken":0.0,"cards_obtained":["Offering"]},{"cards_removed":["Strike_R"],"damage_healed":0.0,"max_hp_gain":0.0,"max_hp_loss":0.0,"gold_gain":0.0,"event_name":"Purifier","player_choice":"Purged","floor":30.0,"gold_loss":0.0,"damage_taken":0.0},{"cards_removed":["Offering"],"damage_healed":23.0,"max_hp_gain":10.0,"max_hp_loss":0.0,"gold_gain":0.0,"event_name":"Bonfire Elementals","player_choice":"Offered Rare","floor":38.0,"gold_loss":0.0,"damage_taken":0.0}],"is_beta":true,"boss_relics":[{"not_picked":["Calling Bell","Runic Cube"],"picked":"Runic Dome"},{"not_picked":["Orrery","Black Blood"],"picked":"Fusion Hammer"}],"items_purged_floors":[20,37,54],"is_endless":false,"potions_floor_spawned":[2,6,10,13,16,19,21,29,36,41,42,44,47],"ascension_level":20}