{"gold_per_floor":[117,117,13,13,24,51,63,63,63,83,83,113,38,57,57,128,128,145,158,158,177,227,227,227],"floor_reached":24,"playtime":1601,"items_purged":["Strike_R","Strike_R"],"score":412,"play_id":"33dbfd13-0591-46bc-a693-af01cd28eca8","local_time":"20190320134533","is_ascension_mode":true,"campfire_choices":[{"floor":8.0,"key":"REST"},{"floor":15.0,"key":"REST"},{"data":"Metallicize","floor":23,"key":"SMITH"}],"neow_cost":"NONE","seed_source_timestamp":591429481669355,"circlet_count":0,"master_deck":["AscendersBane","Strike_R","Strike_R","Defend_R","Defend_R","Defend_R","Defend_R","Bash","Metallicize+1","Fire Breathing","Headbutt","Whirlwind","Warcry+1","Anger","Shrug It Off+1","Immolate","Shrug It Off+1","Uppercut","Juggernaut","Pommel Strike"],"special_seed":0,"relics":["Burning Blood","Smiling Mask","Toxic Egg 2","Paper Frog","Matryoshka","Darkstone Periapt","Cursed Key"],"potions_floor_usage":[16,21,24],"damage_taken":[{"damage":7.0,"enemies":"Jaw Worm","floor":1.0,"turns":5.0},{"damage":11.0,"enemies":"Cultist","floor":5.0,"turns":4.0},{"damage":53.0,"enemies":"3 Sentries","floor":6.0,"turns":14.0},{"damage":3.0,"enemies":"Small Slimes","floor":7.0,"turns":4.0},{"damage":10.0,"enemies":"Blue Slaver","floor":10.0,"turns":5.0},{"damage":32.0,"enemies":"Gremlin Nob","floor":12.0,"turns":4.0},{"damage":2.0,"enemies":"Red Slaver","floor":14.0,"turns":5.0},{"damage":35,"enemies":"The Guardian","floor":16,"turns":14},{"damage":18,"enemies":"Shell Parasite","floor":18,"turns":5},{"damage":15,"enemies":"Spheric Guardian","floor":19,"turns":5},{"damage":28,"enemies":"Cultist and Chosen","floor":21,"turns":7},{"damage":36,"enemies":"Gremlin Leader","floor":24,"turns":3}],"seed_played":"4410262829170388997","potions_obtained":[{"floor":5.0,"key":"Explosive Potion"},{"floor":12.0,"key":"Strength Potion"},{"floor":14.0,"key":"Ancient Potion"},{"floor":16,"key":"Dexterity Potion"},{"floor":18,"key":"SkillPotion"},{"floor":19,"key":"Regen Potion"}],"is_trial":false,"path_per_floor":["M","?","$","?","M","E","M","R","T","M","?","E","$","M","R","B",null,"M","M","?","M","?","R","E"],"character_chosen":"IRONCLAD","items_purchased":["Pommel Strike","Shrug It Off+1"],"campfire_rested":2,"item_purchase_floors":[3,13],"current_hp_per_floor":[67,67,67,67,62,15,18,40,40,36,36,10,10,14,36,7,58,46,37,37,30,30,30,0],"gold":227,"neow_bonus":"RANDOM_COMMON_RELIC","is_prod":false,"is_daily":false,"chose_seed":false,"campfire_upgraded":1,"win_rate":0,"timestamp":1553107533,"path_taken":["M","?","?","?","M","E","M","R","T","?","?","E","$","M","R","BOSS","M","M","?","?","?","R","E"],"build_version":"2019-01-23","purchased_purges":2,"victory":false,"max_hp_per_floor":[75,75,75,75,75,75,75,75,75,75,75,75,75,75,75,75,75,75,75,75,75,75,75,75],"card_choices":[{"not_picked":["Cleave","Clothesline"],"picked":"Metallicize","floor":1.0},{"not_picked":["Perfected Strike","Cleave"],"picked":"Fire Breathing","floor":5.0},{"not_picked":["Pommel Strike","Rage+1"],"picked":"Headbutt","floor":6.0},{"not_picked":["Clothesline","Havoc+1"],"picked":"Whirlwind","floor":7.0},{"not_picked":["Perfected Strike","Heavy Blade"],"picked":"Warcry+1","floor":10.0},{"not_picked":["Flex+1","Clash"],"picked":"Anger","floor":12.0},{"not_picked":["Rupture","Thunderclap","Clash"],"picked":"SKIP","floor":14.0},{"not_picked":["Fiend Fire","Bludgeon"],"picked":"Immolate","floor":16},{"not_picked":["Inflame","Feel No Pain"],"picked":"Shrug It Off+1","floor":18},{"not_picked":["Whirlwind","Sword Boomerang"],"picked":"Uppercut","floor":19},{"not_picked":["Blood for Blood","Cleave"],"picked":"Pommel Strike","floor":21}],"player_experience":874301,"relics_obtained":[{"floor":6.0,"key":"Paper Frog"},{"floor":9.0,"key":"Matryoshka"},{"floor":12.0,"key":"Darkstone Periapt"}],"event_choices":[{"cards_removed":["Strike_R"],"damage_healed":0.0,"max_hp_gain":0.0,"max_hp_loss":0.0,"gold_gain":0.0,"event_name":"Bonfire Elementals","player_choice":"Offered Basic","floor":2.0,"gold_loss":0.0,"damage_taken":0.0},{"cards_removed":["Pommel Strike"],"damage_healed":0.0,"max_hp_gain":0.0,"max_hp_loss":0.0,"gold_gain":0.0,"event_name":"WeMeetAgain","player_choice":"Gave Card","floor":4.0,"gold_loss":0.0,"damage_taken":0.0,"relics_obtained":["Toxic Egg 2"]},{"damage_healed":0.0,"max_hp_gain":0.0,"max_hp_loss":0.0,"gold_gain":0.0,"event_name":"Shining Light","player_choice":"Ignored","floor":11.0,"gold_loss":0.0,"damage_taken":0.0},{"damage_healed":0,"gold_gain":0,"player_choice":"1 cards matched","damage_taken":0,"max_hp_gain":0,"max_hp_loss":0,"event_name":"Match and Keep!","floor":20,"gold_loss":0,"cards_obtained":["Juggernaut"]},{"damage_healed":0,"gold_gain":50,"player_choice":"Pray","damage_taken":0,"max_hp_gain":0,"max_hp_loss":0,"event_name":"Golden Shrine","floor":22,"gold_loss":0}],"is_beta":false,"boss_relics":[{"not_picked":["Runic Pyramid","Black Blood"],"picked":"Cursed Key"}],"items_purged_floors":[3,13],"is_endless":false,"potions_floor_spawned":[5,12,14,16,18,19],"killed_by":"Gremlin Leader","ascension_level":20}