{"gold_per_floor":[113,129,139,152,202,202,217,251,251,15,48,48,58,58,58,135,135,149,164,164,182,182],"floor_reached":22,"playtime":1753,"items_purged":["Strike_G"],"score":396,"play_id":"55e2c7f6-44ef-4adf-953c-50d3c271aaec","local_time":"20190219185419","is_ascension_mode":true,"campfire_choices":[{"data":"Neutralize","floor":6.0,"key":"SMITH"},{"data":"Footwork","floor":15.0,"key":"SMITH"}],"neow_cost":"NONE","seed_source_timestamp":0,"circlet_count":0,"master_deck":["AscendersBane","Defend_G","Defend_G","Defend_G","Defend_G","Defend_G","Strike_G","Strike_G","Strike_G","Strike_G","Survivor","Neutralize+1","Deadly Poison","Poisoned Stab","Deflect","Flying Knee","Footwork+1","Deadly Poison","Bane","Flechettes","Corpse Explosion","Backstab","Escape Plan"],"special_seed":0,"relics":["Ring of the Snake","StoneCalendar","Gremlin Horn","Bag of Preparation","Ancient Tea Set","Eternal Feather"],"potions_floor_usage":[],"damage_taken":[{"damage":1.0,"enemies":"Small Slimes","floor":1.0,"turns":5.0},{"damage":1.0,"enemies":"Cultist","floor":2.0,"turns":4.0},{"damage":0.0,"enemies":"Jaw Worm","floor":3.0,"turns":3.0},{"damage":16.0,"enemies":"Large Slime","floor":4.0,"turns":9.0},{"damage":7.0,"enemies":"Exordium Wildlife","floor":7.0,"turns":6.0},{"damage":15.0,"enemies":"Lagavulin","floor":8.0,"turns":8.0},{"damage":11.0,"enemies":"3 Sentries","floor":11.0,"turns":7.0},{"damage":0.0,"enemies":"Blue Slaver","floor":13.0,"turns":4.0},{"damage":12.0,"enemies":"Slime Boss","floor":16.0,"turns":9.0},{"damage":6.0,"enemies":"Chosen","floor":18.0,"turns":6.0},{"damage":9.0,"enemies":"3 Byrds","floor":19.0,"turns":3.0},{"damage":27.0,"enemies":"Snake Plant","floor":21.0,"turns":5.0},{"damage":0,"enemies":"Shelled Parasite and Fungi","floor":22,"turns":1}],"seed_played":"7925661660405267823","potions_obtained":[{"floor":1.0,"key":"PowerPotion"},{"floor":7.0,"key":"Ancient Potion"},{"floor":8.0,"key":"Block Potion"},{"floor":13.0,"key":"FearPotion"},{"floor":14.0,"key":"Explosive Potion"},{"floor":14.0,"key":"EntropicBrew"}],"is_trial":false,"path_per_floor":["M","M","M","M","?","R","M","E","T","$","E","$","M","?","R","B",null,"M","M","?","M","M"],"character_chosen":"THE_SILENT","items_purchased":["Bag of Preparation"],"campfire_rested":0,"item_purchase_floors":[10],"current_hp_per_floor":[64,63,63,47,47,47,40,25,25,25,14,14,14,14,14,2,55,49,40,40,13,13],"gold":182,"neow_bonus":"TEN_PERCENT_HP_BONUS","is_prod":false,"is_daily":false,"chose_seed":false,"campfire_upgraded":2,"win_rate":0,"timestamp":1550624059,"path_taken":["M","M","M","M","?","R","M","E","T","$","E","?","M","?","R","BOSS","M","M","?","M","M"],"build_version":"2019-01-23","purchased_purges":1,"victory":false,"max_hp_per_floor":[72,72,72,72,72,72,72,72,72,72,72,72,72,72,72,72,72,72,72,72,72,72],"card_choices":[{"not_picked":["Caltrops","Tactician"],"picked":"Deadly Poison","floor":1.0},{"not_picked":["Prepared","Cloak And Dagger"],"picked":"Poisoned Stab","floor":2.0},{"not_picked":["PiercingWail","Reflex"],"picked":"Deflect","floor":3.0},{"not_picked":["Dagger Throw","Distraction"],"picked":"Flying Knee","floor":4.0},{"not_picked":["Backflip","Flechettes"],"picked":"Footwork","floor":7.0},{"not_picked":["PiercingWail","Cloak And Dagger"],"picked":"Deadly Poison","floor":8.0},{"not_picked":["Cloak And Dagger","Grand Finale"],"picked":"Bane","floor":11.0},{"not_picked":["Cloak And Dagger","Acrobatics"],"picked":"Flechettes","floor":13.0},{"not_picked":["Grand Finale","Adrenaline"],"picked":"Corpse Explosion","floor":16.0},{"not_picked":["Flying Knee","Choke"],"picked":"Backstab","floor":18.0},{"not_picked":["Backflip","Flying Knee"],"picked":"Escape Plan","floor":19.0},{"not_picked":["Finisher","Underhanded Strike","Predator"],"picked":"SKIP","floor":21.0}],"player_experience":617418,"relics_obtained":[{"floor":8.0,"key":"StoneCalendar"},{"floor":9.0,"key":"Gremlin Horn"},{"floor":11.0,"key":"Ancient Tea Set"}],"event_choices":[{"damage_healed":0.0,"max_hp_gain":0.0,"max_hp_loss":0.0,"gold_gain":50.0,"event_name":"Golden Shrine","player_choice":"Pray","floor":5.0,"gold_loss":0.0,"damage_taken":0.0},{"damage_healed":0.0,"max_hp_gain":0.0,"max_hp_loss":0.0,"gold_gain":0.0,"event_name":"Lab","player_choice":"Got Potions","floor":14.0,"gold_loss":0.0,"damage_taken":0.0},{"damage_healed":0.0,"max_hp_gain":0.0,"max_hp_loss":0.0,"gold_gain":0.0,"event_name":"Vampires","player_choice":"Ignored","floor":20.0,"gold_loss":0.0,"damage_taken":0.0}],"is_beta":false,"boss_relics":[{"not_picked":["Busted Crown","Runic Dome"],"picked":"Eternal Feather"}],"items_purged_floors":[10],"is_endless":false,"potions_floor_spawned":[1,7,8,13],"killed_by":"Shelled Parasite and Fungi","ascension_level":20}