{"gold_per_floor":[365,383,333,343,353,353,416,436,510,510,529,555,625,645,645,741,741,755,327,327,15,15,15,15,15,15,15,30,48,48,64,64,64],"floor_reached":33,"playtime":1992,"items_purged":[],"score":247,"play_id":"0dc492a7-2d49-4be0-aefd-fc37c98e6654","local_time":"20190314012419","is_ascension_mode":false,"campfire_choices":[{"data":"Neutralize","floor":6,"key":"SMITH"},{"data":"Choke","floor":10,"key":"SMITH"},{"floor":15,"key":"REST"},{"floor":23,"key":"REST"},{"data":"Writhe","floor":25,"key":"PURGE"},{"data":"Metamorphosis","floor":27,"key":"SMITH"},{"floor":32,"key":"REST"}],"neow_cost":"CURSE","seed_source_timestamp":64054493056158,"circlet_count":0,"master_deck":["Defend_G+1","Defend_G+1","Defend_G+1","Defend_G+1","Defend_G+1","Strike_G+1","Strike_G+1","Strike_G+1","Strike_G+1","Strike_G+1","Survivor","Neutralize+1","Predator","Well Laid Plans","Backstab","Underhanded Strike","Poisoned Stab","Choke+1","Noxious Fumes","Tactician","Sucker Punch","Malaise","Outmaneuver","Metamorphosis+1","Acrobatics","Flame Barrier+1"],"relics":["Ring of the Snake","Peace Pipe","Pantograph","Juzu Bracelet","Lizard Tail","PrismaticShard","Dead Branch","Strawberry","Turnip"],"potions_floor_usage":[4,7,12,14,16,31,33],"damage_taken":[{"damage":1,"enemies":"2 Louse","floor":1,"turns":3},{"damage":6,"enemies":"Jaw Worm","floor":2,"turns":4},{"damage":2,"enemies":"Small Slimes","floor":4,"turns":4},{"damage":4,"enemies":"Blue Slaver","floor":5,"turns":3},{"damage":12,"enemies":"Lagavulin Event","floor":7,"turns":7},{"damage":0,"enemies":"Red Slaver","floor":8,"turns":2},{"damage":4,"enemies":"3 Louse","floor":11,"turns":3},{"damage":27,"enemies":"3 Sentries","floor":12,"turns":9},{"damage":0,"enemies":"Exordium Wildlife","floor":14,"turns":3},{"damage":41,"enemies":"The Guardian","floor":16,"turns":12},{"damage":28,"enemies":"Spheric Guardian","floor":18,"turns":6},{"damage":17,"enemies":"Shell Parasite","floor":28,"turns":6},{"damage":28,"enemies":"Snake Plant","floor":29,"turns":4},{"damage":28,"enemies":"Centurion and Healer","floor":31,"turns":7},{"damage":116,"enemies":"Automaton","floor":33,"turns":14}],"seed_played":"3554106019709098104","potions_obtained":[{"floor":1,"key":"Regen Potion"},{"floor":2,"key":"LiquidBronze"},{"floor":11,"key":"Regen Potion"},{"floor":12,"key":"Swift Potion"},{"floor":14,"key":"GamblersBrew"},{"floor":18,"key":"FearPotion"},{"floor":29,"key":"PowerPotion"},{"floor":31,"key":"Block Potion"}],"is_trial":false,"path_per_floor":["M","M","?","M","M","R","?","M","T","R","M","E","?","M","R","B",null,"M","$","?","$","?","R","?","R","T","R","M","M","?","M","R","B"],"character_chosen":"THE_SILENT","items_purchased":["Metamorphosis","PrismaticShard","Acrobatics","Dead Branch"],"campfire_rested":3,"item_purchase_floors":[19,19,19,21],"current_hp_per_floor":[69,63,63,70,66,66,54,54,54,54,50,38,38,38,59,29,70,42,42,42,42,49,72,72,72,72,72,55,27,52,24,47,0],"gold":64,"neow_bonus":"TWO_FIFTY_GOLD","is_prod":false,"is_daily":false,"chose_seed":false,"campfire_upgraded":3,"win_rate":0,"timestamp":1552535659,"path_taken":["M","M","?","M","M","R","?","M","T","R","M","E","?","M","R","BOSS","M","$","?","$","?","R","?","R","T","R","M","M","?","M","R","BOSS"],"build_version":"2019-02-06","purchased_purges":0,"victory":false,"max_hp_per_floor":[70,70,70,70,70,70,70,70,70,70,70,70,70,70,70,70,70,70,70,70,70,77,77,77,77,77,77,77,77,77,77,77,77],"card_choices":[{"not_picked":["PiercingWail","Underhanded Strike"],"picked":"Predator","floor":1},{"not_picked":["Cloak And Dagger","Prepared"],"picked":"Well Laid Plans","floor":2},{"not_picked":["Reflex","Bane"],"picked":"Backstab","floor":4},{"not_picked":["Dodge and Roll","Riddle With Holes"],"picked":"Underhanded Strike","floor":5},{"not_picked":["Eviscerate","Endless Agony"],"picked":"Poisoned Stab","floor":7},{"not_picked":["Sucker Punch","Setup"],"picked":"Choke","floor":8},{"not_picked":["Cloak And Dagger","Poisoned Stab"],"picked":"Noxious Fumes","floor":11},{"not_picked":["Deadly Poison","Backflip"],"picked":"Tactician","floor":12},{"not_picked":["Finisher","Slice"],"picked":"Sucker Punch","floor":14},{"not_picked":["Grand Finale","Phantasmal Killer"],"picked":"Malaise","floor":16},{"not_picked":["Quick Slash","Endless Agony"],"picked":"Outmaneuver","floor":18},{"not_picked":["Bouncing Flask","Wild Strike"],"picked":"Flame Barrier+1","floor":28},{"not_picked":["Redo","Deflect","Hemokinesis"],"picked":"SKIP","floor":29},{"not_picked":["Havoc","Cold Snap","Metamorphosis"],"picked":"SKIP","floor":31}],"player_experience":705384,"relics_obtained":[{"floor":7,"key":"Peace Pipe"},{"floor":9,"key":"Pantograph"},{"floor":12,"key":"Juzu Bracelet"}],"event_choices":[{"cards_removed":["Clumsy"],"damage_healed":0,"gold_gain":0,"player_choice":"Card Removal","damage_taken":0,"max_hp_gain":0,"max_hp_loss":0,"event_name":"The Cleric","floor":3,"gold_loss":50},{"damage_healed":0,"gold_gain":30,"player_choice":"Searched \u00272\u0027 times","damage_taken":0,"max_hp_gain":0,"max_hp_loss":0,"event_name":"Dead Adventurer","floor":7,"gold_loss":0},{"damage_healed":0,"gold_gain":70,"player_choice":"Gained Gold","damage_taken":0,"max_hp_gain":0,"max_hp_loss":0,"event_name":"Golden Wing","floor":13,"gold_loss":0},{"damage_healed":0,"gold_gain":0,"player_choice":"Simplicity","damage_taken":0,"max_hp_gain":0,"max_hp_loss":0,"event_name":"Back to Basics","floor":20,"gold_loss":0,"cards_upgraded":["Defend_G","Defend_G","Defend_G","Defend_G","Defend_G","Strike_G","Strike_G","Strike_G","Strike_G","Strike_G"]},{"damage_healed":0,"gold_gain":0,"player_choice":"Gave Potion","damage_taken":0,"relics_obtained":["Strawberry"],"max_hp_gain":0,"max_hp_loss":0,"event_name":"WeMeetAgain","floor":22,"gold_loss":0},{"damage_healed":0,"gold_gain":0,"player_choice":"Opened","damage_taken":0,"relics_obtained":["Turnip"],"max_hp_gain":0,"max_hp_loss":0,"event_name":"The Mausoleum","floor":24,"gold_loss":0,"cards_obtained":["Writhe"]},{"damage_healed":25,"gold_gain":0,"player_choice":"Heal","damage_taken":0,"max_hp_gain":0,"max_hp_loss":0,"event_name":"The Library","floor":30,"gold_loss":0}],"is_beta":true,"boss_relics":[{"not_picked":["Philosopher\u0027s Stone","Coffee Dripper"],"picked":"Lizard Tail"}],"items_purged_floors":[],"is_endless":false,"potions_floor_spawned":[1,2,11,12,14,18,29,31],"killed_by":"Automaton","ascension_level":0}