{"gold_per_floor":[112,125,102,102,102,112,128,128,208,208,1,1,1,15,15,116,116,128,79,95,95,0,0,35,35,62,62,62,78,78,108,108,206,206,216,216,262,314,314,314,314,331,331,331,365,365,365,77,77,89],"floor_reached":50,"playtime":3408,"items_purged":[],"score":624,"play_id":"8cc6715d-0e76-4d3d-8162-e379ece60748","local_time":"20180819020310","is_ascension_mode":true,"campfire_choices":[{"data":"Metallicize","floor":8,"key":"SMITH"},{"data":"Reaper","floor":10,"key":"SMITH"},{"data":"Whirlwind","floor":13,"key":"SMITH"},{"data":"Combust","floor":15,"key":"SMITH"},{"data":"Demon Form","floor":23,"key":"SMITH"},{"data":"Warcry","floor":25,"key":"SMITH"},{"data":"Bash","floor":27,"key":"SMITH"},{"data":"Iron Wave","floor":30,"key":"SMITH"},{"data":"Battle Trance","floor":32,"key":"SMITH"},{"floor":40,"key":"DIG"},{"data":"Infernal Blade","floor":44,"key":"SMITH"},{"floor":47,"key":"DIG"},{"floor":49,"key":"DIG"}],"neow_cost":"NONE","seed_source_timestamp":4332631624360682,"circlet_count":0,"master_deck":["Strike_R","Strike_R","Strike_R","Strike_R","Strike_R","Defend_R","Defend_R","Defend_R","Defend_R","Bash+1","Metallicize+1","Shrug It Off+1","Armaments+1","Whirlwind+1","Reaper+1","Secret Technique+1","Combust+1","Demon Form+1","Sword Boomerang+1","Warcry+1","Twin Strike","Iron Wave+1","Flame Barrier+1","Battle Trance+1","Feed","Clash+1","Violence","Sadistic Nature","Mind Blast","Blood for Blood+1","Writhe","Infernal Blade+1","Iron Wave+1"],"relics":["Burning Blood","Dream Catcher","Bottled Tornado","Coffee Dripper","Art of War","Pen Nib","Dodecahedron","Eternal Feather","Shovel","Red Skull","Letter Opener","Gremlin Horn","Singing Bowl","Lantern","Ice Cream","MawBank"],"potions_floor_usage":[24,33,33,41,50,50],"damage_taken":[{"damage":1,"enemies":"Cultist","floor":1,"turns":3},{"damage":9,"enemies":"2 Louse","floor":2,"turns":4},{"damage":0,"enemies":"Jaw Worm","floor":6,"turns":5},{"damage":3,"enemies":"Looter","floor":7,"turns":5},{"damage":12,"enemies":"3 Louse","floor":14,"turns":2},{"damage":28,"enemies":"Slime Boss","floor":16,"turns":10},{"damage":8,"enemies":"Chosen","floor":18,"turns":4},{"damage":8,"enemies":"Shell Parasite","floor":20,"turns":6},{"damage":22,"enemies":"Book of Stabbing","floor":24,"turns":6},{"damage":9,"enemies":"Snecko","floor":29,"turns":4},{"damage":22,"enemies":"Gremlin Leader","floor":31,"turns":6},{"damage":64,"enemies":"Collector","floor":33,"turns":7},{"damage":13,"enemies":"Orb Walker","floor":35,"turns":4},{"damage":61,"floor":37,"turns":8},{"damage":4,"enemies":"Giant Head","floor":41,"turns":5},{"damage":9,"enemies":"Flame Bruiser 1 Orb","floor":42,"turns":5},{"damage":65,"enemies":"2 Orb Walkers","floor":45,"turns":7},{"damage":117,"enemies":"Awakened One","floor":50,"turns":11}],"seed_played":"-1314178824249377294","potions_obtained":[{"floor":1,"key":"FairyPotion"},{"floor":14,"key":"PowerPotion"},{"floor":16,"key":"Weak Potion"},{"floor":24,"key":"Explosive Potion"},{"floor":35,"key":"EssenceOfSteel"},{"floor":37,"key":"SmokeBomb"},{"floor":45,"key":"Energy Potion"}],"is_trial":false,"path_per_floor":["M","M","$","?","?","M","M","R","T","R","$","?","R","M","R","B",null,"M","$","M","?","?","R","E","R","T","R","$","M","R","E","R","B",null,"M","?","?","T","?","R","E","M","T","R","E","?","R","$","R"],"character_chosen":"IRONCLAD","items_purchased":["Armaments","Secret Technique","Warcry","Ice Cream"],"campfire_rested":0,"item_purchase_floors":[3,11,19,48],"current_hp_per_floor":[80,77,77,77,82,85,85,85,85,85,85,68,68,62,62,52,85,83,83,81,81,81,81,82,82,82,82,82,84,84,85,85,27,85,78,68,26,26,48,66,80,77,77,88,29,29,47,47,65,0],"gold":89,"neow_bonus":"RANDOM_COMMON_RELIC","is_prod":false,"is_daily":false,"chose_seed":false,"campfire_upgraded":10,"win_rate":0,"timestamp":1534640590,"path_taken":["M","M","$","?","?","M","M","R","T","R","$","?","R","M","R","BOSS","M","$","M","?","?","R","E","R","T","R","$","?","R","E","R","BOSS","M","?","?","?","?","R","E","M","T","R","E","?","R","$","R","BOSS"],"build_version":"2018-08-16","purchased_purges":0,"victory":false,"max_hp_per_floor":[80,80,80,80,85,85,85,85,85,85,85,85,85,85,85,85,85,85,85,85,85,85,85,85,85,85,85,85,85,85,85,85,85,85,85,85,88,88,88,88,88,88,88,88,88,88,88,88,88,91],"card_choices":[{"not_picked":["Headbutt","Iron Wave"],"picked":"Metallicize","floor":1},{"not_picked":["Power Through","Headbutt"],"picked":"Shrug It Off","floor":2},{"not_picked":["Sword Boomerang","Armaments"],"picked":"Whirlwind","floor":6},{"not_picked":["Uppercut","Warcry"],"picked":"Reaper","floor":7},{"not_picked":["Rampage","Shrug It Off"],"picked":"Combust","floor":14},{"not_picked":["Feed","Limit Break"],"picked":"Demon Form","floor":16},{"not_picked":["Body Slam+1","Searing Blow"],"picked":"Sword Boomerang+1","floor":18},{"not_picked":["Blood for Blood","Headbutt"],"picked":"Twin Strike","floor":20},{"not_picked":["Wild Strike","Pommel Strike"],"picked":"Iron Wave","floor":24},{"not_picked":["Clash","Shrug It Off"],"picked":"Flame Barrier+1","floor":29},{"not_picked":["Perfected Strike","Sever Soul"],"picked":"Battle Trance","floor":31},{"not_picked":["Fiend Fire","Impervious"],"picked":"Feed","floor":33},{"not_picked":["Sentinel+1","Warcry"],"picked":"Clash+1","floor":35},{"not_picked":["Trip","Swift Strike"],"picked":"Violence","floor":36},{"not_picked":["Impatience","Enlightenment"],"picked":"Sadistic Nature","floor":36},{"not_picked":["Finesse","Secret Technique"],"picked":"Mind Blast","floor":36},{"not_picked":["Warcry+1","Cleave"],"picked":"Blood for Blood+1","floor":37},{"not_picked":["Headbutt","Twin Strike+1"],"picked":"Infernal Blade","floor":42},{"not_picked":["Burning Pact","Feed"],"picked":"Iron Wave+1","floor":45}],"player_experience":405358,"relics_obtained":[{"floor":9,"key":"Bottled Tornado"},{"floor":24,"key":"Art of War"},{"floor":26,"key":"Pen Nib"},{"floor":31,"key":"Dodecahedron"},{"floor":37,"key":"Shovel"},{"floor":38,"key":"Red Skull"},{"floor":40,"key":"Letter Opener"},{"floor":43,"key":"Gremlin Horn"},{"floor":45,"key":"Singing Bowl"},{"floor":47,"key":"Lantern"},{"floor":49,"key":"MawBank"}],"event_choices":[{"event_name":"Living Wall","player_choice":"Grow","floor":4,"damage_taken":0},{"event_name":"Big Fish","player_choice":"Donut","floor":5,"damage_taken":0},{"event_name":"Shining Light","player_choice":"Entered Light","floor":12,"damage_taken":0},{"event_name":"Drug Dealer","player_choice":"Ignored","floor":21,"damage_taken":0},{"event_name":"Masked Bandits","player_choice":"Paid Fearfully","floor":22,"damage_taken":0},{"event_name":"SensoryStone","player_choice":"Memory 3","floor":36,"damage_taken":0},{"event_name":"Mysterious Sphere","player_choice":"Fight","floor":37,"damage_taken":0},{"event_name":"Winding Halls","player_choice":"Writhe","floor":39,"damage_taken":0},{"event_name":"The Moai Head","player_choice":"Ignored","floor":46,"damage_taken":0}],"is_beta":false,"boss_relics":[{"not_picked":["Velvet Choker","Tiny House"],"picked":"Coffee Dripper"},{"not_picked":["Calling Bell","Black Star"],"picked":"Eternal Feather"}],"items_purged_floors":[],"is_endless":false,"potions_floor_spawned":[1,14,16,20,24,35,37,45],"killed_by":"Awakened One","ascension_level":4}