{"gold_per_floor":[119,133,147,172,172,172,15,15,15,30,30,43,43,62,62,163,163,183,183,13,13,13,13,40,40,67,67,78,78,78,98,98,203,203,217,317,317,1,14,14,26,44,94,94],"floor_reached":44,"playtime":2067,"items_purged":[],"score":466,"play_id":"8532b316-e98d-4763-97be-4245085db395","local_time":"20181125130856","is_ascension_mode":false,"campfire_choices":[{"data":"Neutralize","floor":6,"key":"SMITH"},{"data":"Infinite Blades","floor":11,"key":"SMITH"},{"data":"Infinite Blades","floor":13,"key":"SMITH"},{"data":"Blade Dance","floor":15,"key":"SMITH"},{"floor":23,"key":"REST"},{"floor":25,"key":"REST"},{"data":"Panache","floor":27,"key":"SMITH"},{"floor":30,"key":"REST"},{"floor":32,"key":"REST"},{"floor":40,"key":"REST"}],"neow_cost":"NONE","seed_source_timestamp":1119696969895057,"circlet_count":0,"master_deck":["Survivor","Neutralize+1","Backstab","Accuracy","Poisoned Stab","Deflect","Infinite Blades+1","Blade Dance+1","Crippling Poison+1","Infinite Blades+1","Dodge and Roll","Bane","Phantasmal Killer+1","Blade Dance","Deadly Poison","Outmaneuver","Dagger Spray","Deadly Poison","Blade Dance","Crippling Poison","Slice","Dodge and Roll","Dagger Spray+1","Panache+1","Acrobatics+1","Calculated Gamble+1","A Thousand Cuts","Masterful Stab+1","Expertise+1","Calculated Gamble+1","Crippling Poison","A Thousand Cuts","Sucker Punch","Distraction+1","Deadly Poison","Blade Dance"],"relics":["Ring of the Snake","Happy Flower","Bottled Flame","Calipers","Pandora\u0027s Box","War Paint","Paper Crane","Bag of Preparation","Astrolabe","Peace Pipe","Boot","Bronze Scales"],"potions_floor_usage":[33,44],"damage_taken":[{"damage":0,"enemies":"Cultist","floor":1,"turns":3},{"damage":0,"enemies":"2 Louse","floor":2,"turns":3},{"damage":0,"enemies":"Jaw Worm","floor":3,"turns":3},{"damage":0,"enemies":"Blue Slaver","floor":10,"turns":3},{"damage":2,"enemies":"Exordium Wildlife","floor":12,"turns":4},{"damage":0,"enemies":"2 Fungi Beasts","floor":14,"turns":3},{"damage":28,"enemies":"Hexaghost","floor":16,"turns":9},{"damage":10,"enemies":"Spheric Guardian","floor":18,"turns":4},{"damage":40,"enemies":"Slavers","floor":24,"turns":4},{"damage":6,"enemies":"Chosen","floor":28,"turns":3},{"damage":32,"enemies":"Snecko","floor":31,"turns":5},{"damage":19,"enemies":"Champ","floor":33,"turns":7},{"damage":11,"enemies":"3 Shapes","floor":35,"turns":4},{"damage":22,"enemies":"Mind Bloom Boss Battle","floor":36,"turns":5},{"damage":19,"enemies":"3 Darklings","floor":39,"turns":3},{"damage":31,"enemies":"Jaw Worm Horde","floor":41,"turns":4},{"damage":7,"enemies":"Transient","floor":42,"turns":5},{"damage":15,"enemies":"Sphere and 2 Shapes","floor":44,"turns":3}],"seed_played":"3952669697091302194","potions_obtained":[{"floor":3,"key":"SpeedPotion"},{"floor":14,"key":"Strength Potion"},{"floor":16,"key":"FearPotion"},{"floor":35,"key":"Swift Potion"}],"is_trial":false,"path_per_floor":["M","M","M","T","?","R","$","T","T","M","R","M","R","M","R","B",null,"M","?","$","?","?","R","E","R","T","R","M","?","R","M","R","B",null,"M","?","?","$","M","R","M","M","T","M"],"character_chosen":"THE_SILENT","items_purchased":["Infinite Blades","Blade Dance","Crippling Poison","Panache","A Thousand Cuts","Boot","Sucker Punch"],"campfire_rested":5,"item_purchase_floors":[7,7,7,20,38,38,38],"current_hp_per_floor":[70,70,70,70,75,75,75,75,75,75,75,73,73,73,73,45,75,65,51,51,51,43,67,27,51,51,51,45,45,69,37,61,42,80,69,47,47,47,28,51,20,13,13,0],"gold":94,"neow_bonus":"THREE_CARDS","is_prod":false,"is_daily":false,"chose_seed":false,"campfire_upgraded":5,"win_rate":0,"timestamp":1543151336,"path_taken":["M","M","M","?","?","R","?","?","T","M","R","M","R","M","R","BOSS","M","?","$","?","?","R","E","R","T","R","?","?","R","M","R","BOSS","M","?","?","$","M","R","?","M","T","M"],"build_version":"2018-11-15","purchased_purges":0,"victory":false,"max_hp_per_floor":[70,70,70,70,75,75,75,75,75,75,75,75,75,75,75,75,75,75,80,80,80,80,80,80,80,80,80,80,80,80,80,80,80,80,80,80,77,77,77,77,77,77,77,77],"card_choices":[{"not_picked":["Outmaneuver","PiercingWail"],"picked":"Backstab","floor":0},{"not_picked":["Quick Slash","Masterful Stab"],"picked":"Accuracy","floor":1},{"not_picked":["PiercingWail","Prepared"],"picked":"Poisoned Stab","floor":2},{"not_picked":["Eviscerate","Concentrate"],"picked":"Deflect","floor":3},{"not_picked":["Setup","Backstab"],"picked":"Infinite Blades","floor":10},{"not_picked":["Wraith Form v2","Endless Agony"],"picked":"Dodge and Roll","floor":12},{"not_picked":["Slice","Dagger Throw"],"picked":"Bane","floor":14},{"not_picked":["Doppelganger","Tools of the Trade"],"picked":"Phantasmal Killer","floor":16},{"not_picked":["Bouncing Flask","Dagger Throw+1"],"picked":"Dagger Spray+1","floor":18},{"not_picked":["Caltrops","Predator"],"picked":"Acrobatics","floor":24},{"not_picked":["Dagger Spray","Masterful Stab"],"picked":"Acrobatics+1","floor":28},{"not_picked":["Bouncing Flask","Heel Hook"],"picked":"Calculated Gamble+1","floor":31},{"not_picked":["Doppelganger","Night Terror"],"picked":"A Thousand Cuts","floor":33},{"not_picked":["Masterful Stab+1","Prepared"],"picked":"Calculated Gamble+1","floor":35},{"not_picked":["Dodge and Roll+1","Leg Sweep"],"picked":"Crippling Poison","floor":36},{"not_picked":["Bouncing Flask","PiercingWail+1"],"picked":"Distraction+1","floor":39},{"not_picked":["Expertise+1","Dodge and Roll+1"],"picked":"Deadly Poison","floor":41},{"not_picked":["Endless Agony","Bane"],"picked":"Blade Dance","floor":42}],"player_experience":756394,"relics_obtained":[{"floor":4,"key":"Happy Flower"},{"floor":8,"key":"Bottled Flame"},{"floor":9,"key":"Calipers"},{"floor":24,"key":"Paper Crane"},{"floor":26,"key":"Bag of Preparation"},{"floor":36,"key":"Peace Pipe"},{"floor":43,"key":"Bronze Scales"}],"event_choices":[{"damage_healed":0,"gold_gain":0,"player_choice":"Donut","damage_taken":0,"max_hp_gain":5,"max_hp_loss":0,"event_name":"Big Fish","floor":5,"gold_loss":0},{"damage_healed":0,"gold_gain":0,"player_choice":"Shed Blood","damage_taken":19,"max_hp_gain":5,"max_hp_loss":0,"event_name":"Forgotten Altar","floor":19,"gold_loss":0},{"damage_healed":0,"gold_gain":0,"player_choice":"Stole Relic","damage_taken":0,"relics_obtained":["War Paint"],"max_hp_gain":0,"max_hp_loss":0,"event_name":"Addict","floor":21,"gold_loss":0,"cards_obtained":["Shame"]},{"damage_healed":0,"gold_gain":0,"player_choice":"","damage_taken":8,"max_hp_gain":0,"max_hp_loss":0,"event_name":"Knowing Skull","floor":22,"potions_obtained":[],"gold_loss":0,"cards_obtained":[]},{"damage_healed":0,"gold_gain":0,"player_choice":"Ignored","damage_taken":0,"max_hp_gain":0,"max_hp_loss":0,"event_name":"Ghosts","floor":29,"gold_loss":0},{"damage_healed":0,"gold_gain":0,"player_choice":"Fight","damage_taken":0,"max_hp_gain":0,"max_hp_loss":0,"event_name":"MindBloom","floor":36,"gold_loss":0},{"cards_removed":["Parasite"],"damage_healed":0,"gold_gain":0,"player_choice":"Removed Curses","damage_taken":0,"max_hp_gain":0,"max_hp_loss":0,"event_name":"Fountain of Cleansing","floor":37,"gold_loss":0}],"is_beta":false,"boss_relics":[{"not_picked":["Busted Crown","Coffee Dripper"],"picked":"Pandora\u0027s Box"},{"not_picked":["Runic Pyramid","Sozu"],"picked":"Astrolabe"}],"items_purged_floors":[],"is_endless":false,"potions_floor_spawned":[3,14,16,31,35,36],"killed_by":"Sphere and 2 Shapes","ascension_level":0}