{"gold_per_floor":[117,136,151,151,168,168,179,179,179,199,199,214,214,233,233,338,338,354,22,22,37,56,56,68,68,91,91,109,109,124,124,124,124],"floor_reached":33,"playtime":1849,"items_purged":["Strike_B"],"score":243,"play_id":"da21bd4f-f9d3-4311-8e65-6b1c9b112741","local_time":"20180721093036","is_ascension_mode":false,"campfire_choices":[{"data":"Zap","floor":6,"key":"SMITH"},{"data":"Dualcast","floor":11,"key":"SMITH"},{"data":"Defend_B","floor":13,"key":"SMITH"},{"data":"Defend_B","floor":15,"key":"SMITH"},{"floor":23,"key":"REST"},{"floor":25,"key":"REST"},{"floor":27,"key":"REST"},{"floor":29,"key":"REST"},{"floor":32,"key":"REST"}],"neow_cost":"NONE","seed_source_timestamp":1855436903223414,"circlet_count":0,"master_deck":["Strike_B","Strike_B","Defend_B+1","Defend_B+1","Defend_B","Defend_B+1","Zap+1","Dualcast+1","Injury"],"relics":["Cracked Core","Bottled Lightning","Busted Crown","Mercury Hourglass","DataDisk"],"potions_floor_usage":[2,16,16,16,16,16,16,18,24,24,28,33,33],"damage_taken":[{"damage":0,"enemies":"Cultist","floor":1,"turns":3},{"damage":0,"enemies":"2 Louse","floor":2,"turns":2},{"damage":12,"enemies":"Jaw Worm","floor":3,"turns":4},{"damage":2,"enemies":"Blue Slaver","floor":5,"turns":4},{"damage":6,"enemies":"Lots of Slimes","floor":7,"turns":5},{"damage":0,"enemies":"3 Louse","floor":10,"turns":4},{"damage":3,"enemies":"2 Fungi Beasts","floor":12,"turns":3},{"damage":0,"enemies":"Red Slaver","floor":14,"turns":3},{"damage":61,"enemies":"Hexaghost","floor":16,"turns":13},{"damage":25,"enemies":"3 Byrds","floor":18,"turns":6},{"damage":11,"enemies":"Spheric Guardian","floor":21,"turns":4},{"damage":20,"enemies":"Snake Plant","floor":22,"turns":4},{"damage":17,"enemies":"Slaver and Parasite","floor":24,"turns":9},{"damage":15,"enemies":"Chosen and Byrds","floor":28,"turns":5},{"damage":8,"enemies":"Snake Plant","floor":30,"turns":4},{"damage":62,"enemies":"Champ","floor":33,"turns":12}],"seed_played":"-928984918745937283","potions_obtained":[{"floor":5,"key":"Regen Potion"},{"floor":16,"key":"SteroidPotion"},{"floor":18,"key":"Explosive Potion"},{"floor":22,"key":"Block Potion"},{"floor":24,"key":"SkillPotion"}],"is_trial":false,"path_per_floor":["M","M","M","?","M","R","M","?","T","M","R","M","R","M","R","B",null,"M","$","?","M","M","R","M","R","T","R","M","R","M","?","R"],"character_chosen":"DEFECT","items_purchased":["Mercury Hourglass"],"campfire_rested":5,"item_purchase_floors":[19],"current_hp_per_floor":[75,75,63,63,61,61,55,55,55,55,55,52,52,52,52,6,75,50,50,50,39,19,41,24,46,46,68,53,75,67,39,61,0],"gold":124,"neow_bonus":"THREE_SMALL_POTIONS","is_prod":false,"is_daily":false,"chose_seed":false,"campfire_upgraded":4,"win_rate":0,"timestamp":1532161836,"path_taken":["M","?","M","?","M","R","M","?","T","M","R","M","R","M","R","BOSS","M","$","?","M","M","R","M","R","T","R","M","R","M","?","R","BOSS"],"build_version":"2018-07-19v2","purchased_purges":1,"victory":false,"max_hp_per_floor":[75,75,75,75,75,75,75,75,75,75,75,75,75,75,75,75,75,75,75,75,75,75,75,75,75,75,75,75,75,75,75,75,75],"card_choices":[{"not_picked":["Storm","Lockon","Barrage"],"picked":"SKIP","floor":1},{"not_picked":["Ball Lightning","Sweeping Beam","Steam"],"picked":"SKIP","floor":2},{"not_picked":["Turbo","Compile Driver","Sweeping Beam"],"picked":"SKIP","floor":3},{"not_picked":["Coolheaded","Cold Snap","Sweeping Beam"],"picked":"SKIP","floor":5},{"not_picked":["FTL","Consume","Gash"],"picked":"SKIP","floor":7},{"not_picked":["Hello World","Cold Snap","Tempest"],"picked":"SKIP","floor":10},{"not_picked":["Static Discharge","Streamline","Consume"],"picked":"SKIP","floor":12},{"not_picked":["Steam","Doom and Gloom","Barrage"],"picked":"SKIP","floor":14},{"not_picked":["Steam"],"picked":"SKIP","floor":18},{"not_picked":["Gash"],"picked":"SKIP","floor":21},{"not_picked":["Conserve Battery"],"picked":"SKIP","floor":22},{"not_picked":["Static Discharge"],"picked":"SKIP","floor":24},{"not_picked":["Sweeping Beam"],"picked":"SKIP","floor":28},{"not_picked":["Stack"],"picked":"SKIP","floor":30}],"player_experience":143187,"relics_obtained":[{"floor":9,"key":"Bottled Lightning"},{"floor":26,"key":"DataDisk"}],"event_choices":[{"event_name":"Bonfire Elementals","player_choice":"BASIC","floor":4,"damage_taken":0},{"event_name":"The Woman in Blue","player_choice":"Bought 0 Potions","floor":8,"damage_taken":0},{"event_name":"Accursed Blacksmith","player_choice":"Forge","floor":20,"damage_taken":0},{"event_name":"Knowing Skull","player_choice":"POTION POTION POTION ","floor":31,"damage_taken":0}],"is_beta":false,"boss_relics":[{"not_picked":["Pandora\u0027s Box","Nuclear Battery"],"picked":"Busted Crown"}],"items_purged_floors":[19],"is_endless":false,"potions_floor_spawned":[1,5,10,14,16,18,22,24],"killed_by":"Champ","ascension_level":0}