{"gold_per_floor":[111,125,125,138,60,95,95,126,208,226,226,237,237,251,251,352,352,367,282,282,296,315,345,21,35,88,88,114,46,57,69,69,167,167,186,186,40,95,95,95,110,143,143,162,162,173,173,184,184,184,184,184,105,137,137],"floor_reached":56,"playtime":6536,"items_purged":[],"score":1379,"play_id":"d66150aa-cb7a-4707-8bde-47ae3fd6bf50","local_time":"20190329194429","is_ascension_mode":false,"campfire_choices":[{"floor":7,"key":"REST"},{"data":"Defragment","floor":11,"key":"SMITH"},{"data":"Chill","floor":13,"key":"SMITH"},{"floor":15,"key":"REST"},{"floor":27,"key":"REST"},{"data":"Fission","floor":32,"key":"SMITH"},{"data":"Storm","floor":40,"key":"SMITH"},{"floor":47,"key":"RECALL"},{"data":"Heatsinks","floor":49,"key":"SMITH"},{"data":"Fission","floor":52,"key":"SMITH"}],"neow_cost":"NONE","seed_source_timestamp":2004911430139437,"circlet_count":0,"master_deck":["Zap","Dualcast+1","Sweeping Beam","Turbo","Static Discharge","Chill+1","Capacitor","Beam Cell","Defragment+1","Barrage","Coolheaded","Cold Snap","Echo Form","Go for the Eyes","Heatsinks+1","Gash","Thunder Strike","Chill","Creative AI","Undo","Redo+1","Sweeping Beam+1","Fission+1","Seek+1","Aggregate","Redo+1","Barrage","Turbo","Storm+1","Amplify","Storm+1","Madness","Madness","Fission+1","Conserve Battery+1","Consume","Hello World","Master of Strategy","Sweeping Beam+1","Capacitor","Storm","Hello World+1"],"relics":["Cracked Core","Bronze Scales","Ice Cream","PreservedInsect","Bottled Tornado","Pandora\u0027s Box","Ornamental Fan","Happy Flower","Bottled Lightning","War Paint","Mummified Hand","Black Star","Girya","Kunai","Molten Egg 2","Strawberry","Sundial"],"potions_floor_usage":[23,25,38,55,55],"damage_taken":[{"damage":1,"enemies":"Jaw Worm","floor":1,"turns":3},{"damage":1,"enemies":"2 Louse","floor":2,"turns":2},{"damage":0,"enemies":"Small Slimes","floor":4,"turns":2},{"damage":35,"enemies":"Gremlin Nob","floor":6,"turns":5},{"damage":12,"enemies":"3 Sentries","floor":8,"turns":6},{"damage":1,"enemies":"2 Fungi Beasts","floor":10,"turns":3},{"damage":15,"enemies":"Blue Slaver","floor":12,"turns":2},{"damage":8,"enemies":"Red Slaver","floor":14,"turns":3},{"damage":5,"enemies":"Slime Boss","floor":16,"turns":12},{"damage":17,"enemies":"Chosen","floor":18,"turns":5},{"damage":0,"enemies":"Shell Parasite","floor":21,"turns":6},{"damage":0,"enemies":"Cultist and Chosen","floor":22,"turns":7},{"damage":6,"enemies":"Slavers","floor":23,"turns":2},{"damage":12,"enemies":"Snake Plant","floor":25,"turns":4},{"damage":0,"enemies":"Gremlin Leader","floor":28,"turns":6},{"damage":1,"enemies":"Shelled Parasite and Fungi","floor":30,"turns":3},{"damage":0,"enemies":"3 Cultists","floor":31,"turns":2},{"damage":0,"enemies":"Automaton","floor":33,"turns":5},{"damage":6,"enemies":"3 Darklings","floor":35,"turns":2},{"damage":11,"enemies":"2 Orb Walkers","floor":38,"turns":3},{"damage":0,"enemies":"Orb Walker","floor":41,"turns":2},{"damage":0,"enemies":"Giant Head","floor":42,"turns":3},{"damage":3,"enemies":"3 Darklings","floor":44,"turns":2},{"damage":12,"enemies":"Spire Growth","floor":46,"turns":2},{"damage":0,"enemies":"4 Shapes","floor":48,"turns":1},{"damage":0,"enemies":"Awakened One","floor":50,"turns":4},{"damage":0,"enemies":"Shield and Spear","floor":54,"turns":2},{"damage":27,"enemies":"The Heart","floor":55,"turns":5}],"seed_played":"-2920008980730566596","potions_obtained":[{"floor":2,"key":"PowerPotion"},{"floor":4,"key":"FocusPotion"},{"floor":14,"key":"FairyPotion"},{"floor":25,"key":"Strength Potion"},{"floor":30,"key":"Weak Potion"},{"floor":41,"key":"EssenceOfSteel"},{"floor":46,"key":"FocusPotion"}],"is_trial":false,"path_per_floor":["M","M","?","M","$","E","R","E","T","M","R","M","R","M","R","B",null,"M","?","?","M","M","E","$","M","T","R","E","$","M","M","R","B",null,"M","?","$","?","?","R","M","E","T","M","?","M","R","M","R","B",null,"R","$","E","B",null],"character_chosen":"DEFECT","items_purchased":["Capacitor","Bottled Lightning","Aggregate","Barrage","Turbo","Fission","Storm"],"campfire_rested":3,"item_purchase_floors":[5,24,24,29,29,37,53],"current_hp_per_floor":[74,73,73,73,73,38,60,48,48,47,47,32,32,24,46,41,75,58,58,58,58,58,52,52,40,40,62,62,62,61,61,61,61,75,69,60,60,49,49,49,49,49,49,46,46,34,34,34,34,34,75,75,75,82,55],"gold":137,"neow_bonus":"RANDOM_COMMON_RELIC","is_prod":false,"is_daily":false,"chose_seed":false,"campfire_upgraded":6,"win_rate":0,"timestamp":1553888669,"path_taken":["M","M","?","M","$","E","R","E","T","M","R","M","R","M","R","BOSS","M","?","?","M","M","E","$","M","T","R","E","?","M","M","R","BOSS","M","?","$","?","?","R","M","E","T","M","?","?","R","M","R","BOSS","R","$","E","BOSS"],"build_version":"2019-01-23","purchased_purges":0,"victory":true,"max_hp_per_floor":[75,75,75,75,75,75,75,75,75,75,75,75,75,75,75,75,75,75,75,75,75,75,75,75,75,75,75,75,75,75,75,75,75,75,75,75,75,75,75,75,75,75,75,75,75,75,75,75,75,75,75,75,75,82,82],"card_choices":[{"not_picked":["Streamline","Scrape"],"picked":"Sweeping Beam","floor":1},{"not_picked":["Stack","Streamline"],"picked":"Turbo","floor":2},{"not_picked":["Compile Driver","Heatsinks"],"picked":"Chill","floor":4},{"not_picked":["Gash","Rebound"],"picked":"Beam Cell","floor":6},{"not_picked":["Capacitor","White Noise"],"picked":"Defragment","floor":8},{"not_picked":["Multi-Cast","Coolheaded"],"picked":"Barrage","floor":10},{"not_picked":["Scrape","Beam Cell"],"picked":"Coolheaded","floor":12},{"not_picked":["Tempest","Go for the Eyes"],"picked":"Cold Snap","floor":14},{"not_picked":["Meteor Strike","Buffer"],"picked":"Echo Form","floor":16},{"not_picked":["Steam","Compile Driver"],"picked":"Redo+1","floor":18},{"not_picked":["Compile Driver","Ball Lightning"],"picked":"Sweeping Beam+1","floor":21},{"not_picked":["Self Repair","Reprogram"],"picked":"Fission","floor":22},{"not_picked":["Conserve Battery+1","Sweeping Beam"],"picked":"Seek","floor":23},{"not_picked":["Skim","Conserve Battery"],"picked":"Redo+1","floor":25},{"not_picked":["Rainbow","Ball Lightning+1","Fusion"],"picked":"SKIP","floor":28},{"not_picked":["Redo","Barrage+1"],"picked":"Storm+1","floor":30},{"not_picked":["Rebound","Stack"],"picked":"Go for the Eyes+1","floor":31},{"not_picked":["Creative AI","Core Surge"],"picked":"Amplify","floor":33},{"not_picked":["Capacitor+1","Stack+1"],"picked":"Storm","floor":35},{"not_picked":["Chaos+1","Steam"],"picked":"Conserve Battery+1","floor":38},{"not_picked":["Streamline+1","Barrage+1"],"picked":"Consume","floor":41},{"not_picked":["Redo","Darkness+1","Recycle"],"picked":"SKIP","floor":42},{"not_picked":["Stack","Recycle"],"picked":"Hello World","floor":44},{"not_picked":["Discovery","Purity"],"picked":"Master of Strategy","floor":45},{"not_picked":["Streamline+1","Rebound+1"],"picked":"Sweeping Beam+1","floor":46},{"not_picked":["Recycle+1","Conserve Battery"],"picked":"Capacitor","floor":48},{"not_picked":["Self Repair","Rainbow"],"picked":"Hello World+1","floor":54}],"player_experience":1097538,"relics_obtained":[{"floor":6,"key":"Ice Cream"},{"floor":8,"key":"PreservedInsect"},{"floor":9,"key":"Bottled Tornado"},{"floor":23,"key":"Happy Flower"},{"floor":26,"key":"War Paint"},{"floor":28,"key":"Mummified Hand"},{"floor":38,"key":"Girya"},{"floor":42,"key":"Kunai"},{"floor":42,"key":"Molten Egg 2"},{"floor":54,"key":"Strawberry"},{"floor":54,"key":"Sundial"}],"event_choices":[{"damage_healed":0,"gold_gain":0,"cards_transformed":["Strike_B"],"player_choice":"Change","damage_taken":0,"max_hp_gain":0,"max_hp_loss":0,"event_name":"Living Wall","floor":3,"gold_loss":0,"cards_obtained":["Static Discharge"]},{"damage_healed":0,"gold_gain":0,"player_choice":"Obtained Relic","damage_taken":0,"relics_obtained":["Ornamental Fan"],"max_hp_gain":0,"max_hp_loss":0,"event_name":"Addict","floor":19,"gold_loss":85},{"damage_healed":0,"gold_gain":0,"player_choice":"Ignored","damage_taken":0,"max_hp_gain":0,"max_hp_loss":0,"event_name":"Vampires","floor":20,"gold_loss":0},{"damage_healed":0,"gold_gain":0,"player_choice":"Embrace Madness","damage_taken":9,"max_hp_gain":0,"max_hp_loss":0,"event_name":"Winding Halls","floor":36,"gold_loss":0,"cards_obtained":["Madness","Madness"]},{"damage_healed":0,"gold_gain":0,"player_choice":"Fight","damage_taken":0,"max_hp_gain":0,"max_hp_loss":0,"event_name":"Mysterious Sphere","floor":38,"gold_loss":0},{"cards_removed":["Go for the Eyes"],"damage_healed":0,"gold_gain":0,"player_choice":"Removed Attack","damage_taken":0,"max_hp_gain":0,"max_hp_loss":0,"event_name":"Falling","floor":39,"gold_loss":0},{"damage_healed":0,"gold_gain":0,"player_choice":"Memory 1","damage_taken":0,"max_hp_gain":0,"max_hp_loss":0,"event_name":"SensoryStone","floor":45,"gold_loss":0}],"is_beta":false,"boss_relics":[{"not_picked":["Ectoplasm","Astrolabe"],"picked":"Pandora\u0027s Box"},{"not_picked":["Velvet Choker","Fusion Hammer"],"picked":"Black Star"}],"items_purged_floors":[],"is_endless":false,"potions_floor_spawned":[2,4,14,25,30,41,44,46,54],"ascension_level":0}