{"gold_per_floor":[116,129,129,201,217,217,217,217,217,235,247,247,262,262,262,357,357,371,371,371,371,131,131,166,166,166,183,183,203,216,235,235,235],"floor_reached":33,"playtime":1873,"items_purged":[],"score":282,"play_id":"e89cd249-12de-41c8-95db-e5b10ec11183","local_time":"20180802015823","is_ascension_mode":false,"campfire_choices":[{"data":"Anger","floor":6,"key":"SMITH"},{"data":"Anger","floor":12,"key":"SMITH"},{"data":"Whirlwind","floor":15,"key":"SMITH"},{"data":"Apotheosis","floor":23,"key":"SMITH"},{"data":"Flex","floor":25,"key":"SMITH"},{"data":"Reaper","floor":28,"key":"SMITH"},{"floor":32,"key":"REST"}],"neow_cost":"NONE","seed_source_timestamp":2865078632427557,"circlet_count":0,"master_deck":["Strike_R+1","Strike_R+1","Strike_R+1","Strike_R+1","Defend_R+1","Defend_R+1","Defend_R+1","Defend_R+1","Bash","Anger+1","Heavy Blade+1","Warcry","Cleave","Anger+1","Sword Boomerang","Whirlwind+1","Reaper+1","Flex+1","Apotheosis+1","Heavy Blade","Pummel","Metallicize+1","Flame Barrier","Demon Form"],"relics":["Burning Blood","Unceasing Top","Sozu","Pear","Peace Pipe"],"potions_floor_usage":[11,16],"damage_taken":[{"damage":17,"enemies":"Small Slimes","floor":1,"turns":4},{"damage":0,"enemies":"Cultist","floor":2,"turns":3},{"damage":0,"enemies":"2 Louse","floor":5,"turns":2},{"damage":5,"enemies":"Looter","floor":10,"turns":4},{"damage":7,"enemies":"Large Slime","floor":11,"turns":4},{"damage":16,"enemies":"Exordium Wildlife","floor":13,"turns":4},{"damage":81,"enemies":"The Guardian","floor":16,"turns":15},{"damage":0,"enemies":"Chosen","floor":18,"turns":4},{"damage":44,"enemies":"Slavers","floor":24,"turns":5},{"damage":14,"enemies":"Shell Parasite","floor":27,"turns":3},{"damage":42,"enemies":"Snake Plant","floor":29,"turns":4},{"damage":21,"enemies":"Cultist and Chosen","floor":30,"turns":7},{"damage":12,"enemies":"3 Cultists","floor":31,"turns":3},{"damage":73,"enemies":"Automaton","floor":33,"turns":6}],"seed_played":"2125340501605094777","potions_obtained":[{"floor":2,"key":"AttackPotion"},{"floor":11,"key":"LiquidBronze"},{"floor":13,"key":"FairyPotion"}],"is_trial":false,"path_per_floor":["M","M","?","?","M","R","?","?","T","M","M","R","M","?","R","B",null,"M","?","?","?","$","R","E","R","T","M","R","M","M","M","R"],"character_chosen":"IRONCLAD","items_purchased":["Apotheosis","Heavy Blade"],"campfire_rested":1,"item_purchase_floors":[22,22],"current_hp_per_floor":[77,83,83,83,88,88,88,88,88,88,87,87,77,77,77,10,88,88,88,88,88,88,88,60,60,60,52,52,16,10,19,48,0],"gold":235,"neow_bonus":"TEN_PERCENT_HP_BONUS","is_prod":false,"is_daily":false,"chose_seed":false,"campfire_upgraded":6,"win_rate":0,"timestamp":1533171503,"path_taken":["M","M","?","?","M","R","?","?","T","M","M","R","M","?","R","BOSS","M","?","?","?","$","R","E","R","T","?","R","M","M","M","R","BOSS"],"build_version":"2018-07-26","purchased_purges":0,"victory":false,"max_hp_per_floor":[88,88,88,88,88,88,88,88,88,88,88,88,88,88,88,88,88,88,88,88,88,88,88,98,98,98,98,98,98,98,98,98,98],"card_choices":[{"not_picked":["Shrug It Off","True Grit"],"picked":"Anger","floor":1},{"not_picked":["Burning Pact","Havoc"],"picked":"Heavy Blade","floor":2},{"not_picked":["Twin Strike","Sword Boomerang"],"picked":"Cleave","floor":5},{"not_picked":["True Grit","Bloodletting"],"picked":"Anger","floor":10},{"not_picked":["Wild Strike","Offering"],"picked":"Sword Boomerang","floor":11},{"not_picked":["Rupture","Perfected Strike"],"picked":"Whirlwind","floor":13},{"not_picked":["Fiend Fire","Berserk"],"picked":"Reaper","floor":16},{"not_picked":["Clash+1","Reckless Charge"],"picked":"Flex","floor":18},{"not_picked":["Double Tap","Clash"],"picked":"Pummel","floor":24},{"not_picked":["Sentinel+1","Headbutt"],"picked":"Metallicize+1","floor":27},{"not_picked":["Entrench","Twin Strike+1"],"picked":"Flame Barrier","floor":29},{"not_picked":["Wild Strike+1","Armaments","Bloodletting+1"],"picked":"SKIP","floor":30},{"not_picked":["Perfected Strike","Twin Strike"],"picked":"Demon Form","floor":31}],"player_experience":280282,"relics_obtained":[{"floor":9,"key":"Unceasing Top"},{"floor":24,"key":"Pear"},{"floor":26,"key":"Peace Pipe"}],"event_choices":[{"event_name":"Transmorgrifier","player_choice":"Transform","floor":3,"damage_taken":0},{"event_name":"Golden Wing","player_choice":"Gained Gold","floor":4,"damage_taken":0},{"event_name":"Living Wall","player_choice":"Grow","floor":7,"damage_taken":0},{"event_name":"Liars Game","player_choice":"disagreed","floor":8,"damage_taken":0},{"event_name":"Golden Idol","player_choice":"Ignored","floor":14,"damage_taken":0},{"event_name":"Ghosts","player_choice":"Ignored","floor":19,"damage_taken":0},{"event_name":"The Woman in Blue","player_choice":"Bought 0 Potions","floor":20,"damage_taken":0},{"event_name":"Back to Basics","player_choice":"Simplicity","floor":21,"damage_taken":0}],"is_beta":false,"boss_relics":[{"not_picked":["Mark of Pain","Black Star"],"picked":"Sozu"}],"items_purged_floors":[],"is_endless":false,"potions_floor_spawned":[2,11,13,27,30],"killed_by":"Automaton","ascension_level":0}