{"gold_per_floor":[112,37,37,47,61,61,79,79,79,89,102,117,117,131,131,229,229,242,254,353,353],"floor_reached":21,"playtime":1175,"items_purged":["Strike_B"],"score":175,"play_id":"69dcba4e-1137-4bcc-8c11-e349da208107","local_time":"20180726000338","is_ascension_mode":false,"campfire_choices":[{"data":"Zap","floor":6,"key":"SMITH"},{"data":"Dualcast","floor":8,"key":"SMITH"},{"data":"Defend_B","floor":13,"key":"SMITH"},{"data":"Defend_B","floor":15,"key":"SMITH"}],"neow_cost":"NONE","seed_source_timestamp":2254091110401459,"circlet_count":0,"master_deck":["Strike_B","Strike_B","Strike_B","Defend_B+1","Defend_B+1","Defend_B","Defend_B","Zap+1","Dualcast+1"],"relics":["FrozenCore","Orichalcum","Girya"],"potions_floor_usage":[14,16,16],"damage_taken":[{"damage":0,"enemies":"Cultist","floor":1,"turns":4},{"damage":2,"enemies":"Small Slimes","floor":4,"turns":2},{"damage":1,"enemies":"Jaw Worm","floor":5,"turns":3},{"damage":4,"enemies":"Looter","floor":7,"turns":3},{"damage":1,"enemies":"Blue Slaver","floor":10,"turns":2},{"damage":5,"enemies":"Red Slaver","floor":11,"turns":3},{"damage":0,"enemies":"Gremlin Gang","floor":12,"turns":5},{"damage":7,"enemies":"2 Fungi Beasts","floor":14,"turns":5},{"damage":65,"enemies":"Hexaghost","floor":16,"turns":16},{"damage":24,"enemies":"Chosen","floor":18,"turns":8},{"damage":0,"enemies":"Spheric Guardian","floor":19,"turns":8},{"damage":84,"enemies":"Cultist and Chosen","floor":21,"turns":6}],"seed_played":"-2895239128948290619","potions_obtained":[{"floor":4,"key":"Dexterity Potion"},{"floor":5,"key":"Dexterity Potion"},{"floor":10,"key":"Explosive Potion"},{"floor":12,"key":"Regen Potion"},{"floor":18,"key":"FairyPotion"}],"is_trial":false,"path_per_floor":["M","$","?","M","M","R","M","R","T","M","M","M","R","M","R","B",null,"M","M","?"],"character_chosen":"DEFECT","items_purchased":[],"campfire_rested":0,"item_purchase_floors":[],"current_hp_per_floor":[75,75,75,73,72,72,68,68,68,67,62,62,62,67,67,2,75,51,51,51,0],"gold":353,"neow_bonus":"RANDOM_COMMON_RELIC","is_prod":false,"is_daily":false,"chose_seed":false,"campfire_upgraded":4,"win_rate":0,"timestamp":1532559818,"path_taken":["M","$","?","M","M","R","M","R","T","?","M","M","R","M","R","BOSS","M","M","?","M"],"build_version":"2018-07-19v2","purchased_purges":1,"victory":false,"max_hp_per_floor":[75,75,75,75,75,75,75,75,75,75,75,75,75,75,75,75,75,75,75,75,75],"card_choices":[{"not_picked":["Coolheaded","Barrage","Compile Driver"],"picked":"SKIP","floor":1},{"not_picked":["Leap","Undo","Rebound"],"picked":"SKIP","floor":4},{"not_picked":["Tempest","Chaos","Blizzard"],"picked":"SKIP","floor":5},{"not_picked":["Leap","Genetic Algorithm","Doom and Gloom"],"picked":"SKIP","floor":7},{"not_picked":["Compile Driver","Amplify","Rip and Tear"],"picked":"SKIP","floor":10},{"not_picked":["Streamline","Reinforced Body","Loop"],"picked":"SKIP","floor":11},{"not_picked":["Sweeping Beam","Self Repair","FTL"],"picked":"SKIP","floor":12},{"not_picked":["Steam","Gash","Compile Driver"],"picked":"SKIP","floor":14},{"not_picked":["Steam","Stack","Go for the Eyes"],"picked":"SKIP","floor":18},{"not_picked":["Gash","Rebound","Beam Cell+1"],"picked":"SKIP","floor":19}],"player_experience":227933,"relics_obtained":[{"floor":9,"key":"Girya"}],"event_choices":[{"event_name":"Match and Keep!","player_choice":"0 cards matched","floor":3,"damage_taken":0},{"event_name":"Nest","player_choice":"Stole From Cult","floor":20,"damage_taken":0}],"is_beta":false,"boss_relics":[{"not_picked":["Black Star","Cursed Key"],"picked":"FrozenCore"}],"items_purged_floors":[2],"is_endless":false,"potions_floor_spawned":[4,5,10,12,18],"killed_by":"Cultist and Chosen","ascension_level":0}