{"gold_per_floor":[110,128,140,159,172,172,202,212,212,212,237,253,287,300,300,300,300,300,25,25,25,25,25,25,25,25,25,25,25,25,25,25,25,25,25,25,25,25,25,25,25,25,25,25,25,25,25,25,25,25,25,25,25,25,25],"floor_reached":55,"playtime":3513,"items_purged":["Strike_B"],"score":2059,"play_id":"c5596546-a0a7-4b2a-8cad-3b2cd0a506d9","local_time":"20190329220442","is_ascension_mode":true,"campfire_choices":[{"data":"Defragment","floor":6.0,"key":"SMITH"},{"floor":10.0,"key":"REST"},{"floor":15.0,"key":"REST"},{"data":"Self Repair","floor":24.0,"key":"SMITH"},{"data":"Hologram","floor":29.0,"key":"SMITH"},{"data":"Hologram","floor":32.0,"key":"SMITH"},{"data":"Seek","floor":40.0,"key":"SMITH"},{"data":"Coolheaded","floor":42.0,"key":"SMITH"},{"data":"Steam","floor":45.0,"key":"SMITH"},{"floor":47.0,"key":"RECALL"},{"data":"Reinforced Body","floor":49.0,"key":"SMITH"},{"data":"Reboot","floor":53,"key":"SMITH"}],"neow_cost":"NONE","seed_source_timestamp":0,"circlet_count":0,"master_deck":["AscendersBane","Strike_B","Strike_B","Defend_B","Defend_B","Defend_B","Defend_B","Zap","Dualcast","Defragment+1","Ball Lightning","Cold Snap","BootSequence","Cold Snap","White Noise","Sunder+1","Hologram+1","FTL+1","Reinforced Body+1","Self Repair+1","Hologram+1","Ball Lightning+1","BootSequence+1","Writhe","Reboot+1","Gash+1","Glacier","Seek+1","Coolheaded+1","Steam+1","Gash+1","Master of Strategy","PanicButton","Dark Shackles","Loop+1","Stack+1","White Noise"],"special_seed":0,"relics":["Cracked Core","Oddly Smooth Stone","Molten Egg 2","Kunai","Darkstone Periapt","Juzu Bracelet","Ectoplasm","Bag of Preparation","Shuriken","Lantern","Letter Opener","The Courier","MutagenicStrength","Coffee Dripper","Orichalcum","Vajra","Turnip"],"potions_floor_usage":[],"damage_taken":[{"damage":6.0,"enemies":"Cultist","floor":1.0,"turns":3.0},{"damage":1.0,"enemies":"Jaw Worm","floor":2.0,"turns":3.0},{"damage":3.0,"enemies":"2 Louse","floor":3.0,"turns":3.0},{"damage":7.0,"enemies":"Blue Slaver","floor":4.0,"turns":4.0},{"damage":3.0,"enemies":"Red Slaver","floor":5.0,"turns":3.0},{"damage":8.0,"enemies":"Lagavulin","floor":7.0,"turns":6.0},{"damage":0.0,"enemies":"Large Slime","floor":8.0,"turns":6.0},{"damage":12.0,"enemies":"3 Sentries","floor":11.0,"turns":5.0},{"damage":0.0,"enemies":"3 Louse","floor":12.0,"turns":3.0},{"damage":32.0,"enemies":"Gremlin Nob","floor":13.0,"turns":4.0},{"damage":12.0,"enemies":"2 Fungi Beasts","floor":14.0,"turns":4.0},{"damage":14.0,"enemies":"Slime Boss","floor":16.0,"turns":10.0},{"damage":0.0,"enemies":"Spheric Guardian","floor":18.0,"turns":4.0},{"damage":8.0,"enemies":"Chosen","floor":20.0,"turns":5.0},{"damage":14.0,"enemies":"Snake Plant","floor":21.0,"turns":5.0},{"damage":2.0,"enemies":"Slavers","floor":23.0,"turns":4.0},{"damage":0.0,"enemies":"Gremlin Leader","floor":25.0,"turns":6.0},{"damage":24.0,"enemies":"Shelled Parasite and Fungi","floor":27.0,"turns":6.0},{"damage":55.0,"enemies":"Automaton","floor":33.0,"turns":12.0},{"damage":0.0,"enemies":"3 Shapes","floor":35.0,"turns":4.0},{"damage":0.0,"enemies":"Orb Walker","floor":37.0,"turns":4.0},{"damage":18.0,"enemies":"Transient","floor":39.0,"turns":6.0},{"damage":6.0,"enemies":"Reptomancer","floor":41.0,"turns":6.0},{"damage":14.0,"enemies":"Nemesis","floor":44.0,"turns":7.0},{"damage":0.0,"enemies":"Giant Head","floor":46.0,"turns":10.0},{"damage":4.0,"enemies":"4 Shapes","floor":48.0,"turns":4.0},{"damage":5.0,"enemies":"Donu and Deca","floor":50.0,"turns":11.0},{"damage":16,"enemies":"Time Eater","floor":51,"turns":31},{"damage":87,"enemies":"Shield and Spear","floor":55,"turns":9}],"seed_played":"6650013591445096395","potions_obtained":[{"floor":3.0,"key":"GamblersBrew"},{"floor":5.0,"key":"Energy Potion"},{"floor":7.0,"key":"Regen Potion"},{"floor":18.0,"key":"Explosive Potion"},{"floor":20.0,"key":"Swift Potion"},{"floor":23.0,"key":"Weak Potion"},{"floor":35.0,"key":"AttackPotion"},{"floor":39.0,"key":"GamblersBrew"}],"is_trial":false,"path_per_floor":["M","M","M","M","M","R","E","M","T","R","E","M","E","M","R","B",null,"M","$","M","M","?","E","R","E","T","M","?","R","?","?","R","B",null,"M","?","M","?","M","R","E","R","T","E","R","E","R","M","R","B","B",null,"R","$","E"],"character_chosen":"DEFECT","items_purchased":["Bag of Preparation","Hologram"],"campfire_rested":2,"item_purchase_floors":[19,19],"current_hp_per_floor":[58,57,54,47,44,44,36,51,51,71,59,59,27,15,36,22,59,59,59,58,51,57,62,62,72,72,58,58,58,58,58,58,13,61,77,77,77,67,59,59,53,53,53,49,49,59,59,65,65,77,77,77,77,77,0],"gold":25,"neow_bonus":"RANDOM_COMMON_RELIC","is_prod":false,"is_daily":false,"chose_seed":false,"campfire_upgraded":9,"win_rate":0,"timestamp":1553911482,"path_taken":["M","M","M","?","M","R","E","M","T","R","E","M","E","M","R","BOSS","M","$","M","M","?","E","R","E","T","M","?","R","?","?","R","BOSS","M","?","M","?","M","R","E","R","T","E","R","E","R","M","R","BOSS","BOSS","R","$","E"],"build_version":"2019-03-15","purchased_purges":1,"victory":false,"max_hp_per_floor":[71,71,71,71,71,71,71,71,71,71,71,71,71,71,71,71,71,71,71,71,71,77,77,77,77,77,77,77,77,77,77,77,77,77,77,77,77,77,77,77,77,77,77,77,77,77,77,77,77,77,77,77,77,77,77],"card_choices":[{"not_picked":["Beam Cell","Rebound"],"picked":"Defragment","floor":1.0},{"not_picked":["Blizzard","Double Energy"],"picked":"Ball Lightning","floor":2.0},{"not_picked":["Beam Cell","Coolheaded"],"picked":"Cold Snap","floor":3.0},{"not_picked":["Barrage","Fission"],"picked":"BootSequence","floor":4.0},{"not_picked":["Reprogram","Auto Shields"],"picked":"Cold Snap","floor":5.0},{"not_picked":["Undo","Scrape"],"picked":"White Noise","floor":7.0},{"not_picked":["Skim","Compile Driver+1"],"picked":"Sunder+1","floor":8.0},{"not_picked":["Gash+1","Steam"],"picked":"Hologram","floor":11.0},{"not_picked":["Turbo","Melter+1","Rebound+1"],"picked":"SKIP","floor":12.0},{"not_picked":["Heatsinks","Rip and Tear+1"],"picked":"FTL+1","floor":13.0},{"not_picked":["Turbo","Gash+1"],"picked":"Reinforced Body","floor":14.0},{"not_picked":["Ball Lightning+1","Gash+1"],"picked":"Self Repair","floor":18.0},{"not_picked":["Steam","Hologram"],"picked":"Ball Lightning+1","floor":20.0},{"not_picked":["Force Field","Leap+1"],"picked":"BootSequence+1","floor":21.0},{"not_picked":["Rebound+1","Sweeping Beam+1"],"picked":"Reboot","floor":23.0},{"not_picked":["Turbo","Coolheaded"],"picked":"Gash+1","floor":25.0},{"not_picked":["Static Discharge","Tempest","Steam Power+1"],"picked":"SKIP","floor":27.0},{"not_picked":["Hyperbeam+1","Machine Learning"],"picked":"Seek","floor":33.0},{"not_picked":["Hologram","Beam Cell+1"],"picked":"Coolheaded","floor":35.0},{"not_picked":["Steam Power","Conserve Battery"],"picked":"Gash+1","floor":37.0},{"not_picked":["Secret Weapon","Enlightenment"],"picked":"Master of Strategy","floor":38.0},{"not_picked":["Impatience","Mayhem"],"picked":"PanicButton","floor":38.0},{"not_picked":["Violence","Flash of Steel+1"],"picked":"Dark Shackles","floor":38.0},{"not_picked":["Skim+1","Gash+1"],"picked":"Loop+1","floor":39.0},{"not_picked":["Fusion","Stack","Turbo"],"picked":"SKIP","floor":41.0},{"not_picked":["Rebound+1","Cold Snap+1"],"picked":"Stack+1","floor":44.0},{"not_picked":["Aggregate","Conserve Battery+1","Chaos+1"],"picked":"SKIP","floor":46.0},{"not_picked":["Aggregate","Conserve Battery+1","Chaos+1"],"picked":"SKIP","floor":46.0},{"not_picked":["Undo","Rebound+1"],"picked":"White Noise","floor":48.0}],"player_experience":1359488,"relics_obtained":[{"floor":7.0,"key":"Molten Egg 2"},{"floor":9.0,"key":"Kunai"},{"floor":11.0,"key":"Darkstone Periapt"},{"floor":13.0,"key":"Juzu Bracelet"},{"floor":23.0,"key":"Lantern"},{"floor":25.0,"key":"Letter Opener"},{"floor":26.0,"key":"The Courier"},{"floor":41.0,"key":"Orichalcum"},{"floor":44.0,"key":"Vajra"},{"floor":46.0,"key":"Turnip"}],"event_choices":[{"damage_healed":0.0,"max_hp_gain":0.0,"max_hp_loss":0.0,"gold_gain":0.0,"event_name":"The Mausoleum","player_choice":"Opened","floor":22.0,"gold_loss":0.0,"damage_taken":0.0,"relics_obtained":["Shuriken"],"cards_obtained":["Writhe"]},{"damage_healed":0.0,"max_hp_gain":0.0,"max_hp_loss":0.0,"gold_gain":0.0,"event_name":"The Library","player_choice":"Read","floor":28.0,"gold_loss":0.0,"damage_taken":0.0,"cards_obtained":["Glacier"]},{"damage_healed":0.0,"max_hp_gain":0.0,"max_hp_loss":0.0,"gold_gain":0.0,"event_name":"Drug Dealer","player_choice":"Inject Mutagens","floor":30.0,"gold_loss":0.0,"damage_taken":0.0,"relics_obtained":["MutagenicStrength"]},{"damage_healed":0.0,"max_hp_gain":0.0,"max_hp_loss":0.0,"gold_gain":0.0,"event_name":"Beggar","player_choice":"Ignored","floor":31.0,"gold_loss":0.0,"damage_taken":0.0},{"damage_healed":0.0,"max_hp_gain":0.0,"max_hp_loss":0.0,"gold_gain":0.0,"cards_transformed":["Strike_B"],"event_name":"Transmorgrifier","player_choice":"Transformed","floor":36.0,"gold_loss":0.0,"damage_taken":0.0,"cards_obtained":["Steam"]},{"damage_healed":0.0,"max_hp_gain":0.0,"max_hp_loss":0.0,"gold_gain":0.0,"event_name":"SensoryStone","player_choice":"Memory 3","floor":38.0,"gold_loss":0.0,"damage_taken":10.0}],"is_beta":true,"boss_relics":[{"not_picked":["Sozu","Calling Bell"],"picked":"Ectoplasm"},{"not_picked":["FrozenCore","Fusion Hammer"],"picked":"Coffee Dripper"}],"items_purged_floors":[19],"is_endless":false,"potions_floor_spawned":[3,5,7,16,18,20,23,35,39],"killed_by":"Shield and Spear","ascension_level":20}