{"gold_per_floor":[114,114,133,133,133,133,165,165,191,222,397,397,397,411,411,512,512,522,169,268,268,287,287,287],"floor_reached":24,"playtime":1358,"items_purged":["Regret"],"score":275,"play_id":"96bc70d8-b498-4f2b-82e7-7c3579af9f75","local_time":"20180823070240","is_ascension_mode":true,"campfire_choices":[{"data":"Consume","floor":6,"key":"SMITH"},{"floor":8,"key":"REST"},{"floor":13,"key":"REST"},{"data":"Storm","floor":15,"key":"SMITH"},{"data":"Creative AI","floor":23,"key":"SMITH"}],"neow_cost":"NONE","seed_source_timestamp":4698250727016472,"circlet_count":0,"master_deck":["Strike_B","Strike_B","Strike_B","Defend_B","Defend_B","Defend_B","Defend_B","Zap","Dualcast","Double Energy","Consume+1","Machine Learning","Hello World","Creative AI+1","Doubt","Auto Shields","Storm+1","Creative AI","Clumsy","Stack+1","Static Discharge"],"relics":["Cracked Core","Lantern","Dream Catcher","Boot","Dodecahedron","Regal Pillow","Calling Bell","Ancient Tea Set","Kunai","Mango","Lee\u0027s Waffle"],"potions_floor_usage":[24,24],"damage_taken":[{"damage":2,"enemies":"Jaw Worm","floor":1,"turns":5},{"damage":0,"enemies":"2 Louse","floor":3,"turns":3},{"damage":30,"enemies":"Lagavulin","floor":7,"turns":6},{"damage":35,"enemies":"Gremlin Nob","floor":10,"turns":4},{"damage":7,"enemies":"Small Slimes","floor":14,"turns":13},{"damage":13,"enemies":"The Guardian","floor":16,"turns":9},{"damage":49,"enemies":"Shell Parasite","floor":18,"turns":7},{"damage":36,"enemies":"Chosen","floor":22,"turns":5},{"damage":71,"enemies":"3 Cultists","floor":24,"turns":5}],"seed_played":"8459212735399721445","potions_obtained":[{"floor":3,"key":"Swift Potion"},{"floor":7,"key":"PowerPotion"},{"floor":10,"key":"Energy Potion"}],"is_trial":false,"path_per_floor":["M","?","M","?","$","R","E","R","T","E","?","T","R","M","R","B",null,"M","$","?","?","M","R"],"character_chosen":"DEFECT","items_purchased":["Static Discharge","Lee\u0027s Waffle"],"campfire_rested":2,"item_purchase_floors":[19,19],"current_hp_per_floor":[73,78,78,78,78,78,48,72,72,37,37,37,76,69,69,56,88,39,101,101,101,65,65,0],"gold":287,"neow_bonus":"RANDOM_COMMON_RELIC","is_prod":false,"is_daily":false,"chose_seed":false,"campfire_upgraded":3,"win_rate":0,"timestamp":1535004160,"path_taken":["M","?","M","?","?","R","E","R","T","E","?","?","R","M","R","BOSS","M","$","?","?","M","R","M"],"build_version":"2018-08-16","purchased_purges":1,"victory":false,"max_hp_per_floor":[75,80,80,80,80,80,80,80,80,80,80,80,80,80,80,80,94,94,101,101,101,101,101,101],"card_choices":[{"not_picked":["Steam","Skim"],"picked":"Double Energy","floor":1},{"not_picked":["Turbo","Beam Cell"],"picked":"Consume","floor":3},{"not_picked":["Sweeping Beam","Force Field"],"picked":"Machine Learning","floor":7},{"not_picked":["Lockon","Recycle"],"picked":"Hello World","floor":8},{"not_picked":["Ball Lightning","Hologram"],"picked":"Creative AI","floor":10},{"not_picked":["Chill","Darkness"],"picked":"Auto Shields","floor":13},{"not_picked":["Ball Lightning","Tempest"],"picked":"Storm","floor":14},{"not_picked":["Hyperbeam","Rainbow"],"picked":"Creative AI","floor":16},{"not_picked":["Reprogram","Cold Snap"],"picked":"Stack+1","floor":18},{"not_picked":["Darkness+1","Doom and Gloom","Stack"],"picked":"SKIP","floor":22}],"player_experience":435283,"relics_obtained":[{"floor":7,"key":"Dream Catcher"},{"floor":9,"key":"Boot"},{"floor":10,"key":"Dodecahedron"},{"floor":12,"key":"Regal Pillow"},{"floor":17,"key":"Ancient Tea Set"},{"floor":17,"key":"Kunai"},{"floor":17,"key":"Mango"}],"event_choices":[{"event_name":"Big Fish","player_choice":"Donut","floor":2,"damage_taken":0},{"event_name":"Bonfire Elementals","player_choice":"BASIC","floor":4,"damage_taken":0},{"event_name":"Liars Game","player_choice":"agreed","floor":11,"damage_taken":0},{"event_name":"Nest","player_choice":"Stole From Cult","floor":20,"damage_taken":0},{"event_name":"Back to Basics","player_choice":"Elegance","floor":21,"damage_taken":0}],"is_beta":false,"boss_relics":[{"not_picked":["Philosopher\u0027s Stone","Fusion Hammer"],"picked":"Calling Bell"}],"items_purged_floors":[19],"is_endless":false,"potions_floor_spawned":[3,7,10,18,22],"killed_by":"3 Cultists","ascension_level":5}