{"gold_per_floor":[111,25,0,0,16,16,46,46,46,46,63,63,63,76,76,76],"floor_reached":16,"playtime":589,"items_purged":[],"score":176,"play_id":"e7ce6fa4-1c72-4493-854e-7fb878ab5e5e","local_time":"20190322175233","is_ascension_mode":true,"campfire_choices":[{"data":"Thunderclap","floor":8,"key":"SMITH"},{"data":"Pummel","floor":10,"key":"SMITH"},{"data":"Battle Trance","floor":13,"key":"SMITH"},{"data":"Strike_R","floor":15,"key":"SMITH"}],"neow_cost":"NONE","seed_source_timestamp":10561929417727,"circlet_count":0,"master_deck":["AscendersBane","Strike_R+1","Strike_R","Strike_R","Strike_R","Strike_R","Defend_R","Defend_R","Defend_R","Defend_R","Bash+1","Offering","Battle Trance+1","Thunderclap+1","Pummel+1","Parasite"],"relics":["Burning Blood","Juzu Bracelet","Singing Bowl"],"potions_floor_usage":[7,16,16],"damage_taken":[{"damage":2,"enemies":"2 Louse","floor":1,"turns":3},{"damage":1,"enemies":"Cultist","floor":5,"turns":3},{"damage":57,"enemies":"Lagavulin","floor":7,"turns":9},{"damage":8,"enemies":"Jaw Worm","floor":11,"turns":3},{"damage":6,"enemies":"2 Fungi Beasts","floor":14,"turns":1},{"damage":45,"enemies":"The Guardian","floor":16,"turns":8}],"seed_played":"1540401656297822562","potions_obtained":[{"floor":1,"key":"SkillPotion"},{"floor":7,"key":"LiquidBronze"},{"floor":11,"key":"SteroidPotion"}],"is_trial":false,"path_per_floor":["M","$","?","?","M","?","E","R","T","R","M","?","R","M","R","B"],"character_chosen":"IRONCLAD","items_purchased":["Battle Trance"],"campfire_rested":0,"item_purchase_floors":[2],"current_hp_per_floor":[72,72,72,72,75,75,24,24,24,24,24,43,43,45,45,0],"gold":76,"neow_bonus":"ONE_RANDOM_RARE_CARD","is_prod":false,"is_daily":false,"chose_seed":false,"campfire_upgraded":4,"win_rate":0,"timestamp":1553273553,"path_taken":["M","$","?","?","?","?","E","R","T","R","M","?","R","M","R","BOSS"],"build_version":"2019-01-23","purchased_purges":0,"victory":false,"max_hp_per_floor":[75,75,75,75,75,75,75,75,75,75,77,77,77,79,79,79],"card_choices":[{"not_picked":["Entrench","Clash","Body Slam"],"picked":"SKIP","floor":1},{"not_picked":["Intimidate","Dark Embrace"],"picked":"Thunderclap","floor":5},{"not_picked":["Clash","Corruption"],"picked":"Pummel","floor":7},{"not_picked":["Sword Boomerang","Perfected Strike","Body Slam"],"picked":"Singing Bowl","floor":11},{"not_picked":["Havoc","Sword Boomerang","True Grit"],"picked":"Singing Bowl","floor":14}],"player_experience":737912,"relics_obtained":[{"floor":7,"key":"Juzu Bracelet"},{"floor":9,"key":"Singing Bowl"}],"event_choices":[{"damage_healed":0,"gold_gain":0,"player_choice":"Left Gold","damage_taken":0,"max_hp_gain":0,"max_hp_loss":0,"event_name":"World of Goop","floor":3,"gold_loss":25},{"damage_healed":0,"gold_gain":0,"player_choice":"Upgraded","damage_taken":0,"max_hp_gain":0,"max_hp_loss":0,"event_name":"Upgrade Shrine","floor":4,"gold_loss":0,"cards_upgraded":["Bash"]},{"damage_healed":0,"gold_gain":0,"player_choice":"Leave","damage_taken":0,"max_hp_gain":0,"max_hp_loss":0,"event_name":"The Cleric","floor":6,"gold_loss":0},{"damage_healed":19,"gold_gain":0,"player_choice":"Healed and dodged fight","damage_taken":0,"max_hp_gain":0,"max_hp_loss":0,"event_name":"Mushrooms","floor":12,"gold_loss":0,"cards_obtained":["Parasite"]}],"is_beta":false,"boss_relics":[],"items_purged_floors":[],"is_endless":false,"potions_floor_spawned":[1,7,11],"killed_by":"The Guardian","ascension_level":16}