{"gold_per_floor":[112,112,130,146,146,146,146,146,146,146,166,166,13,37,37,132,132,147,147,163,82,93,93,46,63,87,87,106,133,26,37,37,138,138,138,138,538,538,548,548,576,163,163,163,163,20,0,19,19,19],"floor_reached":50,"playtime":2441,"items_purged":[],"score":695,"play_id":"2e32d715-4c5a-461d-beb9-23a6de6a1b21","local_time":"20181217165546","is_ascension_mode":true,"campfire_choices":[{"data":"Perfected Strike","floor":6,"key":"SMITH"},{"data":"Flex","floor":10,"key":"SMITH"},{"data":"Perfected Strike","floor":12,"key":"SMITH"},{"data":"Rage","floor":15,"key":"SMITH"},{"floor":23,"key":"REST"},{"floor":27,"key":"REST"},{"floor":32,"key":"REST"},{"floor":40,"key":"REST"},{"floor":49,"key":"REST"}],"neow_cost":"NONE","seed_source_timestamp":1544427837050634,"circlet_count":0,"master_deck":["Strike_R","Strike_R","Strike_R","Strike_R","Strike_R+1","Defend_R","Defend_R","Defend_R","Defend_R","Bash","Perfected Strike+1","Perfected Strike+1","Flex+1","Rage+1","Twin Strike","Impervious","Twin Strike","Perfected Strike+1","Spot Weakness","Spot Weakness","Uppercut+1","Pommel Strike","Rage","Spot Weakness","Inflame","Perfected Strike+1","Feed","Mind Blast","Spot Weakness+1","Iron Wave","Evolve","Metallicize","Madness","Madness","Twin Strike+1"],"relics":["Burning Blood","NeowsBlessing","Pantograph","Mummified Hand","Art of War","White Beast Statue","Bag of Preparation","Happy Flower","Cursed Key","Old Coin","MawBank","Vajra","Lee\u0027s Waffle","Whetstone","Red Mask"],"potions_floor_usage":[13,16,22,28,28,31,35,39,41,48,48,50,50],"damage_taken":[{"damage":0,"enemies":"Small Slimes","floor":1,"turns":1},{"damage":0,"enemies":"Jaw Worm","floor":3,"turns":1},{"damage":0,"enemies":"2 Louse","floor":4,"turns":1},{"damage":1,"enemies":"2 Fungi Beasts","floor":11,"turns":3},{"damage":79,"enemies":"Hexaghost","floor":16,"turns":9},{"damage":30,"enemies":"2 Thieves","floor":18,"turns":4},{"damage":28,"enemies":"Spheric Guardian","floor":20,"turns":4},{"damage":24,"enemies":"Snake Plant","floor":22,"turns":2},{"damage":24,"enemies":"Centurion and Healer","floor":25,"turns":3},{"damage":21,"enemies":"Sentry and Sphere","floor":28,"turns":4},{"damage":0,"enemies":"Snake Plant","floor":31,"turns":3},{"damage":37,"enemies":"Champ","floor":33,"turns":10},{"damage":0,"enemies":"3 Darklings","floor":35,"turns":1},{"damage":41,"enemies":"Mind Bloom Boss Battle","floor":37,"turns":10},{"damage":5,"enemies":"Orb Walker","floor":39,"turns":3},{"damage":54,"enemies":"Giant Head","floor":41,"turns":7},{"damage":7,"enemies":"3 Darklings","floor":48,"turns":3},{"damage":105,"enemies":"Time Eater","floor":50,"turns":8}],"seed_played":"-3277247053912057969","potions_obtained":[{"floor":11,"key":"GamblersBrew"},{"floor":16,"key":"PowerPotion"},{"floor":18,"key":"Ancient Potion"},{"floor":20,"key":"Fire Potion"},{"floor":22,"key":"EssenceOfSteel"},{"floor":28,"key":"AttackPotion"},{"floor":31,"key":"Dexterity Potion"},{"floor":33,"key":"SmokeBomb"},{"floor":37,"key":"Block Potion"},{"floor":39,"key":"PowerPotion"},{"floor":41,"key":"SkillPotion"},{"floor":48,"key":"Fruit Juice"}],"is_trial":false,"path_per_floor":["M","?","M","M","?","R","?","?","T","R","M","R","$","T","R","B",null,"M","?","M","$","M","R","$","M","T","R","M","T","$","M","R","B",null,"M","?","?","?","M","R","E","$","T","T","?","$","?","M","R","B"],"character_chosen":"IRONCLAD","items_purchased":["Twin Strike","Fruit Juice","Spot Weakness","Pommel Strike","Spot Weakness","Inflame","Vajra","Lee\u0027s Waffle","Metallicize","Whetstone"],"campfire_rested":5,"item_purchase_floors":[13,13,21,24,30,30,42,42,42,46],"current_hp_per_floor":[80,73,79,80,85,85,85,85,85,85,85,85,90,90,90,17,72,48,48,26,26,8,35,35,17,17,44,29,29,29,35,62,56,82,88,88,55,55,56,83,35,97,97,97,85,85,85,89,102,0],"gold":19,"neow_bonus":"THREE_ENEMY_KILL","is_prod":false,"is_daily":false,"chose_seed":false,"campfire_upgraded":4,"win_rate":0,"timestamp":1545065746,"path_taken":["M","?","M","M","?","R","?","?","T","R","M","R","?","?","R","BOSS","M","?","?","$","M","R","$","M","T","R","M","?","?","M","R","BOSS","M","?","?","?","?","R","E","?","T","?","?","?","?","M","R","BOSS"],"build_version":"2018-12-13","purchased_purges":0,"victory":false,"max_hp_per_floor":[80,80,80,80,85,85,85,85,85,85,85,85,90,90,90,90,90,90,90,90,90,90,90,90,90,90,90,90,90,90,90,90,90,90,90,90,90,90,90,90,90,97,97,97,97,97,97,102,102,102],"card_choices":[{"not_picked":["Clash","Havoc"],"picked":"Perfected Strike","floor":1},{"not_picked":["Dual Wield","Heavy Blade"],"picked":"Perfected Strike","floor":3},{"not_picked":["Armaments","Dual Wield"],"picked":"Flex","floor":4},{"not_picked":["Sever Soul","Entrench"],"picked":"Rage","floor":11},{"not_picked":["Brutality","Berserk"],"picked":"Impervious","floor":16},{"not_picked":["Sword Boomerang+1","Clash"],"picked":"Twin Strike","floor":18},{"not_picked":["Heavy Blade","Entrench"],"picked":"Spot Weakness","floor":20},{"not_picked":["Shrug It Off+1","Armaments+1"],"picked":"Uppercut+1","floor":22},{"not_picked":["Flame Barrier","Warcry"],"picked":"Rage","floor":25},{"not_picked":["Headbutt","Pummel","Sword Boomerang"],"picked":"SKIP","floor":28},{"not_picked":["Infernal Blade","Headbutt"],"picked":"Perfected Strike","floor":31},{"not_picked":["Dark Embrace","Brutality"],"picked":"Feed","floor":33},{"not_picked":["Purity","Impatience"],"picked":"Mind Blast","floor":36},{"not_picked":["Bloodletting","Burning Pact"],"picked":"Spot Weakness+1","floor":37},{"not_picked":["Headbutt","Burning Pact"],"picked":"Iron Wave","floor":39},{"not_picked":["Infernal Blade","Bloodletting"],"picked":"Evolve","floor":41},{"not_picked":["Reckless Charge","Shockwave+1"],"picked":"Twin Strike+1","floor":48}],"player_experience":821826,"relics_obtained":[{"floor":9,"key":"Mummified Hand"},{"floor":14,"key":"Art of War"},{"floor":26,"key":"Bag of Preparation"},{"floor":29,"key":"Happy Flower"},{"floor":37,"key":"Old Coin"},{"floor":41,"key":"MawBank"}],"event_choices":[{"damage_healed":0,"gold_gain":0,"player_choice":"Success","damage_taken":7,"relics_obtained":["Pantograph"],"max_hp_gain":0,"max_hp_loss":0,"event_name":"Scrap Ooze","floor":2,"gold_loss":0},{"damage_healed":0,"gold_gain":0,"player_choice":"Donut","damage_taken":0,"max_hp_gain":5,"max_hp_loss":0,"event_name":"Big Fish","floor":5,"gold_loss":0},{"damage_healed":0,"gold_gain":0,"player_choice":"Leave","damage_taken":0,"max_hp_gain":0,"max_hp_loss":0,"event_name":"The Cleric","floor":7,"gold_loss":0},{"damage_healed":0,"gold_gain":0,"player_choice":"Ignored","damage_taken":0,"max_hp_gain":0,"max_hp_loss":0,"event_name":"Golden Wing","floor":8,"gold_loss":0},{"damage_healed":0,"gold_gain":0,"player_choice":"Copied","damage_taken":0,"max_hp_gain":0,"max_hp_loss":0,"event_name":"Duplicator","floor":19,"gold_loss":0,"cards_obtained":["Perfected Strike"]},{"damage_healed":0,"gold_gain":0,"player_choice":"Memory 1","damage_taken":0,"max_hp_gain":0,"max_hp_loss":0,"event_name":"SensoryStone","floor":36,"gold_loss":0},{"damage_healed":0,"gold_gain":0,"player_choice":"Fight","damage_taken":0,"max_hp_gain":0,"max_hp_loss":0,"event_name":"MindBloom","floor":37,"gold_loss":0},{"damage_healed":0,"gold_gain":0,"player_choice":"Ignored","damage_taken":0,"max_hp_gain":0,"max_hp_loss":0,"event_name":"Mysterious Sphere","floor":38,"gold_loss":0},{"damage_healed":0,"gold_gain":0,"player_choice":"Embrace Madness","damage_taken":12,"max_hp_gain":0,"max_hp_loss":0,"event_name":"Winding Halls","floor":45,"gold_loss":0,"cards_obtained":["Madness","Madness"]},{"damage_healed":0,"gold_gain":0,"player_choice":"Paid","damage_taken":0,"relics_obtained":["Red Mask"],"max_hp_gain":0,"max_hp_loss":0,"event_name":"Tomb of Lord Red Mask","floor":47,"gold_loss":20}],"is_beta":false,"boss_relics":[{"not_picked":["Coffee Dripper","Velvet Choker"],"picked":"White Beast Statue"},{"not_picked":["Runic Dome","Runic Pyramid"],"picked":"Cursed Key"}],"items_purged_floors":[],"is_endless":false,"potions_floor_spawned":[11,16,18,20,22,25,28,31,33,35,37,39,41,48],"killed_by":"Time Eater","ascension_level":5}