{"gold_per_floor":[112,124,144,163,178,178,178,197,197,197,208,208,243,263,263,361,361,379,389,304,40,51,51,70,70,96,21,21,40,40,40,40,142,142,158,177,177,177,197,208,208,208,208,225,225,241,241,252,252,252],"floor_reached":50,"playtime":4104,"items_purged":[],"score":475,"play_id":"19d62238-9984-4a22-a2bb-c30ddbd548e7","local_time":"20180720075706","is_ascension_mode":false,"campfire_choices":[{"data":"Crippling Poison","floor":6,"key":"SMITH"},{"data":"Catalyst","floor":10,"key":"SMITH"},{"floor":15,"key":"REST"},{"floor":23,"key":"REST"},{"floor":25,"key":"REST"},{"data":"Envenom","floor":28,"key":"SMITH"},{"floor":30,"key":"REST"},{"floor":32,"key":"REST"},{"floor":42,"key":"REST"},{"floor":45,"key":"REST"},{"floor":47,"key":"REST"},{"floor":49,"key":"REST"}],"neow_cost":"NONE","seed_source_timestamp":1761171991306993,"circlet_count":0,"master_deck":["Defend_G","Defend_G","Defend_G","Defend_G","Defend_G","Strike_G","Strike_G","Strike_G+1","Strike_G","Survivor","Neutralize","Slice","Crippling Poison+1","Bane","Catalyst+1","Crippling Poison","Footwork","Clumsy","Accuracy","Deflect+1","Cloak And Dagger+1","Envenom+1","Bane","Outmaneuver+1","Panache","Infinite Blades","Choke","Bane+1","Backflip+1","Bullet Time+1","Terror+1","Dash","Dramatic Entrance","Prepared+1","Terror+1","Deadly Poison+1","Deadly Poison+1","Prepared+1","PiercingWail+1","Backstab+1","Riddle With Holes+1"],"relics":["Cursed Key","Toxic Egg 2","Potion Belt","Busted Crown","Matryoshka","Omamori","Happy Flower","WristBlade","Dream Catcher","Molten Egg 2"],"potions_floor_usage":[2,8,13,18,29,33,39,40,46,48],"damage_taken":[{"damage":0,"enemies":"2 Louse","floor":1,"turns":3},{"damage":0,"enemies":"Jaw Worm","floor":2,"turns":3},{"damage":3,"enemies":"Small Slimes","floor":3,"turns":3},{"damage":14,"enemies":"Red Slaver","floor":4,"turns":5},{"damage":8,"enemies":"Large Slime","floor":5,"turns":8},{"damage":0,"enemies":"Exordium Wildlife","floor":8,"turns":3},{"damage":2,"enemies":"Blue Slaver","floor":11,"turns":3},{"damage":24,"enemies":"3 Sentries","floor":13,"turns":9},{"damage":0,"enemies":"Large Slime","floor":14,"turns":5},{"damage":10,"enemies":"Hexaghost","floor":16,"turns":9},{"damage":28,"enemies":"3 Byrds","floor":18,"turns":5},{"damage":22,"enemies":"Spheric Guardian","floor":19,"turns":8},{"damage":14,"enemies":"Centurion and Healer","floor":22,"turns":5},{"damage":11,"enemies":"Snecko","floor":24,"turns":4},{"damage":37,"enemies":"Snake Plant","floor":29,"turns":5},{"damage":42,"enemies":"Collector","floor":33,"turns":8},{"damage":17,"enemies":"3 Darklings","floor":35,"turns":4},{"damage":9,"enemies":"Orb Walker","floor":36,"turns":3},{"damage":17,"enemies":"4 Shapes","floor":39,"turns":8},{"damage":20,"enemies":"Sphere and 2 Shapes","floor":40,"turns":4},{"damage":25,"enemies":"Maw","floor":44,"turns":8},{"damage":14,"enemies":"Flame Bruiser 2 Orb","floor":46,"turns":4},{"damage":21,"enemies":"Sphere and 2 Shapes","floor":48,"turns":5},{"damage":48,"enemies":"Awakened One","floor":50,"turns":5}],"seed_played":"8352954861597971451","potions_obtained":[{"floor":1,"key":"FearPotion"},{"floor":2,"key":"Fire Potion"},{"floor":8,"key":"Ancient Potion"},{"floor":13,"key":"SpeedPotion"},{"floor":14,"key":"FairyPotion"},{"floor":16,"key":"GhostInAJar"},{"floor":18,"key":"Energy Potion"},{"floor":24,"key":"Dexterity Potion"},{"floor":36,"key":"EssenceOfSteel"},{"floor":39,"key":"PowerPotion"},{"floor":44,"key":"Fruit Juice"}],"is_trial":false,"path_per_floor":["M","M","M","M","M","R","?","M","T","R","M","?","E","M","R","B",null,"M","M","?","$","M","R","M","R","T","?","R","M","R","$","R","B",null,"M","M","?","?","M","M","?","R","T","M","R","M","R","M","R"],"character_chosen":"THE_SILENT","items_purchased":["Panache","Infinite Blades"],"campfire_rested":9,"item_purchase_floors":[21,21],"current_hp_per_floor":[70,70,67,53,45,45,31,31,31,31,29,52,28,28,49,39,70,42,20,20,20,6,27,16,37,37,37,37,6,26,26,46,4,67,50,41,41,58,41,21,21,41,41,16,36,27,48,27,48,0],"gold":252,"neow_bonus":"BOSS_RELIC","is_prod":false,"is_daily":false,"chose_seed":false,"campfire_upgraded":3,"win_rate":0,"timestamp":1532069826,"path_taken":["M","M","M","M","M","R","?","?","T","R","M","?","E","M","R","BOSS","M","M","?","?","M","R","M","R","T","?","R","M","R","$","R","BOSS","M","M","?","?","M","M","?","R","T","M","R","M","R","M","R","BOSS"],"build_version":"2018-07-19","purchased_purges":0,"victory":false,"max_hp_per_floor":[70,70,70,70,70,70,70,70,70,70,70,70,70,70,70,70,70,70,70,70,70,70,70,70,70,70,67,67,67,67,67,67,67,67,67,67,67,67,67,67,67,67,67,67,67,72,72,72,72,72],"card_choices":[{"not_picked":["Masterful Stab","Predator"],"picked":"Slice","floor":1},{"not_picked":["Finisher","Deadly Poison"],"picked":"Crippling Poison","floor":2},{"not_picked":["Well Laid Plans","Poisoned Stab"],"picked":"Bane","floor":3},{"not_picked":["Sucker Punch","Terror"],"picked":"Catalyst","floor":4},{"not_picked":["Deadly Poison","Dodge and Roll"],"picked":"Crippling Poison","floor":5},{"not_picked":["Dagger Throw","Heel Hook"],"picked":"Footwork","floor":8},{"not_picked":["PiercingWail+1","Riddle With Holes"],"picked":"Accuracy","floor":11},{"not_picked":["Outmaneuver+1","Acrobatics+1"],"picked":"Deflect+1","floor":13},{"not_picked":["PiercingWail+1","Acrobatics+1"],"picked":"Cloak And Dagger+1","floor":14},{"not_picked":["Wraith Form v2","Doppelganger+1"],"picked":"Envenom","floor":16},{"not_picked":[],"picked":"Bane","floor":18},{"not_picked":[],"picked":"Outmaneuver+1","floor":19},{"not_picked":[],"picked":"Choke","floor":22},{"not_picked":[],"picked":"Bane+1","floor":24},{"not_picked":[],"picked":"Backflip+1","floor":29},{"not_picked":[],"picked":"Bullet Time+1","floor":33},{"not_picked":[],"picked":"Terror+1","floor":35},{"not_picked":[],"picked":"Dash","floor":36},{"not_picked":[],"picked":"Dramatic Entrance","floor":37},{"not_picked":[],"picked":"Prepared+1","floor":39},{"not_picked":[],"picked":"Terror+1","floor":40},{"not_picked":[],"picked":"Deadly Poison+1","floor":44},{"not_picked":[],"picked":"Deadly Poison+1","floor":45},{"not_picked":[],"picked":"Prepared+1","floor":46},{"not_picked":[],"picked":"PiercingWail+1","floor":47},{"not_picked":[],"picked":"Backstab+1","floor":48},{"not_picked":[],"picked":"Riddle With Holes+1","floor":49}],"player_experience":128433,"relics_obtained":[{"floor":9,"key":"Toxic Egg 2"},{"floor":13,"key":"Potion Belt"},{"floor":26,"key":"Omamori"},{"floor":26,"key":"Happy Flower"},{"floor":43,"key":"Dream Catcher"},{"floor":43,"key":"Molten Egg 2"}],"event_choices":[{"event_name":"Shining Light","player_choice":"Entered Light","floor":7,"damage_taken":0},{"event_name":"Big Fish","player_choice":"Banana","floor":12,"damage_taken":0},{"event_name":"Addict","player_choice":"Obtained Relic","floor":20,"damage_taken":0},{"event_name":"Beggar","player_choice":"Gave Gold","floor":27,"damage_taken":0},{"event_name":"SensoryStone","player_choice":"Memory 1","floor":37,"damage_taken":0},{"event_name":"Winding Halls","player_choice":"Writhe","floor":38,"damage_taken":0},{"event_name":"Falling","player_choice":"Removed Attack","floor":41,"damage_taken":0}],"is_beta":false,"boss_relics":[{"not_picked":["Velvet Choker","Sozu"],"picked":"Busted Crown"},{"not_picked":["Calling Bell","Black Star"],"picked":"WristBlade"}],"items_purged_floors":[],"is_endless":false,"potions_floor_spawned":[1,2,8,13,14,16,18,24,36,39,44],"killed_by":"Awakened One","ascension_level":0}