{"gold_per_floor":[116,116,126,126,145,145,155,155],"floor_reached":8,"playtime":255,"items_purged":[],"score":96,"play_id":"3114da23-9793-4326-85a7-be7411da29a5","local_time":"20190207093636","is_ascension_mode":true,"campfire_choices":[{"data":"Envenom","floor":6,"key":"SMITH"}],"neow_cost":"NONE","seed_source_timestamp":66039506585304,"circlet_count":0,"master_deck":["AscendersBane","Defend_G","Defend_G","Defend_G","Defend_G","Defend_G","Strike_G","Strike_G","Strike_G","Strike_G","Strike_G","Survivor","Neutralize","Dagger Spray","Envenom+1","Cloak And Dagger","Dodge and Roll"],"relics":["Ring of the Snake","NeowsBlessing","Art of War"],"potions_floor_usage":[8],"damage_taken":[{"damage":0,"enemies":"Cultist","floor":1,"turns":1},{"damage":0,"enemies":"2 Louse","floor":3,"turns":1},{"damage":0,"enemies":"Jaw Worm","floor":5,"turns":1},{"damage":10,"enemies":"3 Louse","floor":7,"turns":4},{"damage":64,"enemies":"Gremlin Nob","floor":8,"turns":5}],"seed_played":"1438127805491438036","potions_obtained":[{"floor":3,"key":"Ancient Potion"},{"floor":7,"key":"Regen Potion"}],"is_trial":false,"path_per_floor":["M","?","M","?","M","R","M","E"],"character_chosen":"THE_SILENT","items_purchased":[],"campfire_rested":0,"item_purchase_floors":[],"current_hp_per_floor":[59,59,59,59,59,59,49,0],"gold":155,"neow_bonus":"THREE_ENEMY_KILL","is_prod":false,"is_daily":false,"chose_seed":false,"campfire_upgraded":1,"win_rate":0,"timestamp":1549553796,"path_taken":["M","?","?","?","?","R","M","E"],"build_version":"2019-01-23","purchased_purges":0,"victory":false,"max_hp_per_floor":[66,66,66,66,66,66,66,66],"card_choices":[{"not_picked":["Prepared","Underhanded Strike"],"picked":"Dagger Spray","floor":1},{"not_picked":["Backstab","Endless Agony"],"picked":"Cloak And Dagger","floor":3},{"not_picked":["PiercingWail","Dagger Spray","Flechettes"],"picked":"SKIP","floor":5},{"not_picked":["Prepared","Eviscerate"],"picked":"Dodge and Roll","floor":7}],"player_experience":725883,"relics_obtained":[],"event_choices":[{"damage_healed":0,"gold_gain":0,"player_choice":"1 cards matched","damage_taken":0,"max_hp_gain":0,"max_hp_loss":0,"event_name":"Match and Keep!","floor":2,"gold_loss":0,"cards_obtained":["Envenom"]},{"damage_healed":0,"gold_gain":0,"player_choice":"Gave Potion","damage_taken":0,"relics_obtained":["Art of War"],"max_hp_gain":0,"max_hp_loss":0,"event_name":"WeMeetAgain","floor":4,"gold_loss":0}],"is_beta":false,"boss_relics":[],"items_purged_floors":[],"is_endless":false,"potions_floor_spawned":[3,7],"killed_by":"Gremlin Nob","ascension_level":20}