{"gold_per_floor":[119,134,148,161,172,172,198,198,266,299,370,390,315,332,332,430,430,447,465,483,502,502,502,521,521,521,521,533,545,574,590,590,690,690,706,584,596,610,610,642,653,666,692,717,717,717,749,767,767,767],"floor_reached":51,"playtime":2918,"items_purged":["Strike_R"],"score":982,"play_id":"2870a404-670a-430b-abbb-b5a339d2575d","local_time":"20190324171125","is_ascension_mode":true,"campfire_choices":[{"data":"Bash","floor":6.0,"key":"SMITH"},{"data":"Carnage","floor":8.0,"key":"SMITH"},{"data":"Whirlwind","floor":15.0,"key":"SMITH"},{"data":"Clothesline","floor":23.0,"key":"SMITH"},{"data":"Demon Form","floor":25.0,"key":"SMITH"},{"data":"Flame Barrier","floor":27.0,"key":"SMITH"},{"floor":32.0,"key":"REST"},{"data":"1","floor":45,"key":"LIFT"},{"floor":49,"key":"REST"}],"neow_cost":"NONE","seed_source_timestamp":0,"circlet_count":0,"master_deck":["Strike_R","Strike_R","Strike_R","Strike_R","Defend_R","Defend_R","Defend_R","Defend_R","Bash+1","Iron Wave","Iron Wave","Anger","Carnage+1","Flame Barrier+1","Cleave","Whirlwind+1","Clothesline+1","Demon Form+1","Headbutt","Feel No Pain","Shockwave+1","Shrug It Off","Offering","Exhume","Metallicize","Impervious","Metallicize+1","Battle Trance+1","Pummel","True Grit","Offering","Clothesline+1","Sword Boomerang+1","Intimidate+1","Headbutt+1","Dark Embrace","Battle Trance+1","Shrug It Off"],"special_seed":0,"relics":["Burning Blood","Oddly Smooth Stone","Red Skull","Pantograph","Peace Pipe","Regal Pillow","Velvet Choker","Bottled Tornado","Girya","Orrery","Ice Cream","Vajra","Dream Catcher","Du-Vu Doll"],"potions_floor_usage":[50,50,50],"damage_taken":[{"damage":0.0,"enemies":"Small Slimes","floor":1.0,"turns":4.0},{"damage":4.0,"enemies":"Cultist","floor":2.0,"turns":4.0},{"damage":0.0,"enemies":"2 Louse","floor":3.0,"turns":3.0},{"damage":8.0,"enemies":"Exordium Thugs","floor":4.0,"turns":6.0},{"damage":10.0,"enemies":"Red Slaver","floor":5.0,"turns":4.0},{"damage":22.0,"enemies":"3 Sentries","floor":7.0,"turns":7.0},{"damage":32.0,"enemies":"Gremlin Nob","floor":10.0,"turns":4.0},{"damage":5.0,"enemies":"Looter","floor":12.0,"turns":2.0},{"damage":0.0,"enemies":"Gremlin Gang","floor":14.0,"turns":1.0},{"damage":0.0,"enemies":"Slime Boss","floor":16.0,"turns":8.0},{"damage":5.0,"enemies":"Spheric Guardian","floor":18.0,"turns":3.0},{"damage":0.0,"enemies":"3 Byrds","floor":19.0,"turns":4.0},{"damage":12.0,"enemies":"Snecko","floor":20.0,"turns":4.0},{"damage":19.0,"enemies":"Centurion and Healer","floor":21.0,"turns":6.0},{"damage":16.0,"enemies":"Shelled Parasite and Fungi","floor":24.0,"turns":5.0},{"damage":8.0,"enemies":"3 Cultists","floor":28.0,"turns":3.0},{"damage":18.0,"enemies":"Chosen and Byrds","floor":29.0,"turns":5.0},{"damage":26.0,"enemies":"Book of Stabbing","floor":30.0,"turns":4.0},{"damage":23.0,"enemies":"Shelled Parasite and Fungi","floor":31.0,"turns":5.0},{"damage":54.0,"enemies":"Collector","floor":33.0,"turns":8.0},{"damage":37,"enemies":"3 Darklings","floor":35,"turns":5},{"damage":6,"enemies":"Orb Walker","floor":37,"turns":5},{"damage":24,"enemies":"3 Darklings","floor":38,"turns":4},{"damage":33,"enemies":"Reptomancer","floor":40,"turns":9},{"damage":16,"enemies":"Sphere and 2 Shapes","floor":41,"turns":4},{"damage":0,"enemies":"Maw","floor":42,"turns":6},{"damage":12,"enemies":"Nemesis","floor":44,"turns":5},{"damage":20,"enemies":"Reptomancer","floor":47,"turns":5},{"damage":21,"enemies":"Jaw Worm Horde","floor":48,"turns":3},{"damage":36,"enemies":"Donu and Deca","floor":50,"turns":9}],"seed_played":"-3353452201438404459","potions_obtained":[{"floor":1.0,"key":"LiquidBronze"},{"floor":4.0,"key":"BloodPotion"},{"floor":5.0,"key":"SteroidPotion"},{"floor":12.0,"key":"Explosive Potion"},{"floor":14.0,"key":"Energy Potion"},{"floor":18.0,"key":"SteroidPotion"},{"floor":21.0,"key":"GamblersBrew"},{"floor":29.0,"key":"SpeedPotion"},{"floor":31.0,"key":"EssenceOfSteel"},{"floor":41,"key":"Ancient Potion"},{"floor":42,"key":"Dexterity Potion"},{"floor":47,"key":"Regen Potion"}],"is_trial":false,"path_per_floor":["M","M","M","M","M","R","E","R","T","E","?","M","?","M","R","B",null,"M","M","M","M","?","R","M","R","T","R","M","M","E","M","R","B",null,"M","$","M","M","?","E","M","M","T","E","R","?","E","M","R","B",null],"character_chosen":"IRONCLAD","items_purchased":["True Grit"],"campfire_rested":2,"item_purchase_floors":[36],"current_hp_per_floor":[80,80,80,78,74,74,58,58,58,32,32,33,33,39,39,70,80,80,80,74,61,61,61,51,51,51,51,49,37,17,8,47,24,80,49,49,49,31,80,53,43,49,49,43,43,43,29,14,53,63],"gold":767,"neow_bonus":"RANDOM_COMMON_RELIC","is_prod":false,"is_daily":false,"chose_seed":false,"campfire_upgraded":6,"win_rate":1,"timestamp":1553472685,"path_taken":["M","M","M","M","M","R","E","R","T","E","?","M","?","?","R","BOSS","M","M","M","M","?","R","M","R","T","R","M","M","E","M","R","BOSS","M","$","M","M","?","E","?","M","T","E","R","?","E","M","R","BOSS"],"build_version":"2019-01-23","purchased_purges":1,"victory":true,"max_hp_per_floor":[80,80,80,80,80,80,80,80,80,80,80,80,80,80,80,80,80,80,80,80,80,80,80,80,80,80,80,80,80,80,80,80,80,80,80,80,80,80,80,80,80,80,80,80,80,80,80,80,80,80],"card_choices":[{"not_picked":["Second Wind","Rage","Body Slam"],"picked":"SKIP","floor":1.0},{"not_picked":["Body Slam","Heavy Blade"],"picked":"Iron Wave","floor":2.0},{"not_picked":["Warcry","Whirlwind"],"picked":"Iron Wave","floor":3.0},{"not_picked":["Whirlwind","Dropkick"],"picked":"Anger","floor":4.0},{"not_picked":["Armaments","Flex"],"picked":"Carnage","floor":5.0},{"not_picked":["Body Slam","Blood for Blood"],"picked":"Flame Barrier","floor":7.0},{"not_picked":["Flame Barrier","Thunderclap"],"picked":"Cleave","floor":10.0},{"not_picked":["Perfected Strike","Thunderclap"],"picked":"Whirlwind","floor":12.0},{"not_picked":["Armaments","Twin Strike"],"picked":"Clothesline","floor":14.0},{"not_picked":["Immolate","Bludgeon"],"picked":"Demon Form","floor":16.0},{"not_picked":["Anger","Cleave"],"picked":"Headbutt","floor":18.0},{"not_picked":["Rampage","Twin Strike","Second Wind"],"picked":"SKIP","floor":19.0},{"not_picked":["Sword Boomerang+1","Anger"],"picked":"Feel No Pain","floor":20.0},{"not_picked":["Wild Strike","Havoc"],"picked":"Shockwave","floor":21.0},{"not_picked":["Flex","Sever Soul","Wild Strike"],"picked":"SKIP","floor":24.0},{"not_picked":["Flex","Sever Soul","Wild Strike"],"picked":"SKIP","floor":24.0},{"not_picked":["Wild Strike+1","Flex"],"picked":"Shrug It Off","floor":28.0},{"not_picked":["Fire Breathing+1","Anger+1"],"picked":"Offering","floor":29.0},{"not_picked":["Headbutt","Combust"],"picked":"Exhume","floor":30.0},{"not_picked":["Anger+1","Clash+1"],"picked":"Metallicize","floor":31.0},{"not_picked":["Exhume","Juggernaut"],"picked":"Impervious","floor":33.0},{"not_picked":["Rage","Berserk"],"picked":"Metallicize+1","floor":34},{"not_picked":["Sword Boomerang+1","Corruption+1"],"picked":"Battle Trance+1","floor":34},{"not_picked":["Anger+1","Clash"],"picked":"Pummel","floor":35},{"not_picked":["Twin Strike","Heavy Blade"],"picked":"Offering","floor":37},{"not_picked":["Flex+1","Fire Breathing"],"picked":"Clothesline+1","floor":38},{"not_picked":["Hemokinesis+1","Flex+1"],"picked":"Sword Boomerang+1","floor":40},{"not_picked":["Body Slam+1","Exhume"],"picked":"Armaments+1","floor":41},{"not_picked":["Headbutt","Blood for Blood"],"picked":"Intimidate+1","floor":42},{"not_picked":["Infernal Blade+1","Clash"],"picked":"Headbutt+1","floor":44},{"not_picked":["Thunderclap","Clothesline+1"],"picked":"Dark Embrace","floor":47},{"not_picked":["Armaments+1","Dual Wield"],"picked":"Battle Trance+1","floor":48},{"not_picked":["Iron Wave","Perfected Strike+1"],"picked":"Shrug It Off","floor":49}],"player_experience":64646,"relics_obtained":[{"floor":7.0,"key":"Red Skull"},{"floor":9.0,"key":"Pantograph"},{"floor":10.0,"key":"Peace Pipe"},{"floor":26.0,"key":"Bottled Tornado"},{"floor":30.0,"key":"Girya"},{"floor":40,"key":"Ice Cream"},{"floor":43,"key":"Vajra"},{"floor":44,"key":"Dream Catcher"},{"floor":47,"key":"Du-Vu Doll"}],"event_choices":[{"damage_healed":0.0,"max_hp_gain":0.0,"max_hp_loss":0.0,"gold_gain":71.0,"event_name":"Golden Wing","player_choice":"Gained Gold","floor":11.0,"gold_loss":0.0,"damage_taken":0.0},{"damage_healed":0.0,"max_hp_gain":0.0,"max_hp_loss":0.0,"gold_gain":0.0,"event_name":"WeMeetAgain","player_choice":"Paid Gold","floor":13.0,"gold_loss":75.0,"damage_taken":0.0,"relics_obtained":["Regal Pillow"]},{"damage_healed":0.0,"max_hp_gain":0.0,"max_hp_loss":0.0,"gold_gain":0.0,"event_name":"Upgrade Shrine","player_choice":"Upgraded","floor":22.0,"gold_loss":0.0,"damage_taken":0.0,"cards_upgraded":["Shockwave"]},{"damage_healed":49,"gold_gain":0,"player_choice":"Full Heal","damage_taken":0,"max_hp_gain":0,"max_hp_loss":0,"event_name":"Wheel of Change","floor":39,"gold_loss":0},{"cards_removed":["Armaments"],"damage_healed":0,"gold_gain":0,"player_choice":"Removed Skill","damage_taken":0,"max_hp_gain":0,"max_hp_loss":0,"event_name":"Falling","floor":46,"gold_loss":0}],"is_beta":false,"boss_relics":[{"not_picked":["Black Blood","Busted Crown"],"picked":"Velvet Choker"},{"not_picked":["Calling Bell","Philosopher\u0027s Stone"],"picked":"Orrery"}],"items_purged_floors":[36],"is_endless":false,"potions_floor_spawned":[1,4,5,12,14,18,21,29,31,41,42,47],"ascension_level":4}