{"gold_per_floor":[109,120,120,43,43,70,70,100,124,124,135,168,168,185,185,289,289,307,75,75,87,99,130,12,111,111,24,24,41,68,10,10,113,113,125,125,145,0,11,11,44,44,44,74,128,528,538,568,568,568,568,568,4,35,35],"floor_reached":55,"playtime":3893,"items_purged":[],"score":824,"play_id":"33a7ae0f-3000-483b-ae62-752e62d9ed0f","local_time":"20190313221111","is_ascension_mode":false,"campfire_choices":[{"data":"Zap","floor":7,"key":"SMITH"},{"data":"Auto Shields","floor":10,"key":"SMITH"},{"floor":15,"key":"REST"},{"data":"Storm","floor":28,"key":"SMITH"},{"data":"Seek","floor":32,"key":"SMITH"},{"floor":40,"key":"RECALL"},{"floor":42,"key":"REST"},{"floor":49,"key":"REST"},{"data":"Chill","floor":52,"key":"SMITH"}],"neow_cost":"NONE","seed_source_timestamp":633972747052736,"circlet_count":0,"master_deck":["Defend_B","Defend_B+1","Defend_B+1","Zap+1","Dualcast","Dramatic Entrance","Auto Shields+1","FTL","Consume","Turbo","Barrage","Conserve Battery","Conserve Battery","Seek+1","BootSequence+1","Coolheaded","Bite","Bite+1","Bite","Bite","Bite+1","Sweeping Beam","Cold Snap","Barrage","Storm+1","Coolheaded","Barrage","Loop","Capacitor","Redo","Electrodynamics","Defragment","Multi-Cast","Recycle","Madness+1","Madness","Rebound+1","Chill+1","Melter+1","Capacitor","Compile Driver+1","Consume+1","Conserve Battery+1","Redo+1","Capacitor","Buffer"],"relics":["FrozenCore","Regal Pillow","Art of War","NlothsMask","Busted Crown","Runic Capacitor","The Courier","Anchor","War Paint","Centennial Puzzle","Toxic Egg 2","Ice Cream","Old Coin","Unceasing Top","DataDisk","Vajra","ClockworkSouvenir","Whetstone"],"potions_floor_usage":[23,35,39,45,55,55,55],"damage_taken":[{"damage":1,"enemies":"2 Louse","floor":1,"turns":2},{"damage":0,"enemies":"Cultist","floor":2,"turns":3},{"damage":13,"enemies":"3 Sentries","floor":6,"turns":7},{"damage":2,"enemies":"Jaw Worm","floor":11,"turns":3},{"damage":13,"enemies":"Gremlin Nob","floor":12,"turns":4},{"damage":0,"enemies":"Large Slime","floor":14,"turns":4},{"damage":68,"enemies":"Hexaghost","floor":16,"turns":11},{"damage":1,"enemies":"3 Byrds","floor":18,"turns":4},{"damage":10,"enemies":"Shell Parasite","floor":21,"turns":7},{"damage":28,"enemies":"Snake Plant","floor":22,"turns":6},{"damage":27,"enemies":"Slavers","floor":23,"turns":7},{"damage":7,"enemies":"Cultist and Chosen","floor":29,"turns":6},{"damage":13,"enemies":"Gremlin Leader","floor":30,"turns":9},{"damage":6,"enemies":"Collector","floor":33,"turns":6},{"damage":0,"enemies":"3 Darklings","floor":35,"turns":4},{"damage":10,"enemies":"Orb Walker","floor":37,"turns":4},{"damage":0,"enemies":"Jaw Worm Horde","floor":39,"turns":6},{"damage":53,"enemies":"Reptomancer","floor":41,"turns":8},{"damage":45,"enemies":"Giant Head","floor":44,"turns":9},{"damage":5,"enemies":"2 Orb Walkers","floor":45,"turns":5},{"damage":8,"enemies":"Mind Bloom Boss Battle","floor":46,"turns":7},{"damage":0,"enemies":"Transient","floor":47,"turns":5},{"damage":22,"enemies":"Nemesis","floor":48,"turns":9},{"damage":1,"enemies":"Donu and Deca","floor":50,"turns":7},{"damage":14,"enemies":"Shield and Spear","floor":54,"turns":9},{"damage":87,"enemies":"The Heart","floor":55,"turns":8}],"seed_played":"-3176539666736052712","potions_obtained":[{"floor":2,"key":"GamblersBrew"},{"floor":12,"key":"LiquidBronze"},{"floor":16,"key":"Energy Potion"},{"floor":29,"key":"Ancient Potion"},{"floor":33,"key":"EssenceOfSteel"},{"floor":37,"key":"FocusPotion"},{"floor":41,"key":"Regen Potion"},{"floor":47,"key":"SpeedPotion"}],"is_trial":false,"path_per_floor":["M","M","?","$","?","E","R","?","T","R","M","E","?","M","R","B",null,"M","$","?","M","M","E","$","?","T","$","R","M","E","$","R","B",null,"M","?","M","$","M","R","E","R","T","E","?","?","M","E","R","B",null,"R","$","E","B"],"character_chosen":"DEFECT","items_purchased":["Consume","Runic Capacitor","Coolheaded","Storm","Coolheaded","Barrage","Loop","Capacitor","Defragment","Chill","War Paint","DataDisk","Vajra","ClockworkSouvenir","Capacitor","Buffer"],"campfire_rested":3,"item_purchase_floors":[4,19,19,24,24,24,27,27,31,38,38,53,53,53,53,53],"current_hp_per_floor":[74,74,74,74,59,46,46,46,46,46,46,35,35,37,74,7,75,74,74,74,75,55,46,46,46,46,46,46,47,50,50,50,54,75,75,66,62,62,68,68,23,60,60,31,44,42,46,36,73,75,75,75,75,69,0],"gold":35,"neow_bonus":"RANDOM_COLORLESS","is_prod":false,"is_daily":false,"chose_seed":false,"campfire_upgraded":5,"win_rate":0,"timestamp":1552515071,"path_taken":["M","M","?","?","?","E","R","?","T","R","M","E","?","?","R","BOSS","M","$","?","M","M","E","$","?","T","$","R","M","E","?","R","BOSS","M","?","M","$","M","R","E","R","T","E","?","?","M","E","R","BOSS","R","$","E","BOSS"],"build_version":"2019-01-23","purchased_purges":0,"victory":false,"max_hp_per_floor":[75,75,75,75,75,75,75,75,75,75,75,75,75,75,75,75,75,75,75,75,75,75,75,75,75,75,75,75,75,75,75,75,75,75,75,75,75,75,75,75,75,75,75,75,75,75,75,75,75,75,75,75,75,75,75],"card_choices":[{"not_picked":["Force Field","Fusion"],"picked":"Auto Shields","floor":1},{"not_picked":["Steam","Stack"],"picked":"FTL","floor":2},{"not_picked":["Rip and Tear","Redo"],"picked":"Turbo","floor":6},{"not_picked":["Turbo","Blizzard"],"picked":"Barrage","floor":11},{"not_picked":["Go for the Eyes","Barrage"],"picked":"Conserve Battery","floor":12},{"not_picked":["Reinforced Body","Gash"],"picked":"Conserve Battery","floor":14},{"not_picked":["Buffer","Multi-Cast"],"picked":"Seek","floor":16},{"not_picked":[],"picked":"BootSequence+1","floor":18},{"not_picked":[],"picked":"Sweeping Beam","floor":21},{"not_picked":[],"picked":"Cold Snap","floor":22},{"not_picked":[],"picked":"Barrage","floor":23},{"not_picked":[],"picked":"Redo","floor":29},{"not_picked":[],"picked":"Electrodynamics","floor":30},{"not_picked":[],"picked":"Multi-Cast","floor":33},{"not_picked":[],"picked":"Recycle","floor":35},{"not_picked":[],"picked":"Rebound+1","floor":37},{"not_picked":[],"picked":"Melter+1","floor":39},{"not_picked":[],"picked":"Capacitor","floor":41},{"not_picked":[],"picked":"Compile Driver+1","floor":44},{"not_picked":[],"picked":"Consume+1","floor":46},{"not_picked":[],"picked":"Conserve Battery+1","floor":47},{"not_picked":[],"picked":"Redo+1","floor":48},{"not_picked":["Doom and Gloom"],"picked":"SKIP","floor":54}],"player_experience":1040581,"relics_obtained":[{"floor":6,"key":"Blood Vial"},{"floor":9,"key":"Regal Pillow"},{"floor":12,"key":"Art of War"},{"floor":23,"key":"The Courier"},{"floor":30,"key":"Anchor"},{"floor":41,"key":"Centennial Puzzle"},{"floor":44,"key":"Toxic Egg 2"},{"floor":45,"key":"Ice Cream"},{"floor":46,"key":"Old Coin"},{"floor":48,"key":"Unceasing Top"},{"floor":54,"key":"Whetstone"}],"event_choices":[{"cards_removed":["Defend_B"],"damage_healed":0,"gold_gain":0,"player_choice":"Offered Basic","damage_taken":0,"max_hp_gain":0,"max_hp_loss":0,"event_name":"Bonfire Elementals","floor":3,"gold_loss":0},{"damage_healed":0,"gold_gain":0,"player_choice":"Entered Light","damage_taken":15,"max_hp_gain":0,"max_hp_loss":0,"event_name":"Shining Light","floor":5,"gold_loss":0,"cards_upgraded":["Defend_B","Strike_B"]},{"damage_healed":0,"gold_gain":30,"player_choice":"Searched \u00271\u0027 times","damage_taken":0,"max_hp_gain":0,"max_hp_loss":0,"event_name":"Dead Adventurer","floor":8,"gold_loss":0},{"damage_healed":0,"gold_gain":0,"player_choice":"Trade","damage_taken":0,"relics_obtained":["NlothsMask"],"max_hp_gain":0,"max_hp_loss":0,"event_name":"FaceTrader","floor":13,"gold_loss":0},{"damage_healed":0,"gold_gain":0,"player_choice":"Became a vampire (Vial)","damage_taken":0,"max_hp_gain":0,"max_hp_loss":0,"event_name":"Vampires","floor":20,"relics_lost":["Blood Vial"],"gold_loss":0,"cards_obtained":["Bite","Bite","Bite","Bite","Bite"]},{"damage_healed":0,"gold_gain":99,"player_choice":"Stole From Cult","damage_taken":0,"max_hp_gain":0,"max_hp_loss":0,"event_name":"Nest","floor":25,"gold_loss":0},{"damage_healed":0,"gold_gain":0,"player_choice":"Embrace Madness","damage_taken":9,"max_hp_gain":0,"max_hp_loss":0,"event_name":"Winding Halls","floor":36,"gold_loss":0,"cards_obtained":["Madness","Madness"]},{"damage_healed":0,"gold_gain":0,"player_choice":"Fight","damage_taken":0,"max_hp_gain":0,"max_hp_loss":0,"event_name":"Mysterious Sphere","floor":45,"gold_loss":0},{"damage_healed":0,"gold_gain":0,"player_choice":"Fight","damage_taken":0,"max_hp_gain":0,"max_hp_loss":0,"event_name":"MindBloom","floor":46,"gold_loss":0}],"is_beta":false,"boss_relics":[{"not_picked":["Runic Pyramid","Runic Dome"],"picked":"Busted Crown"},{"not_picked":["Coffee Dripper","Empty Cage"],"picked":"FrozenCore"}],"items_purged_floors":[],"is_endless":false,"potions_floor_spawned":[2,12,16,18,21,29,33,37,41,44,47],"killed_by":"The Heart","ascension_level":0}