{"gold_per_floor":[144,144,194,239,284,284,10,55,55,55,55,100,145,190,190,490,490,535,450,450,375,345,435,435,525,550,595,640,640,640,640,640,940,940,985,31,76,76,76,76,121,121,146,191,191,236,281,326,326,326],"floor_reached":50,"playtime":4781,"items_purged":[],"score":574,"play_id":"9885bd97-3b38-4e39-8f2d-6abb9975ea82","local_time":"20180722040517","daily_mods":["Allstar","Midas","Lethality"],"is_ascension_mode":false,"campfire_choices":[{"floor":6,"key":"REST"},{"floor":15,"key":"REST"},{"floor":24,"key":"REST"},{"floor":30,"key":"REST"},{"floor":32,"key":"REST"},{"floor":40,"key":"REST"},{"floor":45,"key":"REST"},{"floor":49,"key":"REST"}],"neow_cost":"","seed_source_timestamp":1914100819645304,"circlet_count":0,"master_deck":["Defend_G","Defend_G","Defend_G","Defend_G","Defend_G","Strike_G","Strike_G","Strike_G","Strike_G","Strike_G","Survivor","Neutralize","Secret Technique","Secret Weapon","Apotheosis+1","Finesse","Secret Weapon","Catalyst","Bouncing Flask","Corpse Explosion","Poisoned Stab","Footwork","Deflect","Slice","Dagger Spray","Poisoned Stab","A Thousand Cuts","Prepared","Bouncing Flask","Flying Knee","Terror","Phantasmal Killer","RitualDagger","Acrobatics","Dagger Spray","Adrenaline","Outmaneuver","Cloak And Dagger+1","Finisher+1","Crippling Poison","Bane+1","Well Laid Plans+1","Corpse Explosion","Transmutation","Poisoned Stab","Noxious Fumes","Envenom","Blur","Poisoned Stab+1","Choke+1","Dramatic Entrance","Mind Blast","Purity","Poisoned Stab","PiercingWail+1","Outmaneuver","Backstab","Riddle With Holes","Footwork+1"],"special_seed":17734,"relics":["Ring of the Snake","Pen Nib","Juzu Bracelet","Blood Vial","Philosopher\u0027s Stone","Bronze Scales","Omamori","Ninja Scroll","Dream Catcher","Orrery","DollysMirror","Calipers","Tiny Chest","Tough Bandages","Regal Pillow","Bag of Preparation"],"potions_floor_usage":[16,16,18,23,23,33,33,38,38,41,44,48],"damage_taken":[{"damage":0,"enemies":"Jaw Worm","floor":1,"turns":3},{"damage":0,"enemies":"2 Louse","floor":4,"turns":2},{"damage":0,"enemies":"Cultist","floor":5,"turns":3},{"damage":11,"enemies":"2 Fungi Beasts","floor":8,"turns":2},{"damage":0,"enemies":"Lots of Slimes","floor":12,"turns":1},{"damage":0,"enemies":"Exordium Wildlife","floor":13,"turns":1},{"damage":0,"enemies":"Looter","floor":14,"turns":2},{"damage":24,"enemies":"The Guardian","floor":16,"turns":7},{"damage":21,"enemies":"Shell Parasite","floor":18,"turns":4},{"damage":30,"enemies":"Gremlin Leader","floor":23,"turns":5},{"damage":30,"enemies":"Book of Stabbing","floor":25,"turns":3},{"damage":0,"enemies":"3 Byrds","floor":27,"turns":2},{"damage":0,"enemies":"3 Cultists","floor":28,"turns":2},{"damage":52,"enemies":"Automaton","floor":33,"turns":6},{"damage":0,"enemies":"3 Darklings","floor":35,"turns":1},{"damage":12,"enemies":"3 Shapes","floor":37,"turns":4},{"damage":0,"floor":38,"turns":3},{"damage":0,"enemies":"Spire Growth","floor":41,"turns":2},{"damage":24,"enemies":"Maw","floor":44,"turns":6},{"damage":3,"enemies":"4 Shapes","floor":46,"turns":2},{"damage":0,"enemies":"3 Darklings","floor":47,"turns":2},{"damage":50,"enemies":"Transient","floor":48,"turns":5},{"damage":74,"enemies":"Donu and Deca","floor":50,"turns":3}],"seed_played":"-8213505433300872967","potions_obtained":[{"floor":4,"key":"Weak Potion"},{"floor":5,"key":"SkillPotion"},{"floor":12,"key":"Weak Potion"},{"floor":18,"key":"SteroidPotion"},{"floor":22,"key":"Explosive Potion"},{"floor":22,"key":"Regen Potion"},{"floor":27,"key":"Fire Potion"},{"floor":28,"key":"LiquidBronze"},{"floor":35,"key":"Fire Potion"},{"floor":41,"key":"Fruit Juice"},{"floor":46,"key":"GamblersBrew"},{"floor":47,"key":"Ancient Potion"}],"is_trial":false,"path_per_floor":["M","?","T","M","M","R","$","M","T","$","?","M","M","M","R","B",null,"M","?","?","?","?","E","R","E","T","M","M","?","R","?","R","B",null,"M","$","M","?","T","R","M","?","T","M","R","M","M","M","R"],"character_chosen":"THE_SILENT","items_purchased":["Juzu Bracelet","Corpse Explosion","Poisoned Stab","DollysMirror","Calipers","Tiny Chest","Transmutation","Poisoned Stab","Noxious Fumes","SteroidPotion"],"campfire_rested":8,"item_purchase_floors":[7,7,7,36,36,36,36,36,36,36],"current_hp_per_floor":[70,70,70,70,70,70,70,59,59,59,59,61,63,65,70,46,70,49,49,49,49,49,30,51,23,23,25,27,21,42,42,63,13,70,70,70,58,60,60,70,70,60,60,43,75,72,74,25,62,0],"gold":326,"neow_bonus":"","is_prod":false,"is_daily":true,"chose_seed":false,"campfire_upgraded":0,"win_rate":0,"timestamp":1532228717,"path_taken":["M","?","?","?","M","R","$","M","T","$","?","M","M","M","R","BOSS","M","?","?","?","?","E","R","E","T","M","M","?","R","?","R","BOSS","M","$","M","?","?","R","M","?","T","M","R","M","M","M","R","BOSS"],"build_version":"2018-07-19v2","purchased_purges":0,"victory":false,"max_hp_per_floor":[70,70,70,70,70,70,70,70,70,70,70,70,70,70,70,70,70,70,70,70,70,70,70,70,70,70,70,70,70,70,70,70,70,70,70,70,70,70,70,70,70,70,70,75,75,75,75,75,75,75],"card_choices":[{"not_picked":["Dagger Throw","Dodge and Roll"],"picked":"Catalyst","floor":1},{"not_picked":["Outmaneuver","Underhanded Strike"],"picked":"Bouncing Flask","floor":4},{"not_picked":["Reflex","Dodge and Roll","Eviscerate"],"picked":"SKIP","floor":5},{"not_picked":["Masterful Stab","Dagger Throw"],"picked":"Footwork","floor":8},{"not_picked":["Well Laid Plans","Underhanded Strike"],"picked":"Slice","floor":12},{"not_picked":["Doppelganger","Underhanded Strike"],"picked":"Dagger Spray","floor":13},{"not_picked":["Sucker Punch","Deadly Poison"],"picked":"Poisoned Stab","floor":14},{"not_picked":["Envenom","Malaise"],"picked":"A Thousand Cuts","floor":16},{"not_picked":["Masterful Stab+1","Accuracy"],"picked":"Prepared","floor":18},{"not_picked":["Dagger Throw","Caltrops"],"picked":"Bouncing Flask","floor":23},{"not_picked":["Sucker Punch+1","Underhanded Strike"],"picked":"Flying Knee","floor":25},{"not_picked":["Predator","Reflex+1"],"picked":"Terror","floor":27},{"not_picked":["Leg Sweep+1","Concentrate"],"picked":"Phantasmal Killer","floor":28},{"not_picked":["Sucker Punch","Poisoned Stab"],"picked":"Acrobatics","floor":30},{"not_picked":["Choke","Dash"],"picked":"Dagger Spray","floor":32},{"not_picked":["Unload","Malaise"],"picked":"Adrenaline","floor":33},{"not_picked":["Quick Slash+1","Sucker Punch"],"picked":"Outmaneuver","floor":34},{"not_picked":["Dodge and Roll","Backflip"],"picked":"Cloak And Dagger+1","floor":34},{"not_picked":["PiercingWail+1","Prepared+1"],"picked":"Finisher+1","floor":34},{"not_picked":["PiercingWail","Choke"],"picked":"Crippling Poison","floor":34},{"not_picked":["Leg Sweep+1","Deflect"],"picked":"Bane+1","floor":34},{"not_picked":["Sucker Punch+1","Dodge and Roll"],"picked":"Well Laid Plans+1","floor":35},{"not_picked":["Poisoned Stab","Slice"],"picked":"Envenom","floor":37},{"not_picked":["Well Laid Plans","Footwork"],"picked":"Blur","floor":38},{"not_picked":["Dagger Throw+1","PiercingWail"],"picked":"Poisoned Stab+1","floor":40},{"not_picked":["Deadly Poison+1","Sucker Punch"],"picked":"Choke+1","floor":41},{"not_picked":["Master of Strategy","Thinking Ahead"],"picked":"Dramatic Entrance","floor":42},{"not_picked":["Good Instincts","Madness"],"picked":"Mind Blast","floor":42},{"not_picked":["Swift Strike","Transmutation"],"picked":"Purity","floor":42},{"not_picked":["Deadly Poison","Slice+1"],"picked":"Poisoned Stab","floor":44},{"not_picked":["All Out Attack","Dagger Throw+1"],"picked":"PiercingWail+1","floor":45},{"not_picked":["Flying Knee+1","Eviscerate+1"],"picked":"Outmaneuver","floor":46},{"not_picked":["Poisoned Stab","Catalyst+1"],"picked":"Backstab","floor":47},{"not_picked":["Backflip+1","Slice+1"],"picked":"Riddle With Holes","floor":48},{"not_picked":["Quick Slash","Reflex"],"picked":"Footwork+1","floor":49}],"player_experience":160240,"relics_obtained":[{"floor":3,"key":"Pen Nib"},{"floor":9,"key":"Blood Vial"},{"floor":23,"key":"Omamori"},{"floor":25,"key":"Ninja Scroll"},{"floor":26,"key":"Dream Catcher"},{"floor":38,"key":"Tough Bandages"},{"floor":39,"key":"Regal Pillow"},{"floor":43,"key":"Bag of Preparation"}],"event_choices":[{"event_name":"Living Wall","player_choice":"Grow","floor":2,"damage_taken":0},{"event_name":"Match and Keep!","player_choice":"1 cards matched","floor":11,"damage_taken":0},{"event_name":"Addict","player_choice":"Obtained Relic","floor":19,"damage_taken":0},{"event_name":"Wheel of Change","player_choice":"Curse","floor":20,"damage_taken":0},{"event_name":"Beggar","player_choice":"Gave Gold","floor":21,"damage_taken":0},{"event_name":"The Woman in Blue","player_choice":"Bought 2 Potions","floor":22,"damage_taken":0},{"event_name":"Nest","player_choice":"Joined the Cult","floor":29,"damage_taken":0},{"event_name":"Cursed Tome","player_choice":"Ignored","floor":31,"damage_taken":0},{"event_name":"MindBloom","player_choice":"Fight","floor":38,"damage_taken":0},{"event_name":"SensoryStone","player_choice":"Memory 3","floor":42,"damage_taken":0}],"is_beta":false,"boss_relics":[{"not_picked":["Calling Bell","Empty Cage"],"picked":"Philosopher\u0027s Stone"},{"not_picked":["Black Star","Eternal Feather"],"picked":"Orrery"}],"items_purged_floors":[],"is_endless":false,"potions_floor_spawned":[4,5,12,18,27,28,35,41,46,47],"killed_by":"Donu and Deca","ascension_level":0}