{"gold_per_floor":[112,112,86,86,106,106,181,181,181,181,201,227,227,243,243,343,343,353,353,53,63,18,18,35,69,69,69],"floor_reached":27,"playtime":1534,"items_purged":[],"score":229,"play_id":"463b5569-1490-4192-8720-b8ea74f627f8","local_time":"20180723095602","is_ascension_mode":false,"campfire_choices":[{"data":"Cleave","floor":6,"key":"SMITH"},{"data":"Cleave","floor":8,"key":"SMITH"},{"data":"Defend_R","floor":10,"key":"SMITH"},{"data":"Armaments","floor":15,"key":"SMITH"},{"data":"Heavy Blade","floor":23,"key":"SMITH"}],"neow_cost":"NONE","seed_source_timestamp":2030076397666562,"circlet_count":0,"master_deck":["Strike_R","Strike_R","Strike_R","Strike_R","Strike_R","Defend_R+1","Defend_R","Defend_R","Defend_R","Bash","Cleave+1","Cleave+1","Seeing Red","Inflame+1","Armaments+1","Heavy Blade+1","Brutality","Anger+1","Bandage Up","Twin Strike","Warcry+1","Flex","Perfected Strike","Headbutt"],"relics":["Burning Blood","NeowsBlessing","Ornamental Fan","Bronze Scales","Black Star","Blood Vial","Shovel","Bird Faced Urn","Oddly Smooth Stone"],"potions_floor_usage":[16,18,24,24,25,27],"damage_taken":[{"damage":0,"enemies":"Small Slimes","floor":1,"turns":1},{"damage":0,"enemies":"2 Louse","floor":5,"turns":1},{"damage":0,"enemies":"Cultist","floor":11,"turns":1},{"damage":15,"enemies":"Gremlin Nob","floor":12,"turns":4},{"damage":7,"enemies":"Blue Slaver","floor":14,"turns":3},{"damage":40,"enemies":"Hexaghost","floor":16,"turns":9},{"damage":19,"enemies":"3 Byrds","floor":18,"turns":3},{"damage":13,"enemies":"Chosen","floor":21,"turns":6},{"damage":24,"enemies":"Snecko","floor":24,"turns":5},{"damage":46,"enemies":"Slavers","floor":25,"turns":4},{"damage":39,"enemies":"Book of Stabbing","floor":27,"turns":4}],"seed_played":"-6063848848643437289","potions_obtained":[{"floor":5,"key":"Regen Potion"},{"floor":11,"key":"Explosive Potion"},{"floor":14,"key":"Explosive Potion"},{"floor":18,"key":"SkillPotion"},{"floor":19,"key":"PowerPotion"},{"floor":25,"key":"Poison Potion"}],"is_trial":false,"path_per_floor":["M","?","$","?","M","R","?","R","T","R","M","E","?","M","R","B",null,"M","?","$","M","$","R","M","E","T"],"character_chosen":"IRONCLAD","items_purchased":["Cleave","Bandage Up","Blood Vial","Twin Strike","Flex"],"campfire_rested":0,"item_purchase_floors":[3,20,20,20,22],"current_hp_per_floor":[80,85,85,85,85,85,74,74,74,74,80,71,71,70,70,50,85,72,72,72,71,71,71,59,25,25,0],"gold":69,"neow_bonus":"THREE_ENEMY_KILL","is_prod":false,"is_daily":false,"chose_seed":false,"campfire_upgraded":5,"win_rate":0,"timestamp":1532336162,"path_taken":["M","?","?","?","M","R","?","R","T","R","?","E","?","M","R","BOSS","M","?","?","M","$","R","M","E","T","E"],"build_version":"2018-07-19v2","purchased_purges":0,"victory":false,"max_hp_per_floor":[80,85,85,85,85,85,85,85,85,85,85,85,85,85,85,85,85,85,85,85,85,85,85,85,85,85,85],"card_choices":[{"not_picked":["Sword Boomerang","Uppercut"],"picked":"Cleave","floor":1},{"not_picked":["Uppercut","Clash"],"picked":"Seeing Red","floor":5},{"not_picked":["Pummel","Clash"],"picked":"Inflame","floor":11},{"not_picked":["Pommel Strike","Clothesline"],"picked":"Armaments","floor":12},{"not_picked":["Warcry","Headbutt"],"picked":"Heavy Blade","floor":14},{"not_picked":["Bludgeon","Berserk"],"picked":"Brutality","floor":16},{"not_picked":["Pommel Strike","Infernal Blade"],"picked":"Anger+1","floor":18},{"not_picked":["Body Slam","Clash"],"picked":"Warcry+1","floor":21},{"not_picked":["Anger+1","Heavy Blade"],"picked":"Perfected Strike","floor":24},{"not_picked":["Dropkick","Clash"],"picked":"Headbutt","floor":25}],"player_experience":182981,"relics_obtained":[{"floor":9,"key":"Ornamental Fan"},{"floor":12,"key":"Bronze Scales"},{"floor":25,"key":"Shovel"},{"floor":25,"key":"Bird Faced Urn"},{"floor":26,"key":"Oddly Smooth Stone"}],"event_choices":[{"event_name":"Big Fish","player_choice":"Donut","floor":2,"damage_taken":0},{"event_name":"Golden Wing","player_choice":"Ignored","floor":4,"damage_taken":0},{"event_name":"World of Goop","player_choice":"Gather Gold","floor":7,"damage_taken":0},{"event_name":"Living Wall","player_choice":"Grow","floor":13,"damage_taken":0},{"event_name":"The Lab","player_choice":"Got Potions","floor":19,"damage_taken":0}],"is_beta":false,"boss_relics":[{"not_picked":["Velvet Choker","Pandora\u0027s Box"],"picked":"Black Star"}],"items_purged_floors":[],"is_endless":false,"potions_floor_spawned":[5,11,14,18,25],"killed_by":"Book of Stabbing","ascension_level":0}