{"gold_per_floor":[113,113,113,124,141,141,61,76,76,41,41,104,123,135,135,230,230,240,340,360,380,391,391,402,433,480,480,498,498,498,28,28,125,125,145,63,0,16,16,16,16,16,97,111,111],"floor_reached":45,"playtime":2187,"items_purged":[],"score":625,"play_id":"5ee63064-6097-4858-acf2-4a37d61b35e9","local_time":"20180903170411","is_ascension_mode":false,"campfire_choices":[{"data":"Barrage","floor":6,"key":"SMITH"},{"data":"Storm","floor":11,"key":"SMITH"},{"data":"Storm","floor":15,"key":"SMITH"},{"floor":23,"key":"REST"},{"floor":27,"key":"REST"},{"data":"Buffer","floor":29,"key":"SMITH"},{"floor":32,"key":"REST"},{"data":"Echo Form","floor":40,"key":"SMITH"},{"data":"Magnetism","floor":42,"key":"SMITH"}],"neow_cost":"","seed_source_timestamp":0,"circlet_count":0,"master_deck":["Strike_B","Strike_B","Strike_B","Strike_B","Defend_B","Defend_B","Defend_B+1","Defend_B+1","Zap","Dualcast","Loop+1","Barrage+1","Self Repair","Storm+1","White Noise","Chill","Storm+1","Buffer+1","Cold Snap+1","Double Energy+1","Loop","White Noise","BootSequence+1","Darkness+1","Capacitor+1","Conserve Battery","Beam Cell+1","Sadistic Nature","Loop","Leap+1","Echo Form+1","Stack+1","Loop","Magnetism+1","Aggregate"],"relics":["FrozenCore","Dream Catcher","Blue Candle","Omamori","Bronze Scales","Nilry\u0027s Codex","Strange Spoon","White Beast Statue","Red Mask","Bottled Tornado","Question Card"],"potions_floor_usage":[12,12,24,33,45],"damage_taken":[{"damage":6,"enemies":"Jaw Worm","floor":1,"turns":2},{"damage":0,"enemies":"Small Slimes","floor":4,"turns":3},{"damage":4,"enemies":"Cultist","floor":5,"turns":4},{"damage":8,"enemies":"Red Slaver","floor":8,"turns":4},{"damage":8,"enemies":"Gremlin Nob","floor":12,"turns":3},{"damage":0,"enemies":"2 Fungi Beasts","floor":13,"turns":3},{"damage":12,"enemies":"Blue Slaver","floor":14,"turns":4},{"damage":23,"enemies":"The Guardian","floor":16,"turns":13},{"damage":20,"enemies":"2 Thieves","floor":18,"turns":3},{"damage":2,"enemies":"Shell Parasite","floor":20,"turns":5},{"damage":27,"enemies":"Snake Plant","floor":21,"turns":4},{"damage":5,"enemies":"3 Cultists","floor":22,"turns":4},{"damage":13,"enemies":"Centurion and Healer","floor":24,"turns":4},{"damage":22,"enemies":"Book of Stabbing","floor":25,"turns":5},{"damage":0,"enemies":"Cultist and Chosen","floor":28,"turns":4},{"damage":47,"enemies":"Automaton","floor":33,"turns":7},{"damage":23,"enemies":"3 Darklings","floor":35,"turns":5},{"damage":7,"enemies":"3 Shapes","floor":38,"turns":3},{"damage":6,"enemies":"Reptomancer","floor":44,"turns":5},{"damage":54,"enemies":"3 Darklings","floor":45,"turns":5}],"seed_played":"-5811521815969449347","potions_obtained":[{"floor":1,"key":"Strength Potion"},{"floor":8,"key":"SteroidPotion"},{"floor":12,"key":"Explosive Potion"},{"floor":12,"key":"FearPotion"},{"floor":21,"key":"FearPotion"},{"floor":25,"key":"EssenceOfSteel"},{"floor":35,"key":"SteroidPotion"},{"floor":38,"key":"LiquidBronze"}],"is_trial":true,"path_per_floor":["M","?","?","M","M","R","$","M","T","?","R","?","M","M","R","B",null,"M","?","M","M","M","R","M","E","T","R","M","R","?","$","R","B",null,"M","$","?","M","T","R","?","R","T","M"],"character_chosen":"DEFECT","items_purchased":["Storm","Sadistic Nature","Strange Spoon","Loop","Loop"],"campfire_rested":3,"item_purchase_floors":[7,31,31,31,36],"current_hp_per_floor":[69,69,54,54,50,50,50,49,49,67,67,66,73,68,68,59,75,55,55,60,40,42,64,51,36,36,58,58,58,42,42,64,24,75,59,59,59,59,59,59,59,59,59,53,0],"gold":111,"neow_bonus":"","is_prod":false,"is_daily":false,"chose_seed":false,"campfire_upgraded":6,"win_rate":0,"timestamp":1535990651,"path_taken":["M","?","?","?","M","R","?","?","T","?","R","?","M","M","R","BOSS","M","?","M","M","M","R","M","E","T","R","M","R","?","$","R","BOSS","M","$","?","M","?","R","?","R","T","M","?"],"build_version":"2018-08-30","purchased_purges":0,"victory":false,"max_hp_per_floor":[75,75,75,75,75,75,75,75,75,75,75,75,75,75,75,75,75,75,75,75,75,75,75,75,75,75,75,75,75,75,75,75,75,75,75,75,75,75,75,75,75,75,75,75,75],"card_choices":[{"not_picked":["Steam Power","Leap"],"picked":"Loop","floor":1},{"not_picked":["Go for the Eyes","Melter"],"picked":"Barrage","floor":4},{"not_picked":["Loop","Beam Cell"],"picked":"Self Repair","floor":5},{"not_picked":["Cold Snap","Streamline"],"picked":"White Noise","floor":8},{"not_picked":["Turbo","Ball Lightning"],"picked":"Chill","floor":12},{"not_picked":["Sunder","Steam"],"picked":"Storm","floor":13},{"not_picked":["Compile Driver","Scrape","Steam Power"],"picked":"SKIP","floor":14},{"not_picked":["Rainbow","Echo Form"],"picked":"Buffer","floor":16},{"not_picked":["Coolheaded","Redo"],"picked":"Cold Snap+1","floor":18},{"not_picked":["Barrage+1","Gash"],"picked":"Double Energy+1","floor":20},{"not_picked":["Sunder","Glacier"],"picked":"Loop","floor":21},{"not_picked":["Coolheaded","Lockon"],"picked":"White Noise","floor":22},{"not_picked":["Ball Lightning+1","Darkness+1"],"picked":"BootSequence+1","floor":23},{"not_picked":["FTL","Streamline"],"picked":"Darkness+1","floor":24},{"not_picked":["Consume","Reinforced Body"],"picked":"Capacitor+1","floor":25},{"not_picked":["Stack","Tempest"],"picked":"Conserve Battery","floor":27},{"not_picked":["Coolheaded","Scrape+1"],"picked":"Beam Cell+1","floor":28},{"not_picked":["Go for the Eyes","Rebound"],"picked":"Leap+1","floor":32},{"not_picked":["Fission","Rainbow"],"picked":"Echo Form","floor":33},{"not_picked":["Hologram","Reprogram+1"],"picked":"Stack+1","floor":35},{"not_picked":["Redo","Streamline+1","Scrape+1"],"picked":"SKIP","floor":38},{"not_picked":["Trip","HandOfGreed"],"picked":"Magnetism","floor":41},{"not_picked":["Reinforced Body","Chill+1","Streamline+1"],"picked":"Aggregate","floor":44}],"player_experience":494051,"relics_obtained":[{"floor":9,"key":"Dream Catcher"},{"floor":12,"key":"Blue Candle"},{"floor":25,"key":"Omamori"},{"floor":26,"key":"Bronze Scales"},{"floor":30,"key":"Nilry\u0027s Codex"},{"floor":39,"key":"Bottled Tornado"},{"floor":43,"key":"Question Card"}],"event_choices":[{"event_name":"Living Wall","player_choice":"Grow","floor":2,"damage_taken":0},{"event_name":"Shining Light","player_choice":"Entered Light","floor":3,"damage_taken":0},{"event_name":"The Cleric","player_choice":"Healed","floor":10,"damage_taken":0},{"event_name":"Dead Adventurer","player_choice":"Searched \u00271\u0027 times","floor":12,"damage_taken":0},{"event_name":"Golden Shrine","player_choice":"Pray","floor":19,"damage_taken":0},{"event_name":"Cursed Tome","player_choice":"Obtained Book","floor":30,"damage_taken":0},{"event_name":"Tomb of Lord Red Mask","player_choice":"Paid","floor":37,"damage_taken":0},{"event_name":"SensoryStone","player_choice":"Memory 1","floor":41,"damage_taken":0}],"is_beta":false,"boss_relics":[{"not_picked":["Tiny House","Orrery"],"picked":"FrozenCore"},{"not_picked":["Snecko Eye","Philosopher\u0027s Stone"],"picked":"White Beast Statue"}],"items_purged_floors":[],"is_endless":true,"potions_floor_spawned":[1,8,12,12,21,25,35,38,44],"killed_by":"3 Darklings","ascension_level":0}