{"gold_per_floor":[110,3,3,20,30,63,80,105,131,158,158,158,187,207,207,286,286,296,136,136,155,55,55,87,87,87,113,113,125,153,153,153,227,227,239,258,133,133,133,168,168,202,256,285,112,112,112,112,112,112,112],"floor_reached":51,"playtime":4750,"items_purged":["Strike_R","Strike_R","Strike_R"],"score":1580,"play_id":"cfa9e95e-9a94-42c2-95d7-014cf49700d9","local_time":"20190318220813","is_ascension_mode":true,"campfire_choices":[{"floor":11.0,"key":"REST"},{"data":"Bash","floor":15.0,"key":"SMITH"},{"data":"Demon Form","floor":23.0,"key":"SMITH"},{"data":"Armaments","floor":25.0,"key":"SMITH"},{"data":"Fire Breathing","floor":32.0,"key":"SMITH"},{"data":"Demon Form","floor":41.0,"key":"SMITH"},{"floor":49.0,"key":"RECALL"}],"neow_cost":"TEN_PERCENT_HP_LOSS","seed_source_timestamp":0,"circlet_count":0,"master_deck":["AscendersBane","Defend_R","Defend_R","Defend_R","Defend_R","Bash+1","Fiend Fire","Iron Wave","Iron Wave","Twin Strike","Feel No Pain","Metallicize","Fire Breathing+1","Metallicize","Reckless Charge","Intimidate","Sword Boomerang","Demon Form+1","Seeing Red","Metallicize","Armaments+1","Intimidate+1","Dual Wield","Intimidate","Body Slam","Whirlwind","Shrug It Off","Heavy Blade","Demon Form+1","Heavy Blade","Seeing Red","Apotheosis","Enlightenment","Trip"],"special_seed":0,"relics":["Burning Blood","Bird Faced Urn","Art of War","Bag of Preparation","Vajra","Ice Cream","CultistMask","Red Skull","Runic Pyramid","StoneCalendar","Calipers","Bronze Scales","Juzu Bracelet","Velvet Choker","Oddly Smooth Stone","Boot","Charon\u0027s Ashes","Happy Flower"],"potions_floor_usage":[],"damage_taken":[{"damage":1.0,"enemies":"Cultist","floor":1.0,"turns":3.0},{"damage":7.0,"enemies":"Jaw Worm","floor":4.0,"turns":3.0},{"damage":8.0,"enemies":"Small Slimes","floor":5.0,"turns":3.0},{"damage":20.0,"enemies":"3 Sentries","floor":6.0,"turns":14.0},{"damage":2.0,"enemies":"Looter","floor":7.0,"turns":3.0},{"damage":30.0,"enemies":"Lagavulin","floor":8.0,"turns":8.0},{"damage":12.0,"enemies":"3 Sentries","floor":10.0,"turns":5.0},{"damage":1.0,"enemies":"Lagavulin","floor":13.0,"turns":6.0},{"damage":1.0,"enemies":"Red Slaver","floor":14.0,"turns":5.0},{"damage":37.0,"enemies":"Hexaghost","floor":16.0,"turns":9.0},{"damage":0.0,"enemies":"Chosen","floor":18.0,"turns":3.0},{"damage":12.0,"enemies":"3 Byrds","floor":21.0,"turns":6.0},{"damage":25.0,"enemies":"Book of Stabbing","floor":24.0,"turns":4.0},{"damage":22.0,"enemies":"Slavers","floor":27.0,"turns":6.0},{"damage":3.0,"enemies":"3 Cultists","floor":29.0,"turns":7.0},{"damage":27.0,"enemies":"Gremlin Leader","floor":30.0,"turns":4.0},{"damage":22.0,"enemies":"Collector","floor":33.0,"turns":9.0},{"damage":18.0,"enemies":"3 Darklings","floor":35.0,"turns":4.0},{"damage":4.0,"enemies":"3 Shapes","floor":36.0,"turns":7.0},{"damage":16.0,"enemies":"Reptomancer","floor":40.0,"turns":5.0},{"damage":0.0,"enemies":"Giant Head","floor":42.0,"turns":5.0},{"damage":9.0,"enemies":"Nemesis","floor":44.0,"turns":3.0},{"damage":51.0,"enemies":"Donu and Deca","floor":50.0,"turns":5.0},{"damage":27,"enemies":"Awakened One","floor":51,"turns":3}],"seed_played":"1286728165733688150","potions_obtained":[{"floor":6.0,"key":"AttackPotion"},{"floor":8.0,"key":"FearPotion"},{"floor":10.0,"key":"BloodPotion"},{"floor":29.0,"key":"LiquidBronze"},{"floor":30.0,"key":"SkillPotion"},{"floor":35.0,"key":"SpeedPotion"}],"is_trial":false,"path_per_floor":["M","$","?","M","M","E","M","E","T","E","R","?","E","M","R","B",null,"M","$","?","M","$","R","E","R","T","E","?","M","E","?","R","B",null,"M","M","$","?","?","E","R","E","T","E","$","?","?","?","R","B","B"],"character_chosen":"IRONCLAD","items_purchased":["Iron Wave","SteroidPotion","Metallicize","Happy Flower"],"campfire_rested":1,"item_purchase_floors":[2,2,19,45],"current_hp_per_floor":[68,68,50,49,47,35,39,21,21,23,43,43,56,68,68,37,60,68,68,68,68,68,68,59,59,59,55,55,68,55,55,55,55,65,61,68,68,58,54,50,50,68,68,67,67,67,67,57,57,18,0],"gold":112,"neow_bonus":"THREE_RARE_CARDS","is_prod":false,"is_daily":false,"chose_seed":false,"campfire_upgraded":5,"win_rate":0,"timestamp":1552964893,"path_taken":["M","$","?","M","M","E","M","E","T","E","R","?","E","M","R","BOSS","M","$","?","M","$","R","E","R","T","E","?","M","E","?","R","BOSS","M","M","$","?","?","E","R","E","T","E","?","?","?","?","R","BOSS","BOSS"],"build_version":"2019-01-23","purchased_purges":3,"victory":false,"max_hp_per_floor":[68,68,68,68,68,68,68,68,68,68,68,68,68,68,68,68,68,68,68,68,68,68,68,68,68,68,68,68,68,68,68,68,68,68,68,68,68,68,68,68,68,68,68,68,68,68,68,68,68,68,68],"card_choices":[{"not_picked":["Double Tap","Exhume"],"picked":"Fiend Fire","floor":0.0},{"not_picked":["Twin Strike","Flex"],"picked":"Iron Wave","floor":1.0},{"not_picked":["Corruption","Dual Wield"],"picked":"Twin Strike","floor":4.0},{"not_picked":["Perfected Strike","Infernal Blade"],"picked":"Feel No Pain","floor":5.0},{"not_picked":["Combust","Sword Boomerang"],"picked":"Metallicize","floor":6.0},{"not_picked":["Rupture","Rage"],"picked":"Fire Breathing","floor":7.0},{"not_picked":["Pommel Strike","Rage"],"picked":"Metallicize","floor":8.0},{"not_picked":["Rupture","Iron Wave"],"picked":"Reckless Charge","floor":10.0},{"not_picked":["Clash","Burning Pact"],"picked":"Intimidate","floor":13.0},{"not_picked":["Second Wind","Fiend Fire"],"picked":"Sword Boomerang","floor":14.0},{"not_picked":["Barricade","Juggernaut"],"picked":"Demon Form","floor":16.0},{"not_picked":["Iron Wave+1","Hemokinesis"],"picked":"Seeing Red","floor":18.0},{"not_picked":["Twin Strike","Pommel Strike","Shockwave"],"picked":"SKIP","floor":21.0},{"not_picked":["Clash","Demon Form"],"picked":"Armaments","floor":24.0},{"not_picked":["Hemokinesis","Rupture"],"picked":"Intimidate+1","floor":27.0},{"not_picked":["Iron Wave+1","Thunderclap+1"],"picked":"Dual Wield","floor":29.0},{"not_picked":["Iron Wave","Flex"],"picked":"Intimidate","floor":30.0},{"not_picked":["Iron Wave","Perfected Strike"],"picked":"Shrug It Off","floor":35.0},{"not_picked":["Warcry","Anger"],"picked":"Heavy Blade","floor":36.0},{"not_picked":["Uppercut+1","Hemokinesis"],"picked":"Demon Form","floor":40.0},{"not_picked":["Headbutt","Havoc"],"picked":"Heavy Blade","floor":42.0},{"not_picked":["Pummel","Bludgeon","Wild Strike"],"picked":"SKIP","floor":44.0},{"not_picked":["Sadistic Nature","Chrysalis"],"picked":"Apotheosis","floor":48.0},{"not_picked":["Sadistic Nature","Thinking Ahead"],"picked":"Enlightenment","floor":48.0},{"not_picked":["HandOfGreed","Violence"],"picked":"Trip","floor":48.0}],"player_experience":834255,"relics_obtained":[{"floor":6.0,"key":"Art of War"},{"floor":8.0,"key":"Bag of Preparation"},{"floor":9.0,"key":"Vajra"},{"floor":10.0,"key":"Ice Cream"},{"floor":13.0,"key":"Red Skull"},{"floor":24.0,"key":"StoneCalendar"},{"floor":26.0,"key":"Calipers"},{"floor":27.0,"key":"Bronze Scales"},{"floor":30.0,"key":"Juzu Bracelet"},{"floor":40.0,"key":"Oddly Smooth Stone"},{"floor":42.0,"key":"Boot"},{"floor":44.0,"key":"Charon\u0027s Ashes"}],"event_choices":[{"damage_healed":0.0,"max_hp_gain":0.0,"max_hp_loss":0.0,"gold_gain":0.0,"event_name":"Scrap Ooze","player_choice":"Success","floor":3.0,"gold_loss":0.0,"damage_taken":18.0,"relics_obtained":["Bird Faced Urn"]},{"damage_healed":0.0,"max_hp_gain":0.0,"max_hp_loss":0.0,"gold_gain":0.0,"event_name":"FaceTrader","player_choice":"Trade","floor":12.0,"gold_loss":0.0,"damage_taken":0.0,"relics_obtained":["CultistMask"]},{"damage_healed":0.0,"max_hp_gain":0.0,"max_hp_loss":0.0,"gold_gain":0.0,"event_name":"Vampires","player_choice":"Ignored","floor":20.0,"gold_loss":0.0,"damage_taken":0.0},{"damage_healed":0.0,"max_hp_gain":0.0,"max_hp_loss":0.0,"gold_gain":0.0,"event_name":"The Mausoleum","player_choice":"Ignored","floor":28.0,"gold_loss":0.0,"damage_taken":0.0},{"damage_healed":0.0,"max_hp_gain":0.0,"max_hp_loss":0.0,"gold_gain":0.0,"cards_transformed":["Strike_R","Strike_R"],"event_name":"Drug Dealer","player_choice":"Became Test Subject","floor":31.0,"gold_loss":0.0,"damage_taken":0.0,"cards_obtained":["Body Slam","Whirlwind"]},{"damage_healed":0.0,"max_hp_gain":0.0,"max_hp_loss":0.0,"gold_gain":0.0,"event_name":"Wheel of Change","player_choice":"Damaged","floor":38.0,"gold_loss":0.0,"damage_taken":10.0},{"damage_healed":0.0,"max_hp_gain":0.0,"max_hp_loss":0.0,"gold_gain":0.0,"event_name":"The Woman in Blue","player_choice":"Bought 0 Potions","floor":39.0,"gold_loss":0.0,"damage_taken":0.0},{"damage_healed":0.0,"max_hp_gain":0.0,"max_hp_loss":0.0,"gold_gain":0.0,"event_name":"Match and Keep!","player_choice":"1 cards matched","floor":46.0,"gold_loss":0.0,"damage_taken":0.0,"cards_obtained":["Seeing Red"]},{"damage_healed":0.0,"max_hp_gain":0.0,"max_hp_loss":0.0,"gold_gain":0.0,"event_name":"Tomb of Lord Red Mask","player_choice":"Ignored","floor":47.0,"gold_loss":0.0,"damage_taken":0.0},{"damage_healed":0.0,"max_hp_gain":0.0,"max_hp_loss":0.0,"gold_gain":0.0,"event_name":"SensoryStone","player_choice":"Memory 3","floor":48.0,"gold_loss":0.0,"damage_taken":10.0}],"is_beta":false,"boss_relics":[{"not_picked":["Astrolabe","Runic Cube"],"picked":"Runic Pyramid"},{"not_picked":["Pandora\u0027s Box","Orrery"],"picked":"Velvet Choker"}],"items_purged_floors":[19,22,37],"is_endless":false,"potions_floor_spawned":[6,7,8,10,21,29,30,35,40],"killed_by":"Awakened One","ascension_level":20}