{"gold_per_floor":[117,134,149,161,18,48,48,68,68,68,78,78,110,110,110,205,205,218,293,293,306,323,323,323,323,378,397,407,417,417,417],"floor_reached":31,"playtime":2371,"items_purged":[],"score":276,"play_id":"e5583a2b-4d58-4647-9ea1-da1d87be385d","local_time":"20180909190911","is_ascension_mode":false,"campfire_choices":[{"floor":7,"key":"REST"},{"floor":10,"key":"REST"},{"data":"Creative AI","floor":12,"key":"SMITH"},{"data":"Hologram","floor":15,"key":"SMITH"},{"floor":23,"key":"REST"},{"data":"Storm","floor":25,"key":"SMITH"}],"neow_cost":"NONE","seed_source_timestamp":812583375311030,"circlet_count":0,"master_deck":["Strike_B","Strike_B","Strike_B","Strike_B","Defend_B","Defend_B","Defend_B","Defend_B","Zap","Dualcast","Creative AI+1","Force Field","Steam","Go for the Eyes","Aggregate","Sunder","Hologram+1","Reboot","Gash","Thunder Strike","Steam+1","Purity","Storm+1","Barrage+1","Gash","Capacitor+1","Hologram","Leap+1"],"relics":["Cracked Core","Orichalcum","Boot","Mummified Hand","Dream Catcher","Black Star","Pen Nib","Bird Faced Urn"],"potions_floor_usage":[8,13,13,14,27,27,31,31,31,31,31,31],"damage_taken":[{"damage":5,"enemies":"Cultist","floor":1,"turns":4},{"damage":5,"enemies":"Small Slimes","floor":2,"turns":3},{"damage":0,"enemies":"Jaw Worm","floor":3,"turns":3},{"damage":1,"enemies":"Blue Slaver","floor":4,"turns":5},{"damage":36,"enemies":"Gremlin Nob","floor":6,"turns":9},{"damage":9,"enemies":"Gremlin Gang","floor":8,"turns":6},{"damage":2,"enemies":"Large Slime","floor":11,"turns":4},{"damage":0,"enemies":"3 Sentries","floor":13,"turns":7},{"damage":0,"enemies":"2 Fungi Beasts","floor":14,"turns":1},{"damage":40,"enemies":"The Guardian","floor":16,"turns":11},{"damage":14,"enemies":"Shell Parasite","floor":18,"turns":9},{"damage":16,"enemies":"Chosen","floor":21,"turns":8},{"damage":3,"enemies":"Sentry and Sphere","floor":22,"turns":5},{"damage":4,"enemies":"Chosen and Byrds","floor":27,"turns":4},{"damage":11,"enemies":"Centurion and Healer","floor":28,"turns":6},{"damage":15,"enemies":"Sentry and Sphere","floor":29,"turns":5},{"damage":39,"enemies":"Slavers","floor":31,"turns":4}],"seed_played":"1266919047544418067","potions_obtained":[{"floor":3,"key":"AttackPotion"},{"floor":4,"key":"SkillPotion"},{"floor":11,"key":"Dexterity Potion"},{"floor":13,"key":"SmokeBomb"},{"floor":16,"key":"FearPotion"},{"floor":24,"key":"LiquidBronze"},{"floor":24,"key":"PowerPotion"},{"floor":28,"key":"EntropicBrew"},{"floor":29,"key":"Poison Potion"}],"is_trial":false,"path_per_floor":["M","M","M","M","$","E","R","M","T","R","M","R","E","M","R","B",null,"M","?","?","M","M","R","?","R","T","M","M","M","?"],"character_chosen":"DEFECT","items_purchased":["Orichalcum"],"campfire_rested":3,"item_purchase_floors":[5],"current_hp_per_floor":[70,65,65,64,64,28,50,41,41,63,61,61,61,61,61,21,75,61,54,54,38,35,57,57,57,57,53,42,27,27,0],"gold":417,"neow_bonus":"ONE_RANDOM_RARE_CARD","is_prod":false,"is_daily":false,"chose_seed":false,"campfire_upgraded":3,"win_rate":0,"timestamp":1536516551,"path_taken":["M","?","?","M","$","E","R","M","T","R","M","R","E","M","R","BOSS","M","?","?","M","M","R","?","R","T","M","?","M","?","E"],"build_version":"2018-09-06","purchased_purges":0,"victory":false,"max_hp_per_floor":[75,75,75,75,75,75,75,75,75,75,75,75,75,75,75,75,75,75,75,75,75,75,75,75,75,75,75,75,75,75,75],"card_choices":[{"not_picked":["Compile Driver","Hello World"],"picked":"Force Field","floor":1},{"not_picked":["Rebound","Cold Snap"],"picked":"Steam","floor":2},{"not_picked":["Compile Driver","Chaos"],"picked":"Go for the Eyes","floor":3},{"not_picked":["Ball Lightning","Lockon"],"picked":"Aggregate","floor":4},{"not_picked":["Genetic Algorithm","Redo"],"picked":"Sunder","floor":6},{"not_picked":["Fusion","BootSequence"],"picked":"Hologram","floor":8},{"not_picked":["Cold Snap","Ball Lightning"],"picked":"Reboot","floor":11},{"not_picked":["Ball Lightning","Stack"],"picked":"Gash","floor":13},{"not_picked":["Reboot","Multi-Cast"],"picked":"Thunder Strike","floor":16},{"not_picked":["Rebound","Compile Driver"],"picked":"Steam+1","floor":18},{"not_picked":["Go for the Eyes+1","Double Energy"],"picked":"Storm","floor":21},{"not_picked":["Fusion","Ball Lightning+1"],"picked":"Barrage+1","floor":22},{"not_picked":["Go for the Eyes","Streamline+1"],"picked":"Gash","floor":23},{"not_picked":["Barrage","Compile Driver"],"picked":"Capacitor+1","floor":27},{"not_picked":["Steam","Scrape"],"picked":"Hologram","floor":28},{"not_picked":["Blizzard+1","Go for the Eyes"],"picked":"Leap+1","floor":29}],"player_experience":524347,"relics_obtained":[{"floor":6,"key":"Boot"},{"floor":9,"key":"Mummified Hand"},{"floor":13,"key":"Dream Catcher"},{"floor":26,"key":"Pen Nib"}],"event_choices":[{"event_name":"FaceTrader","player_choice":"Touch","floor":19,"damage_taken":0},{"event_name":"Match and Keep!","player_choice":"1 cards matched","floor":20,"damage_taken":0},{"event_name":"The Lab","player_choice":"Got Potions","floor":24,"damage_taken":0},{"event_name":"The Mausoleum","player_choice":"Yes","floor":30,"damage_taken":0}],"is_beta":false,"boss_relics":[{"not_picked":["Philosopher\u0027s Stone","Ectoplasm"],"picked":"Black Star"}],"items_purged_floors":[],"is_endless":false,"potions_floor_spawned":[3,4,11,13,16,28,29],"killed_by":"Slavers","ascension_level":0}