{"gold_per_floor":[114,171,186,201,228,270,297,324,336,363,375,402,429,441,453,565,577,604,616,643,670,682,694,721,748,815,854,881,908,11,26,26,126,126,141,184,199,214,229,229,15,15,15,30,30,45,60,60,60,60],"floor_reached":51,"playtime":3668,"items_purged":[],"score":790,"play_id":"bda691c9-0602-4913-8ab9-4b66b1f16360","local_time":"20180801205851","daily_mods":["Insanity","Night Terrors","Vintage"],"is_ascension_mode":false,"campfire_choices":[{"data":"Storm","floor":15,"key":"SMITH"},{"data":"Self Repair","floor":23,"key":"SMITH"},{"data":"Defragment","floor":32,"key":"SMITH"},{"data":"Creative AI","floor":40,"key":"SMITH"},{"data":"Buffer","floor":45,"key":"SMITH"},{"data":"Creative AI","floor":49,"key":"SMITH"}],"neow_cost":"","seed_source_timestamp":0,"circlet_count":0,"master_deck":["All For One","BootSequence+1","Coolheaded","Gash+1","Fission","Zap","Doom and Gloom","Double Energy","Rip and Tear","Sunder","Blizzard","Echo Form","Turbo","Defend_B","Genetic Algorithm","Lockon","Hello World","Melter","White Noise+1","Dualcast","Doom and Gloom","Rainbow","Static Discharge","Lockon","Rainbow","Machine Learning","Strike_B","Compile Driver","Aggregate","Defragment+1","Loop","Rebound","Multi-Cast","Auto Shields","Undo","Rip and Tear","Rainbow","Ball Lightning","Ball Lightning","Static Discharge","Hello World","Storm+1","Self Repair+1","Heatsinks","Blizzard","Conserve Battery","Rainbow","Compile Driver","Dualcast","Cold Snap+1","Hologram","Creative AI+1","Beam Cell","Loop","Loop","Creative AI+1","Beam Cell+1","Buffer+1","Bandage Up+1","Capacitor","Meteor Strike","Consume+1"],"special_seed":17744,"relics":["Cracked Core","Matryoshka","Nunchaku","MawBank","Dream Catcher","Shuriken","Strawberry","Ornamental Fan","Bronze Scales","The Courier","Potion Belt","Lantern","Question Card","Pear","Toxic Egg 2","White Beast Statue","War Paint","Whetstone","Regal Pillow","Blood Vial","Happy Flower","Tiny Chest","Bag of Preparation","Red Mask","Smiling Mask","Symbiotic Virus","Bag of Marbles","Membership Card","Mercury Hourglass","Dodecahedron","Oddly Smooth Stone","DataDisk","Juzu Bracelet","Runic Dome","Centennial Puzzle","Incense Burner","Vajra","Ancient Tea Set","Pen Nib","Orichalcum","Art of War","Pantograph","Letter Opener"],"potions_floor_usage":[8,8,16,24,25,25,27,27,29,35,35,36,39,39,42,47,50,50,50,50],"damage_taken":[{"damage":3,"enemies":"Small Slimes","floor":1,"turns":3},{"damage":1,"enemies":"Jaw Worm","floor":3,"turns":3},{"damage":0,"enemies":"Cultist","floor":4,"turns":3},{"damage":8,"enemies":"Lots of Slimes","floor":5,"turns":3},{"damage":21,"enemies":"3 Sentries","floor":6,"turns":5},{"damage":3,"enemies":"Looter","floor":7,"turns":3},{"damage":7,"enemies":"Exordium Wildlife","floor":8,"turns":4},{"damage":0,"enemies":"Exordium Thugs","floor":10,"turns":3},{"damage":0,"enemies":"Looter","floor":12,"turns":3},{"damage":0,"enemies":"2 Fungi Beasts","floor":13,"turns":2},{"damage":21,"enemies":"The Guardian","floor":16,"turns":7},{"damage":12,"enemies":"Shell Parasite","floor":18,"turns":4},{"damage":6,"enemies":"2 Thieves","floor":20,"turns":3},{"damage":16,"enemies":"Snake Plant","floor":21,"turns":3},{"damage":3,"enemies":"Cultist and Chosen","floor":24,"turns":3},{"damage":0,"enemies":"3 Cultists","floor":25,"turns":4},{"damage":10,"floor":27,"turns":3},{"damage":0,"enemies":"Chosen and Byrds","floor":28,"turns":3},{"damage":6,"enemies":"Snake Plant","floor":29,"turns":2},{"damage":0,"enemies":"Snecko","floor":31,"turns":3},{"damage":3,"enemies":"Champ","floor":33,"turns":5},{"damage":24,"enemies":"3 Darklings","floor":35,"turns":5},{"damage":0,"floor":36,"turns":2},{"damage":0,"enemies":"Orb Walker","floor":37,"turns":3},{"damage":2,"enemies":"Flame Bruiser 2 Orb","floor":38,"turns":3},{"damage":0,"enemies":"Transient","floor":39,"turns":5},{"damage":0,"enemies":"Maw","floor":42,"turns":1},{"damage":10,"enemies":"3 Darklings","floor":44,"turns":3},{"damage":4,"enemies":"Spire Growth","floor":46,"turns":3},{"damage":1,"enemies":"Sphere and 2 Shapes","floor":47,"turns":2},{"damage":9,"enemies":"Donu and Deca","floor":50,"turns":5}],"seed_played":"6799586838915861178","potions_obtained":[{"floor":4,"key":"SkillPotion"},{"floor":7,"key":"Explosive Potion"},{"floor":8,"key":"GamblersBrew"},{"floor":12,"key":"Explosive Potion"},{"floor":13,"key":"Fire Potion"},{"floor":18,"key":"Dexterity Potion"},{"floor":20,"key":"FearPotion"},{"floor":21,"key":"Energy Potion"},{"floor":24,"key":"Energy Potion"},{"floor":25,"key":"Poison Potion"},{"floor":27,"key":"Fire Potion"},{"floor":28,"key":"Regen Potion"},{"floor":29,"key":"LiquidBronze"},{"floor":31,"key":"EssenceOfSteel"},{"floor":33,"key":"EssenceOfSteel"},{"floor":35,"key":"Fire Potion"},{"floor":36,"key":"SmokeBomb"},{"floor":37,"key":"Energy Potion"},{"floor":39,"key":"EssenceOfSteel"},{"floor":44,"key":"PowerPotion"},{"floor":46,"key":"SpeedPotion"},{"floor":47,"key":"Poison Potion"}],"is_trial":false,"path_per_floor":["M","?","M","M","M","E","M","M","T","M","?","M","M","?","R","B",null,"M","?","M","M","?","R","M","M","T","?","M","M","$","M","R","B",null,"M","?","M","M","M","R","$","M","T","M","R","M","M","?","R","B"],"character_chosen":"DEFECT","items_purchased":["Bag of Marbles","Membership Card","Mercury Hourglass","Dodecahedron","Oddly Smooth Stone","Loop","Loop","Buffer","Bandage Up+1","Capacitor"],"campfire_rested":0,"item_purchase_floors":[30,30,30,30,30,30,30,41,41,41],"current_hp_per_floor":[75,75,74,74,66,52,63,63,63,63,51,51,61,61,61,40,92,80,80,74,65,65,65,72,84,84,86,88,92,92,92,92,92,92,68,70,72,72,84,84,84,86,86,92,92,88,89,89,89,92],"gold":60,"neow_bonus":"","is_prod":false,"is_daily":true,"chose_seed":false,"campfire_upgraded":6,"win_rate":0,"timestamp":1533153531,"path_taken":["M","?","M","M","M","E","M","M","T","M","?","?","?","?","R","BOSS","M","?","M","?","?","R","M","M","T","?","M","M","$","?","R","BOSS","M","?","M","M","M","R","$","M","T","M","R","M","M","?","R","BOSS"],"build_version":"2018-07-26","purchased_purges":0,"victory":true,"max_hp_per_floor":[75,75,75,75,75,75,82,82,82,82,82,82,92,92,92,92,92,92,92,92,92,92,92,92,92,92,92,92,92,92,92,92,92,92,92,92,92,92,92,92,92,92,92,92,92,92,92,92,92,92],"card_choices":[{"not_picked":["Steam Power","FTL"],"picked":"Hologram","floor":6},{"not_picked":["All For One","Rainbow","Core Surge"],"picked":"Creative AI","floor":16},{"not_picked":["Steam Power+1","Coolheaded+1","Blizzard+1"],"picked":"Beam Cell","floor":27},{"not_picked":["Machine Learning","All For One","Fission+1"],"picked":"Creative AI","floor":33},{"not_picked":["Doom and Gloom","Compile Driver","Steam+1"],"picked":"Beam Cell+1","floor":36}],"player_experience":276614,"relics_obtained":[{"floor":1,"key":"Matryoshka"},{"floor":3,"key":"Nunchaku"},{"floor":4,"key":"MawBank"},{"floor":5,"key":"Dream Catcher"},{"floor":6,"key":"Shuriken"},{"floor":7,"key":"Strawberry"},{"floor":8,"key":"Ornamental Fan"},{"floor":9,"key":"Bronze Scales"},{"floor":9,"key":"The Courier"},{"floor":10,"key":"Potion Belt"},{"floor":12,"key":"Question Card"},{"floor":13,"key":"Pear"},{"floor":16,"key":"Toxic Egg 2"},{"floor":18,"key":"War Paint"},{"floor":20,"key":"Whetstone"},{"floor":21,"key":"Regal Pillow"},{"floor":24,"key":"Blood Vial"},{"floor":25,"key":"Happy Flower"},{"floor":26,"key":"Tiny Chest"},{"floor":26,"key":"Bag of Preparation"},{"floor":27,"key":"Red Mask"},{"floor":28,"key":"Smiling Mask"},{"floor":29,"key":"Symbiotic Virus"},{"floor":31,"key":"DataDisk"},{"floor":33,"key":"Juzu Bracelet"},{"floor":35,"key":"Centennial Puzzle"},{"floor":36,"key":"Incense Burner"},{"floor":37,"key":"Vajra"},{"floor":38,"key":"Ancient Tea Set"},{"floor":39,"key":"Pen Nib"},{"floor":43,"key":"Orichalcum"},{"floor":44,"key":"Art of War"},{"floor":46,"key":"Pantograph"},{"floor":47,"key":"Letter Opener"}],"event_choices":[{"event_name":"Golden Wing","player_choice":"Gained Gold","floor":2,"damage_taken":0},{"event_name":"Scrap Ooze","player_choice":"success","floor":11,"damage_taken":12},{"event_name":"Liars Game","player_choice":"disagreed","floor":14,"damage_taken":0},{"event_name":"The Mausoleum","player_choice":"No","floor":19,"damage_taken":0},{"event_name":"Ghosts","player_choice":"Ignored","floor":22,"damage_taken":0},{"event_name":"Masked Bandits","player_choice":"Fought over 827 gold","floor":27,"damage_taken":0},{"event_name":"Mysterious Sphere","player_choice":"Fight","floor":36,"damage_taken":0},{"event_name":"Match and Keep!","player_choice":"2 cards matched","floor":48,"damage_taken":0}],"is_beta":false,"boss_relics":[{"not_picked":["Empty Cage","Black Star"],"picked":"White Beast Statue"},{"not_picked":["Fusion Hammer","Sozu"],"picked":"Runic Dome"}],"items_purged_floors":[],"is_endless":false,"potions_floor_spawned":[4,7,8,12,13,18,20,21,24,25,27,28,29,31,33,35,36,37,38,39,42,44,46,47],"ascension_level":0}