{"gold_per_floor":[116,128,23,98,98,131,131,131,131,131,43,55,71,91,91,188,188,199,199,267,155,168,168,143,217,297,317,23,23,43,59,59,59],"floor_reached":33,"playtime":4466,"items_purged":["Pain","Pain"],"score":247,"play_id":"d5a859dd-934e-4607-8162-082575c29148","local_time":"20190316033844","is_ascension_mode":false,"campfire_choices":[{"floor":8,"key":"REST"},{"floor":10,"key":"REST"},{"floor":15,"key":"REST"},{"floor":23,"key":"REST"},{"floor":29,"key":"REST"},{"floor":32,"key":"REST"}],"neow_cost":"NONE","seed_source_timestamp":242446677049626,"circlet_count":0,"master_deck":["Defend_G","Defend_G","Defend_G","Defend_G","Defend_G","Strike_G","Strike_G","Strike_G","Strike_G","Strike_G","Survivor","Neutralize","Deadly Poison","Footwork","Reflex","Prepared","Underhanded Strike+1","Catalyst","Caltrops","Sucker Punch+1","PiercingWail","Adrenaline","Injury","Noxious Fumes+1","Dash+1","Poisoned Stab+1","Leg Sweep+1"],"relics":["Lizard Tail","Mummified Hand","Molten Egg 2","WarpedTongs","Pantograph","Calling Bell","Potion Belt","Singing Bowl","Gambling Chip","SsserpentHead","Art of War","Strange Spoon"],"potions_floor_usage":[2,12,22,22,31,33],"damage_taken":[{"damage":5,"enemies":"2 Louse","floor":1,"turns":4},{"damage":5,"enemies":"Small Slimes","floor":2,"turns":3},{"damage":64,"enemies":"Lagavulin","floor":6,"turns":14},{"damage":5,"enemies":"Cultist","floor":12,"turns":5},{"damage":8,"enemies":"Exordium Thugs","floor":13,"turns":4},{"damage":6,"enemies":"Red Slaver","floor":14,"turns":3},{"damage":32,"enemies":"Hexaghost","floor":16,"turns":13},{"damage":16,"enemies":"Shell Parasite","floor":18,"turns":9},{"damage":44,"enemies":"Spheric Guardian","floor":20,"turns":8},{"damage":10,"enemies":"Centurion and Healer","floor":22,"turns":9},{"damage":21,"enemies":"Snecko","floor":27,"turns":7},{"damage":27,"enemies":"Sentry and Sphere","floor":30,"turns":8},{"damage":3,"enemies":"Centurion and Healer","floor":31,"turns":5},{"damage":59,"enemies":"Collector","floor":33,"turns":12}],"seed_played":"6745206660464580870","potions_obtained":[{"floor":1,"key":"SteroidPotion"},{"floor":6,"key":"GamblersBrew"},{"floor":16,"key":"SteroidPotion"},{"floor":18,"key":"Ancient Potion"},{"floor":30,"key":"SteroidPotion"},{"floor":31,"key":"LiquidBronze"}],"is_trial":false,"path_per_floor":["M","M","$","?","?","E","?","R","T","R","$","M","M","M","R","B",null,"M","?","M","$","M","R","?","T","T","M","$","R","M","M","R","B"],"character_chosen":"THE_SILENT","items_purchased":["Footwork","Reflex","Underhanded Strike+1","Catalyst","Dash+1","Strange Spoon","Poisoned Stab+1"],"campfire_rested":6,"item_purchase_floors":[3,3,11,11,21,28,28],"current_hp_per_floor":[65,60,60,49,37,8,8,29,29,50,50,45,37,31,52,38,70,54,54,12,12,4,26,26,26,26,7,7,29,4,1,24,0],"gold":59,"neow_bonus":"BOSS_RELIC","is_prod":false,"is_daily":false,"chose_seed":false,"campfire_upgraded":0,"win_rate":0,"timestamp":1552716524,"path_taken":["M","M","$","?","?","E","?","R","T","R","$","?","M","M","R","BOSS","M","?","?","$","M","R","?","?","T","M","?","R","M","M","R","BOSS"],"build_version":"2019-02-06","purchased_purges":2,"victory":false,"max_hp_per_floor":[70,70,70,70,70,70,70,70,70,70,70,70,70,70,70,70,70,70,70,72,72,74,74,74,74,74,76,76,76,78,78,78,78],"card_choices":[{"not_picked":["Escape Plan","Deflect"],"picked":"Deadly Poison","floor":1},{"not_picked":["Slice","Flechettes","Quick Slash"],"picked":"SKIP","floor":2},{"not_picked":["Crippling Poison","Catalyst"],"picked":"Prepared","floor":6},{"not_picked":["Grand Finale+1","Dodge and Roll"],"picked":"Caltrops","floor":12},{"not_picked":["Heel Hook+1","Acrobatics"],"picked":"Sucker Punch+1","floor":13},{"not_picked":["Sucker Punch+1","All Out Attack+1"],"picked":"PiercingWail","floor":14},{"not_picked":["Storm of Steel","A Thousand Cuts"],"picked":"Adrenaline","floor":16},{"not_picked":["Crippling Poison","Dodge and Roll"],"picked":"Noxious Fumes+1","floor":18},{"not_picked":["Dagger Spray+1","Acrobatics","Corpse Explosion"],"picked":"Singing Bowl","floor":20},{"not_picked":["Dodge and Roll+1","Flying Knee+1","Acrobatics"],"picked":"Singing Bowl","floor":22},{"not_picked":["Cloak And Dagger","Dagger Spray+1","Slice+1"],"picked":"Singing Bowl","floor":27},{"not_picked":["Setup","Deadly Poison","Dash+1"],"picked":"Singing Bowl","floor":30},{"not_picked":["Poisoned Stab+1","Dodge and Roll+1"],"picked":"Leg Sweep+1","floor":31}],"player_experience":715062,"relics_obtained":[{"floor":6,"key":"Molten Egg 2"},{"floor":9,"key":"Pantograph"},{"floor":17,"key":"Potion Belt"},{"floor":17,"key":"Singing Bowl"},{"floor":17,"key":"Gambling Chip"},{"floor":25,"key":"Art of War"}],"event_choices":[{"damage_healed":0,"gold_gain":75,"player_choice":"Gather Gold","damage_taken":11,"max_hp_gain":0,"max_hp_loss":0,"event_name":"World of Goop","floor":4,"gold_loss":0},{"damage_healed":0,"gold_gain":0,"player_choice":"Success","damage_taken":12,"relics_obtained":["Mummified Hand"],"max_hp_gain":0,"max_hp_loss":0,"event_name":"Scrap Ooze","floor":5,"gold_loss":0},{"damage_healed":0,"gold_gain":0,"player_choice":"Rummage","damage_taken":0,"relics_obtained":["WarpedTongs"],"max_hp_gain":0,"max_hp_loss":0,"event_name":"Accursed Blacksmith","floor":7,"gold_loss":0,"cards_obtained":["Pain"]},{"damage_healed":0,"gold_gain":0,"player_choice":"Trade","damage_taken":0,"relics_obtained":["SsserpentHead"],"max_hp_gain":0,"max_hp_loss":0,"event_name":"FaceTrader","floor":19,"gold_loss":0},{"cards_removed":["Normality"],"damage_healed":0,"gold_gain":0,"player_choice":"Gave Gold","damage_taken":0,"max_hp_gain":0,"max_hp_loss":0,"event_name":"Beggar","floor":24,"gold_loss":75}],"is_beta":true,"boss_relics":[{"not_picked":["Orrery","Philosopher\u0027s Stone"],"picked":"Calling Bell"}],"items_purged_floors":[21,28],"is_endless":false,"potions_floor_spawned":[1,6,16,18,30,31],"killed_by":"Collector","ascension_level":0}