{"gold_per_floor":[112,22,22,40,59,59,116,162,187,187,187,26,26,46,46,141,141,151,171,184,202,202,202,202],"floor_reached":24,"playtime":4169,"items_purged":[],"score":186,"play_id":"c594606b-c7b7-49ac-bc23-a6a4654ae268","local_time":"20190316162841","is_ascension_mode":false,"campfire_choices":[{"data":"Anger","floor":6,"key":"SMITH"},{"floor":10,"key":"REST"},{"floor":15,"key":"REST"},{"floor":23,"key":"REST"}],"neow_cost":"PERCENT_DAMAGE","seed_source_timestamp":529991539631331,"circlet_count":0,"master_deck":["Strike_R","Strike_R","Strike_R","Strike_R","Strike_R","Defend_R","Defend_R","Bash","Discovery","Impatience","Seeing Red","Clash","Anger+1","Hemokinesis","Anger+1","Impervious","Blood for Blood","Shrug It Off","Inflame","Fire Breathing","Armaments","Juggernaut","Iron Wave+1","Whirlwind","Iron Wave","Cleave+1","Inflame+1"],"relics":["Burning Blood","Torii","Dream Catcher","Anchor","Peace Pipe","Empty Cage"],"potions_floor_usage":[24,24,24],"damage_taken":[{"damage":7,"enemies":"Small Slimes","floor":1,"turns":4},{"damage":1,"enemies":"Jaw Worm","floor":4,"turns":3},{"damage":12,"enemies":"2 Louse","floor":5,"turns":2},{"damage":34,"enemies":"Lagavulin Event","floor":7,"turns":5},{"damage":27,"enemies":"Gremlin Gang","floor":14,"turns":5},{"damage":29,"enemies":"Hexaghost","floor":16,"turns":10},{"damage":24,"enemies":"2 Thieves","floor":18,"turns":4},{"damage":7,"enemies":"Shell Parasite","floor":19,"turns":5},{"damage":39,"enemies":"Centurion and Healer","floor":20,"turns":7},{"damage":23,"enemies":"Sentry and Sphere","floor":21,"turns":6},{"damage":38,"enemies":"Book of Stabbing","floor":24,"turns":5}],"seed_played":"8078283187014050940","potions_obtained":[{"floor":4,"key":"Swift Potion"},{"floor":5,"key":"Ancient Potion"},{"floor":16,"key":"AttackPotion"},{"floor":18,"key":"Strength Potion"}],"is_trial":false,"path_per_floor":["M","$","?","M","M","R","?","T","T","R","?","$","T","M","R","B",null,"M","M","M","M","?","R","E"],"character_chosen":"IRONCLAD","items_purchased":["Clash","Corruption","Blood for Blood","Shrug It Off","Inflame"],"campfire_rested":3,"item_purchase_floors":[2,2,12,12,12],"current_hp_per_floor":[55,55,55,60,54,54,26,26,26,50,50,50,50,29,53,30,80,62,61,28,11,11,35,0],"gold":202,"neow_bonus":"RANDOM_COLORLESS_2","is_prod":false,"is_daily":false,"chose_seed":false,"campfire_upgraded":1,"win_rate":0.0,"timestamp":1552753721,"path_taken":["M","$","?","M","M","R","?","?","T","R","?","$","?","M","R","BOSS","M","M","?","M","?","R","E"],"build_version":"2019-01-23","purchased_purges":0,"victory":false,"max_hp_per_floor":[80,80,80,80,80,80,80,80,80,80,80,80,80,80,80,80,80,80,80,80,80,80,80,80],"card_choices":[{"not_picked":["Rampage","True Grit"],"picked":"Seeing Red","floor":1},{"not_picked":["Cleave","Headbutt"],"picked":"Anger","floor":4},{"not_picked":["Rupture","Corruption"],"picked":"Hemokinesis","floor":5},{"not_picked":["Armaments","Body Slam"],"picked":"Anger","floor":7},{"not_picked":["Armaments","Body Slam"],"picked":"Impervious","floor":10},{"not_picked":["Dual Wield","Burning Pact"],"picked":"Fire Breathing","floor":14},{"not_picked":["Dropkick","Fire Breathing"],"picked":"Armaments","floor":15},{"not_picked":["Offering","Demon Form"],"picked":"Juggernaut","floor":16},{"not_picked":["Warcry","Clash"],"picked":"Iron Wave+1","floor":18},{"not_picked":["Corruption+1","True Grit"],"picked":"Whirlwind","floor":19},{"not_picked":["Clothesline+1","Seeing Red"],"picked":"Iron Wave","floor":20},{"not_picked":["Searing Blow","Flex"],"picked":"Cleave+1","floor":21},{"not_picked":["Clash","Twin Strike"],"picked":"Inflame+1","floor":23}],"player_experience":3855,"relics_obtained":[{"floor":7,"key":"Torii"},{"floor":8,"key":"Dream Catcher"},{"floor":9,"key":"Anchor"},{"floor":13,"key":"Peace Pipe"}],"event_choices":[{"damage_healed":0,"gold_gain":0,"player_choice":"Leave","damage_taken":0,"max_hp_gain":0,"max_hp_loss":0,"event_name":"The Cleric","floor":3,"gold_loss":0},{"damage_healed":0,"gold_gain":0,"player_choice":"Searched \u00271\u0027 times","damage_taken":0,"max_hp_gain":0,"max_hp_loss":0,"event_name":"Dead Adventurer","floor":7,"gold_loss":0},{"damage_healed":0,"gold_gain":0,"player_choice":"Grow","damage_taken":0,"max_hp_gain":0,"max_hp_loss":0,"event_name":"Living Wall","floor":11,"gold_loss":0,"cards_upgraded":["Anger"]},{"cards_removed":["Defend_R"],"damage_healed":0,"gold_gain":0,"player_choice":"Purged","damage_taken":0,"max_hp_gain":0,"max_hp_loss":0,"event_name":"Purifier","floor":22,"gold_loss":0}],"is_beta":false,"boss_relics":[{"not_picked":["Coffee Dripper","Sozu"],"picked":"Empty Cage"}],"items_purged_floors":[],"is_endless":false,"potions_floor_spawned":[4,5,16,18],"killed_by":"Book of Stabbing","ascension_level":0}