{"gold_per_floor":[116,126,137,155,169,169,184,184,184,184,149,115,125,144,144,248,248,263,280,299,318,336,336,286,286,356,373,373,373,391,418,418,517,517,534,546,563,563,563,563],"floor_reached":40,"playtime":12626,"items_purged":[],"score":438,"play_id":"dd61eb2a-609d-4646-bc9e-b31a4459a6d1","local_time":"20180727191541","is_ascension_mode":false,"campfire_choices":[{"data":"Caltrops","floor":6,"key":"SMITH"},{"data":"Noxious Fumes","floor":8,"key":"SMITH"},{"data":"Prepared","floor":10,"key":"SMITH"},{"floor":15,"key":"REST"},{"floor":23,"key":"REST"},{"floor":25,"key":"REST"},{"floor":29,"key":"REST"},{"floor":32,"key":"REST"}],"neow_cost":"NONE","seed_source_timestamp":2398128598059687,"circlet_count":0,"master_deck":["Defend_G+1","Defend_G+1","Defend_G+1","Defend_G+1","Defend_G+1","Strike_G+1","Strike_G+1","Strike_G+1","Strike_G+1","Survivor","Neutralize","Caltrops+1","Prepared+1","Poisoned Stab","Outmaneuver","Noxious Fumes+1","Backflip","Dodge and Roll","Wraith Form v2","Deflect","Corpse Explosion","Skewer","Blur+1","Adrenaline","Flying Knee","Quick Slash","Caltrops","Distraction","Night Terror","Deflect","Prepared+1","Bane+1","Leg Sweep","Madness","Madness"],"relics":["Ring of the Snake","Paper Crane","Fusion Hammer","Dodecahedron","Lantern","Busted Crown"],"potions_floor_usage":[14,18,18,27,33,35,36,40],"damage_taken":[{"damage":0,"enemies":"2 Louse","floor":1,"turns":3},{"damage":4,"enemies":"Cultist","floor":2,"turns":5},{"damage":7,"enemies":"Small Slimes","floor":3,"turns":6},{"damage":0,"enemies":"Exordium Wildlife","floor":4,"turns":5},{"damage":1,"enemies":"Large Slime","floor":5,"turns":7},{"damage":0,"enemies":"Blue Slaver","floor":7,"turns":5},{"damage":23,"enemies":"Exordium Thugs","floor":12,"turns":5},{"damage":0,"enemies":"Large Slime","floor":13,"turns":6},{"damage":5,"enemies":"Blue Slaver","floor":14,"turns":5},{"damage":16,"enemies":"Slime Boss","floor":16,"turns":12},{"damage":6,"enemies":"Chosen","floor":18,"turns":7},{"damage":28,"enemies":"Spheric Guardian","floor":19,"turns":6},{"damage":0,"enemies":"Centurion and Healer","floor":20,"turns":6},{"damage":4,"enemies":"3 Cultists","floor":21,"turns":4},{"damage":0,"enemies":"Cultist and Chosen","floor":22,"turns":5},{"damage":6,"enemies":"Chosen and Byrds","floor":27,"turns":6},{"damage":7,"enemies":"3 Cultists","floor":30,"turns":3},{"damage":16,"enemies":"Champ","floor":33,"turns":14},{"damage":5,"enemies":"Flame Bruiser 1 Orb","floor":35,"turns":8},{"damage":23,"enemies":"Orb Walker","floor":36,"turns":3},{"damage":31,"enemies":"Transient","floor":37,"turns":5},{"damage":5,"enemies":"4 Shapes","floor":40,"turns":1}],"seed_played":"1970904604603942340","potions_obtained":[{"floor":1,"key":"Dexterity Potion"},{"floor":2,"key":"Block Potion"},{"floor":4,"key":"Weak Potion"},{"floor":14,"key":"Regen Potion"},{"floor":19,"key":"Energy Potion"},{"floor":20,"key":"LiquidBronze"},{"floor":35,"key":"FearPotion"},{"floor":37,"key":"Swift Potion"}],"is_trial":false,"path_per_floor":["M","M","M","M","M","R","M","R","T","R","?","M","M","M","R","B",null,"M","M","M","M","M","R","?","R","T","M","?","R","M","T","R","B",null,"M","M","M","?","?"],"character_chosen":"THE_SILENT","items_purchased":[],"campfire_rested":5,"item_purchase_floors":[],"current_hp_per_floor":[70,66,59,59,58,58,58,58,58,58,70,47,47,42,63,47,70,64,36,36,32,32,53,53,70,70,64,64,70,63,63,70,64,70,65,42,11,11,2,0],"gold":563,"neow_bonus":"UPGRADE_CARD","is_prod":false,"is_daily":false,"chose_seed":false,"campfire_upgraded":3,"win_rate":0,"timestamp":1532715341,"path_taken":["M","M","M","M","M","R","M","R","T","R","?","?","M","M","R","BOSS","M","M","M","M","M","R","?","R","T","M","?","R","M","?","R","BOSS","M","M","M","?","?","?"],"build_version":"2018-07-26","purchased_purges":0,"victory":false,"max_hp_per_floor":[70,70,70,70,70,70,70,70,70,70,70,70,70,70,70,70,70,70,70,70,70,70,70,70,70,70,70,70,70,70,70,70,70,70,70,70,70,70,70,70],"card_choices":[{"not_picked":["Dash","Accuracy"],"picked":"Caltrops","floor":1},{"not_picked":["Underhanded Strike","Calculated Gamble"],"picked":"Prepared","floor":2},{"not_picked":["PiercingWail","Bane"],"picked":"Poisoned Stab","floor":3},{"not_picked":["Underhanded Strike","Flying Knee"],"picked":"Outmaneuver","floor":4},{"not_picked":["Dagger Throw","Riddle With Holes"],"picked":"Noxious Fumes","floor":5},{"not_picked":["Dagger Throw","Underhanded Strike"],"picked":"Backflip","floor":7},{"not_picked":["Escape Plan","Setup"],"picked":"Dodge and Roll","floor":12},{"not_picked":["Escape Plan","Leg Sweep"],"picked":"Wraith Form v2","floor":13},{"not_picked":["Flying Knee","Acrobatics"],"picked":"Deflect","floor":14},{"not_picked":["Envenom","Unload"],"picked":"Corpse Explosion","floor":16},{"not_picked":["Poisoned Stab","Flying Knee"],"picked":"Skewer","floor":18},{"not_picked":["Outmaneuver+1","Acrobatics"],"picked":"Blur+1","floor":19},{"not_picked":["Dagger Spray","Accuracy"],"picked":"Adrenaline","floor":20},{"not_picked":["Accuracy","Quick Slash"],"picked":"Flying Knee","floor":21},{"not_picked":["Backflip","PiercingWail"],"picked":"Quick Slash","floor":22},{"not_picked":["Sucker Punch","Cloak And Dagger"],"picked":"Caltrops","floor":27},{"not_picked":["Cloak And Dagger+1","Dagger Spray"],"picked":"Distraction","floor":30},{"not_picked":["Die Die Die","Unload"],"picked":"Night Terror","floor":33},{"not_picked":[],"picked":"Deflect","floor":35},{"not_picked":[],"picked":"Prepared+1","floor":36},{"not_picked":[],"picked":"Bane+1","floor":37}],"player_experience":230009,"relics_obtained":[{"floor":9,"key":"Paper Crane"},{"floor":26,"key":"Dodecahedron"},{"floor":31,"key":"Lantern"}],"event_choices":[{"event_name":"The Cleric","player_choice":"Healed","floor":11,"damage_taken":0},{"event_name":"The Joust","player_choice":"Bet on Murderer","floor":24,"damage_taken":0},{"event_name":"Back to Basics","player_choice":"Simplicity","floor":28,"damage_taken":0},{"event_name":"Transmorgrifier","player_choice":"Transform","floor":38,"damage_taken":0},{"event_name":"Winding Halls","player_choice":"Embrace Madness","floor":39,"damage_taken":0}],"is_beta":false,"boss_relics":[{"not_picked":["White Beast Statue","Philosopher\u0027s Stone"],"picked":"Fusion Hammer"},{"not_picked":["Tiny House","Runic Pyramid"],"picked":"Busted Crown"}],"items_purged_floors":[],"is_endless":false,"potions_floor_spawned":[1,2,4,12,14,19,20,21,35,37],"killed_by":"4 Shapes","ascension_level":0}