{"gold_per_floor":[114,129,50,125,125,155,155,170,195,195,225,225,225,225,225,325,325,340,255,255,36,51,81,81,111,186,186,201,201,201,216,216,316,316,331,48,63,78,93,93,142,142,217,217,217,217,232,247,247,247],"floor_reached":50,"playtime":3787,"items_purged":[],"score":511,"play_id":"98fc3a5d-b871-4918-a442-85cec3605b7e","local_time":"20181027215357","daily_mods":["Allstar","ControlledChaos","Terminal"],"is_ascension_mode":false,"campfire_choices":[{"data":"Storm","floor":7,"key":"SMITH"},{"data":"Metamorphosis","floor":10,"key":"SMITH"},{"floor":12,"key":"REST"},{"data":"Turbo","floor":15,"key":"SMITH"},{"floor":24,"key":"REST"},{"data":"Seek","floor":27,"key":"SMITH"},{"data":"Turbo","floor":29,"key":"SMITH"},{"floor":32,"key":"REST"},{"data":"Amplify","floor":40,"key":"SMITH"},{"data":"Double Energy","floor":42,"key":"SMITH"},{"floor":44,"key":"REST"},{"data":"1","floor":46,"key":"LIFT"},{"data":"Bandage Up","floor":49,"key":"SMITH"}],"neow_cost":"","seed_source_timestamp":0,"circlet_count":0,"master_deck":["Strike_B+1","Strike_B+1","Strike_B+1","Strike_B+1","Defend_B+1","Defend_B+1","Defend_B+1","Defend_B+1","Zap","Dualcast","Metamorphosis+1","Secret Weapon","Swift Strike","Secret Weapon","Swift Strike","Melter","Chaos","Storm+1","Sweeping Beam","Turbo+1","Turbo+1","Machine Learning+1","Seek+1","Gash","Mayhem+1","Capacitor+1","Rebound+1","Defragment+1","Electrodynamics+1","FTL","Fusion+1","Amplify+1","Skim","Loop+1","Double Energy+1","Defragment+1","Auto Shields+1","Echo Form+1","Bandage Up+1","Echo Form+1"],"special_seed":17831,"relics":["FrozenCore","Frozen Eye","Bag of Marbles","Anchor","Frozen Egg 2","Question Card","Black Star","Bag of Preparation","Thread and Needle","Ice Cream","Lantern","Regal Pillow","Bottled Tornado","Symbiotic Virus","Girya","Bottled Lightning"],"potions_floor_usage":[11,25,50,50,50],"damage_taken":[{"damage":0,"enemies":"2 Louse","floor":1,"turns":2},{"damage":0,"enemies":"Jaw Worm","floor":2,"turns":3},{"damage":14,"enemies":"3 Sentries","floor":6,"turns":6},{"damage":0,"enemies":"Small Slimes","floor":8,"turns":2},{"damage":10,"enemies":"Lagavulin","floor":11,"turns":5},{"damage":24,"enemies":"The Guardian","floor":16,"turns":8},{"damage":3,"enemies":"3 Byrds","floor":18,"turns":5},{"damage":5,"enemies":"Chosen","floor":22,"turns":4},{"damage":15,"enemies":"Book of Stabbing","floor":23,"turns":6},{"damage":13,"enemies":"Slavers","floor":25,"turns":3},{"damage":0,"enemies":"Shelled Parasite and Fungi","floor":28,"turns":2},{"damage":0,"enemies":"Centurion and Healer","floor":31,"turns":3},{"damage":5,"enemies":"Automaton","floor":33,"turns":5},{"damage":9,"enemies":"Orb Walker","floor":35,"turns":3},{"damage":0,"enemies":"3 Shapes","floor":37,"turns":3},{"damage":1,"enemies":"Sphere and 2 Shapes","floor":38,"turns":3},{"damage":0,"enemies":"Transient","floor":39,"turns":5},{"damage":6,"enemies":"2 Orb Walkers","floor":41,"turns":3},{"damage":0,"enemies":"Jaw Worm Horde","floor":47,"turns":1},{"damage":3,"enemies":"Maw","floor":48,"turns":4},{"damage":37,"enemies":"Time Eater","floor":50,"turns":5}],"seed_played":"-2057746119499071348","potions_obtained":[{"floor":2,"key":"FocusPotion"},{"floor":8,"key":"PowerPotion"},{"floor":11,"key":"SmokeBomb"},{"floor":16,"key":"Swift Potion"},{"floor":22,"key":"GamblersBrew"},{"floor":39,"key":"Dexterity Potion"},{"floor":47,"key":"GamblersBrew"}],"is_trial":false,"path_per_floor":["M","M","$","?","?","E","R","M","T","R","E","R","?","?","R","B",null,"M","?","?","$","M","E","R","E","T","R","M","R","?","M","R","B",null,"M","$","M","M","M","R","?","R","T","R","?","R","M","M","R"],"character_chosen":"DEFECT","items_purchased":["Storm","Mayhem+1","Capacitor+1","Loop+1","Symbiotic Virus"],"campfire_rested":4,"item_purchase_floors":[3,21,21,36,36],"current_hp_per_floor":[73,72,71,60,60,46,46,46,46,46,36,54,54,54,54,30,57,54,54,54,53,48,33,48,35,35,35,35,35,35,35,42,37,40,31,31,31,30,30,30,24,24,24,30,29,28,27,24,24,0],"gold":247,"neow_bonus":"","is_prod":false,"is_daily":true,"chose_seed":false,"campfire_upgraded":8,"win_rate":0,"timestamp":1540673637,"path_taken":["M","M","$","?","?","E","R","?","T","R","E","R","?","?","R","BOSS","M","?","?","$","M","E","R","E","T","R","M","R","?","M","R","BOSS","M","$","?","?","M","R","?","R","T","R","?","R","?","M","R","BOSS"],"build_version":"2018-10-25v2","purchased_purges":0,"victory":false,"max_hp_per_floor":[73,72,71,70,69,68,67,66,65,64,63,62,61,60,59,58,57,56,55,54,53,52,51,50,49,48,47,46,45,44,43,42,41,40,39,38,37,36,35,34,33,32,31,30,29,28,27,26,25,25],"card_choices":[{"not_picked":["Recycle","Coolheaded"],"picked":"Melter","floor":1},{"not_picked":["Go for the Eyes","Recycle"],"picked":"Chaos","floor":2},{"not_picked":["Rip and Tear","Ball Lightning"],"picked":"Sweeping Beam","floor":6},{"not_picked":["Sweeping Beam","Beam Cell"],"picked":"Turbo","floor":8},{"not_picked":["Melter","Compile Driver"],"picked":"Turbo","floor":11},{"not_picked":["Hyperbeam","Buffer+1","All For One"],"picked":"Seek","floor":16},{"not_picked":["Doom and Gloom","Compile Driver+1","Turbo"],"picked":"Gash","floor":18},{"not_picked":["Barrage","Compile Driver","Cold Snap"],"picked":"Rebound+1","floor":22},{"not_picked":["Conserve Battery","Thunder Strike","Barrage+1"],"picked":"Defragment+1","floor":23},{"not_picked":["Scrape","Ball Lightning","Self Repair+1"],"picked":"Electrodynamics+1","floor":25},{"not_picked":["Coolheaded","Leap","Reprogram"],"picked":"FTL","floor":28},{"not_picked":["Stack","Sunder+1","Conserve Battery"],"picked":"Fusion+1","floor":31},{"not_picked":["Meteor Strike","Buffer+1","Machine Learning+1"],"picked":"Amplify","floor":33},{"not_picked":["Rebound","Steam","Scrape"],"picked":"Skim","floor":35},{"not_picked":["Turbo","Reinforced Body+1","Lockon"],"picked":"Double Energy","floor":37},{"not_picked":["Scrape+1","Hologram","Leap"],"picked":"Defragment+1","floor":38},{"not_picked":["Barrage","Coolheaded+1","Leap+1"],"picked":"Auto Shields+1","floor":39},{"not_picked":["Cold Snap","Streamline","Ball Lightning+1"],"picked":"Echo Form+1","floor":41},{"not_picked":["Transmutation","Mind Blast","Panache+1"],"picked":"Bandage Up","floor":45},{"not_picked":["Blizzard+1","Gash+1","Rebound","Consume"],"picked":"SKIP","floor":47},{"not_picked":["Sweeping Beam+1","Redo","Leap"],"picked":"Echo Form+1","floor":48}],"player_experience":643486,"relics_obtained":[{"floor":6,"key":"Bag of Marbles"},{"floor":9,"key":"Anchor"},{"floor":11,"key":"Frozen Egg 2"},{"floor":23,"key":"Thread and Needle"},{"floor":23,"key":"Ice Cream"},{"floor":25,"key":"Lantern"},{"floor":25,"key":"Regal Pillow"},{"floor":26,"key":"Bottled Tornado"},{"floor":41,"key":"Girya"},{"floor":43,"key":"Bottled Lightning"}],"event_choices":[{"damage_healed":0,"gold_gain":75,"player_choice":"Gather Gold","damage_taken":11,"max_hp_gain":0,"max_hp_loss":0,"event_name":"World of Goop","floor":4,"gold_loss":0},{"damage_healed":0,"gold_gain":0,"player_choice":"Ignored","damage_taken":0,"max_hp_gain":0,"max_hp_loss":0,"event_name":"Golden Idol","floor":5,"gold_loss":0},{"damage_healed":0,"gold_gain":0,"player_choice":"1 cards matched","damage_taken":0,"max_hp_gain":0,"max_hp_loss":0,"event_name":"Match and Keep!","floor":13,"gold_loss":0,"cards_obtained":["Machine Learning"]},{"damage_healed":0,"gold_gain":0,"player_choice":"Searched \u00271\u0027 times","damage_taken":0,"relics_obtained":["Question Card"],"max_hp_gain":0,"max_hp_loss":0,"event_name":"Dead Adventurer","floor":14,"gold_loss":0},{"damage_healed":0,"gold_gain":0,"player_choice":"Obtained Relic","damage_taken":0,"relics_obtained":["Bag of Preparation"],"max_hp_gain":0,"max_hp_loss":0,"event_name":"Addict","floor":19,"gold_loss":85},{"damage_healed":0,"gold_gain":0,"player_choice":"Simplicity","damage_taken":0,"max_hp_gain":0,"max_hp_loss":0,"event_name":"Back to Basics","floor":20,"gold_loss":0,"cards_upgraded":["Strike_B","Strike_B","Strike_B","Strike_B","Defend_B","Defend_B","Defend_B","Defend_B"]},{"damage_healed":0,"gold_gain":0,"player_choice":"Ignored","damage_taken":0,"max_hp_gain":0,"max_hp_loss":0,"event_name":"Vampires","floor":30,"gold_loss":0},{"damage_healed":0,"gold_gain":0,"player_choice":"Fight","damage_taken":0,"max_hp_gain":0,"max_hp_loss":0,"event_name":"Mysterious Sphere","floor":41,"gold_loss":0},{"damage_healed":0,"gold_gain":0,"player_choice":"Memory 1","damage_taken":0,"max_hp_gain":0,"max_hp_loss":0,"event_name":"SensoryStone","floor":45,"gold_loss":0}],"is_beta":false,"boss_relics":[{"not_picked":["Fusion Hammer","Ectoplasm"],"picked":"Black Star"},{"not_picked":["Snecko Eye","Eternal Feather"],"picked":"FrozenCore"}],"items_purged_floors":[],"is_endless":false,"potions_floor_spawned":[2,8,11,16,22,23,39,41,47],"killed_by":"Time Eater","ascension_level":0}