{"gold_per_floor":[15,15,27,46,8,8,67,67,67,101,101,30,30,46,46,150,150,164,164,164,79,91,91,123,123,123,123,143,35,69,89,89,191,191,203,203,257,271,281,281,50,50,50,75,75,93,108,121,121,121],"floor_reached":51,"playtime":2875,"items_purged":[],"score":862,"play_id":"14c24b83-85d9-40f7-bae0-e3f39c655524","local_time":"20180819233335","is_ascension_mode":true,"campfire_choices":[{"data":"Storm","floor":6,"key":"SMITH"},{"floor":8,"key":"REST"},{"data":"Loop","floor":11,"key":"SMITH"},{"data":"Storm","floor":13,"key":"SMITH"},{"floor":15,"key":"REST"},{"floor":23,"key":"REST"},{"floor":25,"key":"REST"},{"data":"Amplify","floor":27,"key":"SMITH"},{"floor":32,"key":"REST"},{"data":"Defragment","floor":40,"key":"SMITH"},{"data":"Storm","floor":42,"key":"SMITH"},{"data":"Buffer","floor":45,"key":"SMITH"},{"data":"Storm","floor":49,"key":"SMITH"}],"neow_cost":"NO_GOLD","seed_source_timestamp":4410574385032092,"circlet_count":0,"master_deck":["Strike_B","Strike_B","Strike_B","Strike_B","Defend_B","Defend_B","Defend_B","Defend_B","Zap","Dualcast","Ball Lightning","Storm+1","Conserve Battery","Loop+1","Hello World","Steam","Storm+1","FTL","Hologram","Amplify+1","Self Repair","Force Field+1","Sweeping Beam+1","Loop","Capacitor","Chaos","Heatsinks","Conserve Battery","Loop","Electrodynamics","White Noise","Aggregate+1","Panacea","Storm+1","Defragment+1","Storm+1","Buffer+1","Self Repair+1","Turbo+1","Storm+1","Double Energy+1","Amplify"],"relics":["FrozenCore","Singing Bowl","Ginger","Prayer Wheel","Enchiridion","Nloth\u0027s Gift","Mummified Hand","Darkstone Periapt","Kunai","Art of War","Eternal Feather","Bird Faced Urn","Runic Capacitor","Symbiotic Virus","Question Card"],"potions_floor_usage":[10,18,30,50,50],"damage_taken":[{"damage":0,"enemies":"2 Louse","floor":1,"turns":3},{"damage":2,"enemies":"Jaw Worm","floor":3,"turns":2},{"damage":0,"enemies":"Small Slimes","floor":4,"turns":2},{"damage":34,"enemies":"Gremlin Nob","floor":7,"turns":4},{"damage":14,"enemies":"Lagavulin","floor":10,"turns":5},{"damage":16,"enemies":"3 Louse","floor":14,"turns":2},{"damage":36,"enemies":"The Guardian","floor":16,"turns":11},{"damage":42,"enemies":"2 Thieves","floor":18,"turns":4},{"damage":12,"enemies":"Spheric Guardian","floor":22,"turns":4},{"damage":15,"enemies":"Book of Stabbing","floor":24,"turns":4},{"damage":8,"enemies":"3 Cultists","floor":28,"turns":4},{"damage":23,"enemies":"Slavers","floor":30,"turns":4},{"damage":9,"enemies":"Cultist and Chosen","floor":31,"turns":3},{"damage":41,"enemies":"Champ","floor":33,"turns":10},{"damage":9,"enemies":"3 Darklings","floor":35,"turns":3},{"damage":6,"floor":37,"turns":3},{"damage":11,"enemies":"Flame Bruiser 1 Orb","floor":38,"turns":4},{"damage":24,"enemies":"3 Darklings","floor":39,"turns":3},{"damage":27,"enemies":"2 Orb Walkers","floor":44,"turns":2},{"damage":0,"enemies":"4 Shapes","floor":46,"turns":2},{"damage":14,"enemies":"Flame Bruiser 2 Orb","floor":47,"turns":3},{"damage":0,"enemies":"Spire Growth","floor":48,"turns":2},{"damage":20,"enemies":"Donu and Deca","floor":50,"turns":4}],"seed_played":"-8843815761052750741","potions_obtained":[{"floor":1,"key":"Block Potion"},{"floor":16,"key":"LiquidBronze"},{"floor":24,"key":"Dexterity Potion"},{"floor":30,"key":"Dexterity Potion"},{"floor":38,"key":"FearPotion"},{"floor":44,"key":"Swift Potion"},{"floor":46,"key":"Energy Potion"},{"floor":47,"key":"FocusPotion"}],"is_trial":false,"path_per_floor":["M","?","M","M","$","R","?","R","T","E","R","$","R","M","R","B",null,"M","?","?","?","M","R","E","R","T","R","M","$","E","M","R","B",null,"M","?","?","M","M","R","$","R","T","E","R","M","M","M","R","B"],"character_chosen":"DEFECT","items_purchased":["Loop","Storm","Capacitor","Chaos","Runic Capacitor","Storm"],"campfire_rested":5,"item_purchase_floors":[5,12,29,29,41,41],"current_hp_per_floor":[75,80,78,78,78,78,44,68,68,54,54,54,54,38,62,26,80,38,22,22,22,21,46,38,63,63,63,71,71,48,46,71,37,86,77,77,73,83,74,92,92,92,92,83,92,92,89,94,94,94],"gold":121,"neow_bonus":"ONE_RARE_RELIC","is_prod":false,"is_daily":false,"chose_seed":false,"campfire_upgraded":8,"win_rate":0,"timestamp":1534718015,"path_taken":["M","?","M","M","$","R","?","R","T","E","R","?","R","M","R","BOSS","M","?","?","?","M","R","E","R","T","R","?","$","E","M","R","BOSS","M","?","?","M","M","R","?","R","T","E","R","M","M","M","R","BOSS"],"build_version":"2018-08-16","purchased_purges":0,"victory":true,"max_hp_per_floor":[75,80,80,80,80,80,80,80,80,80,80,80,80,80,80,80,80,80,80,80,80,84,84,84,84,84,84,86,86,86,86,86,86,86,86,86,88,88,92,92,92,92,92,92,92,92,94,94,94,94],"card_choices":[{"not_picked":["Fusion","Leap"],"picked":"Ball Lightning","floor":1},{"not_picked":["Go for the Eyes","Leap"],"picked":"Storm","floor":3},{"not_picked":["Barrage","Compile Driver"],"picked":"Conserve Battery","floor":4},{"not_picked":["Cold Snap","Ball Lightning"],"picked":"Hello World","floor":7},{"not_picked":["Reprogram","Steam Power"],"picked":"Steam","floor":10},{"not_picked":["Scrape","Streamline"],"picked":"FTL","floor":14},{"not_picked":["Compile Driver","Hyperbeam"],"picked":"Hologram","floor":14},{"not_picked":["Machine Learning","Fission"],"picked":"Amplify","floor":16},{"not_picked":["Undo","Rebound"],"picked":"Self Repair","floor":18},{"not_picked":["Recycle","Leap"],"picked":"Force Field+1","floor":18},{"not_picked":["Sweeping Beam","Ball Lightning","Redo"],"picked":"Singing Bowl","floor":22},{"not_picked":["Hologram","Rebound","FTL"],"picked":"Singing Bowl","floor":22},{"not_picked":["Conserve Battery","Cold Snap"],"picked":"Sweeping Beam+1","floor":24},{"not_picked":["Steam","Turbo+1"],"picked":"Loop","floor":28},{"not_picked":["Compile Driver","Sunder","Scrape"],"picked":"Singing Bowl","floor":28},{"not_picked":["Ball Lightning","Cold Snap"],"picked":"Heatsinks","floor":30},{"not_picked":["Darkness","Barrage"],"picked":"Conserve Battery","floor":31},{"not_picked":["Leap","Reprogram"],"picked":"Loop","floor":31},{"not_picked":["Machine Learning","Meteor Strike"],"picked":"Electrodynamics","floor":33},{"not_picked":["Leap","Reprogram+1"],"picked":"White Noise","floor":35},{"not_picked":["Steam","Loop+1"],"picked":"Aggregate+1","floor":35},{"not_picked":["Forethought","Deep Breath"],"picked":"Panacea","floor":36},{"not_picked":["Leap","Cold Snap+1","Gash+1"],"picked":"Singing Bowl","floor":37},{"not_picked":["White Noise+1","Stack"],"picked":"Storm+1","floor":38},{"not_picked":["Turbo+1","Rebound+1"],"picked":"Defragment","floor":38},{"not_picked":["Sunder+1","Blizzard+1","Gash+1"],"picked":"Singing Bowl","floor":39},{"not_picked":["Tempest+1","Force Field","Compile Driver"],"picked":"Singing Bowl","floor":39},{"not_picked":["Gash","Doom and Gloom+1"],"picked":"Buffer","floor":44},{"not_picked":["Skim","Steam","Coolheaded"],"picked":"Self Repair+1","floor":46},{"not_picked":["Leap","Gash","Streamline+1"],"picked":"Turbo+1","floor":46},{"not_picked":["Cold Snap","Barrage+1","Ball Lightning"],"picked":"Storm","floor":47},{"not_picked":["Cold Snap","Beam Cell+1","Steam+1","Gash"],"picked":"Singing Bowl","floor":47},{"not_picked":["Rebound+1","Steam","Coolheaded"],"picked":"Double Energy+1","floor":48},{"not_picked":["Self Repair+1","White Noise","Conserve Battery+1"],"picked":"Amplify","floor":48}],"player_experience":417158,"relics_obtained":[{"floor":7,"key":"Singing Bowl"},{"floor":9,"key":"Ginger"},{"floor":10,"key":"Prayer Wheel"},{"floor":19,"key":"Enchiridion"},{"floor":24,"key":"Darkstone Periapt"},{"floor":26,"key":"Kunai"},{"floor":30,"key":"Art of War"},{"floor":37,"key":"Bird Faced Urn"},{"floor":43,"key":"Symbiotic Virus"},{"floor":44,"key":"Question Card"}],"event_choices":[{"event_name":"Big Fish","player_choice":"Donut","floor":2,"damage_taken":0},{"event_name":"Dead Adventurer","player_choice":"Searched \u00273\u0027 times","floor":7,"damage_taken":0},{"event_name":"Cursed Tome","player_choice":"Obtained Book","floor":19,"damage_taken":0},{"event_name":"N\u0027loth","player_choice":"Traded a Shovel","floor":20,"damage_taken":0},{"event_name":"Addict","player_choice":"Obtained Relic","floor":21,"damage_taken":0},{"event_name":"SensoryStone","player_choice":"Memory 1","floor":36,"damage_taken":0},{"event_name":"Mysterious Sphere","player_choice":"Fight","floor":37,"damage_taken":0}],"is_beta":false,"boss_relics":[{"not_picked":["Cursed Key","Fusion Hammer"],"picked":"FrozenCore"},{"not_picked":["Calling Bell","Nuclear Battery"],"picked":"Eternal Feather"}],"items_purged_floors":[],"is_endless":false,"potions_floor_spawned":[1,16,24,30,38,44,46,47],"ascension_level":3}