{"gold_per_floor":[213,41,58,58,76,109,109,143,189,220,145,145,156,306,306,306],"floor_reached":16,"playtime":957,"items_purged":["Strike_R"],"score":218,"play_id":"dc8edc4a-7a55-4857-8db6-0d7d0de03880","local_time":"20190324211050","is_ascension_mode":true,"campfire_choices":[{"data":"Pommel Strike","floor":7,"key":"SMITH"},{"data":"Shrug It Off","floor":12,"key":"SMITH"},{"floor":15,"key":"REST"}],"neow_cost":"NONE","seed_source_timestamp":39563215121579,"circlet_count":0,"master_deck":["AscendersBane","Strike_R","Strike_R","Strike_R","Defend_R","Defend_R","Defend_R","Defend_R","Bash","Shrug It Off+1","Pommel Strike+1","Second Wind","Thunderclap","Doubt"],"relics":["Burning Blood","PreservedInsect","Singing Bowl","Strawberry","Regal Pillow","Dodecahedron"],"potions_floor_usage":[6],"damage_taken":[{"damage":2,"enemies":"2 Louse","floor":1,"turns":4},{"damage":8,"enemies":"Small Slimes","floor":3,"turns":3},{"damage":2,"enemies":"Jaw Worm","floor":5,"turns":6},{"damage":14,"enemies":"Lagavulin","floor":6,"turns":5},{"damage":14,"enemies":"3 Sentries","floor":8,"turns":9},{"damage":25,"enemies":"Lagavulin","floor":10,"turns":5},{"damage":0,"enemies":"2 Fungi Beasts","floor":13,"turns":3},{"damage":82,"enemies":"Hexaghost","floor":16,"turns":14}],"seed_played":"2693031078067383110","potions_obtained":[{"floor":5,"key":"Fire Potion"},{"floor":6,"key":"FairyPotion"},{"floor":10,"key":"Energy Potion"}],"is_trial":false,"path_per_floor":["M","$","M","?","M","E","R","E","T","E","$","R","M","?","R","B"],"character_chosen":"IRONCLAD","items_purchased":["PreservedInsect"],"campfire_rested":1,"item_purchase_floors":[2],"current_hp_per_floor":[72,72,70,70,74,68,68,69,69,50,50,50,58,58,88,6],"gold":306,"neow_bonus":"HUNDRED_GOLD","is_prod":false,"is_daily":false,"chose_seed":false,"campfire_upgraded":2,"win_rate":0,"timestamp":1553458250,"path_taken":["M","$","M","?","M","E","R","E","T","E","$","R","M","?","R","BOSS"],"build_version":"2019-01-23","purchased_purges":1,"victory":false,"max_hp_per_floor":[75,75,75,75,75,77,77,86,86,86,86,86,88,88,88,88],"card_choices":[{"not_picked":["Thunderclap","True Grit"],"picked":"Shrug It Off","floor":1},{"not_picked":["Cleave","Combust"],"picked":"Pommel Strike","floor":3},{"not_picked":["Armaments","Havoc","Warcry"],"picked":"SKIP","floor":5},{"not_picked":["True Grit","Clash","Infernal Blade"],"picked":"Singing Bowl","floor":6},{"not_picked":["Sword Boomerang","Dark Embrace","Fire Breathing"],"picked":"Singing Bowl","floor":8},{"not_picked":["Armaments","Bloodletting"],"picked":"Thunderclap","floor":10},{"not_picked":["Clothesline","Twin Strike","Sword Boomerang"],"picked":"Singing Bowl","floor":13}],"player_experience":762357,"relics_obtained":[{"floor":6,"key":"Singing Bowl"},{"floor":8,"key":"Strawberry"},{"floor":9,"key":"Regal Pillow"},{"floor":10,"key":"Dodecahedron"}],"event_choices":[{"damage_healed":0,"gold_gain":0,"cards_transformed":["Strike_R"],"player_choice":"Change","damage_taken":0,"max_hp_gain":0,"max_hp_loss":0,"event_name":"Living Wall","floor":4,"gold_loss":0,"cards_obtained":["Second Wind"]},{"damage_healed":0,"gold_gain":150,"player_choice":"AGREE","damage_taken":0,"max_hp_gain":0,"max_hp_loss":0,"event_name":"Liars Game","floor":14,"gold_loss":0,"cards_obtained":["Doubt"]}],"is_beta":false,"boss_relics":[],"items_purged_floors":[11],"is_endless":false,"potions_floor_spawned":[5,6,10],"killed_by":"Hexaghost","ascension_level":17}