{"gold_per_floor":[109,79,90,105,48,78,153,303,303,228,243,243,272,291,291,291],"floor_reached":16,"playtime":581,"items_purged":[],"score":220,"play_id":"04f83106-2fcf-443b-b577-c0bc8f895f96","local_time":"20190325202550","is_ascension_mode":true,"campfire_choices":[{"data":"Zap","floor":12,"key":"SMITH"},{"floor":15,"key":"REST"}],"neow_cost":"PERCENT_DAMAGE","seed_source_timestamp":1094415204464474,"circlet_count":0,"master_deck":["AscendersBane","Strike_B","Strike_B","Strike_B","Strike_B","Defend_B","Defend_B","Defend_B","Defend_B","Zap+1","Dualcast","Ball Lightning","Steam","Self Repair","White Noise","Electrodynamics"],"relics":["Cracked Core","Dodecahedron","Orichalcum","Omamori"],"potions_floor_usage":[4,6,13,16],"damage_taken":[{"damage":0,"enemies":"2 Louse","floor":1,"turns":2},{"damage":0,"enemies":"Cultist","floor":3,"turns":3},{"damage":0,"enemies":"Small Slimes","floor":4,"turns":3},{"damage":8,"enemies":"Gremlin Nob","floor":6,"turns":3},{"damage":22,"enemies":"Exordium Wildlife","floor":11,"turns":5},{"damage":10,"enemies":"Lagavulin","floor":13,"turns":7},{"damage":15,"enemies":"3 Louse","floor":14,"turns":4},{"damage":35,"enemies":"The Guardian","floor":16,"turns":6}],"seed_played":"3809849550878882955","potions_obtained":[{"floor":2,"key":"PowerPotion"},{"floor":2,"key":"SpeedPotion"},{"floor":6,"key":"Strength Potion"},{"floor":11,"key":"LiquidBronze"}],"is_trial":false,"path_per_floor":["M","?","M","M","$","E","?","?","T","?","M","R","E","M","R","B"],"character_chosen":"DEFECT","items_purchased":["Poison Potion"],"campfire_rested":1,"item_purchase_floors":[5],"current_hp_per_floor":[60,60,60,60,60,52,41,41,41,41,26,26,23,15,40,5],"gold":291,"neow_bonus":"TWENTY_PERCENT_HP_BONUS","is_prod":false,"is_daily":false,"chose_seed":false,"campfire_upgraded":1,"win_rate":0,"timestamp":1553559950,"path_taken":["M","?","?","M","$","E","?","?","T","?","M","R","E","?","R","BOSS"],"build_version":"2019-03-15","purchased_purges":0,"victory":false,"max_hp_per_floor":[85,85,85,85,85,85,85,85,85,85,85,85,85,85,85,85],"card_choices":[{"not_picked":["Steam","Genetic Algorithm"],"picked":"Ball Lightning","floor":1},{"not_picked":["Chaos","Hello World"],"picked":"Steam","floor":3},{"not_picked":["Stack","Leap"],"picked":"Self Repair","floor":4},{"not_picked":["Aggregate","Rebound","Double Energy"],"picked":"SKIP","floor":6},{"not_picked":["Aggregate","Rebound","Double Energy"],"picked":"SKIP","floor":6},{"not_picked":["Hello World","Stack","Blizzard"],"picked":"SKIP","floor":11},{"not_picked":["Ball Lightning","Leap"],"picked":"White Noise","floor":13},{"not_picked":["Gash","Beam Cell"],"picked":"Electrodynamics","floor":14}],"player_experience":1270719,"relics_obtained":[{"floor":6,"key":"Dodecahedron"},{"floor":9,"key":"Orichalcum"},{"floor":13,"key":"Omamori"}],"event_choices":[{"damage_healed":0,"gold_gain":0,"player_choice":"Bought 2 Potions","damage_taken":0,"max_hp_gain":0,"max_hp_loss":0,"event_name":"The Woman in Blue","floor":2,"gold_loss":0},{"damage_healed":0,"gold_gain":75,"player_choice":"Gather Gold","damage_taken":11,"max_hp_gain":0,"max_hp_loss":0,"event_name":"World of Goop","floor":7,"gold_loss":0},{"damage_healed":0,"gold_gain":150,"player_choice":"AGREE","damage_taken":0,"max_hp_gain":0,"max_hp_loss":0,"event_name":"Liars Game","floor":8,"gold_loss":0,"cards_obtained":["Doubt"]},{"cards_removed":["Doubt"],"damage_healed":0,"gold_gain":0,"player_choice":"Card Removal","damage_taken":0,"max_hp_gain":0,"max_hp_loss":0,"event_name":"The Cleric","floor":10,"gold_loss":75}],"is_beta":true,"boss_relics":[],"items_purged_floors":[],"is_endless":false,"potions_floor_spawned":[3,6,11],"killed_by":"The Guardian","ascension_level":20}