{"gold_per_floor":[115,115,135,150,165,165,199,218,288,299,299,314,84,84,84,185,185,205,219,219,233,243,274,174,174,174,174,193,193,210,238,238,336,336,346,116,216,267,281,281,296,518,542,542],"floor_reached":44,"playtime":3000,"items_purged":["Strike_B","Strike_B"],"score":690,"play_id":"f0c58d9c-8256-4476-b33b-862d66001fb0","local_time":"20190321164039","is_ascension_mode":true,"campfire_choices":[{"data":"Darkness","floor":6,"key":"SMITH"},{"data":"Dualcast","floor":11,"key":"SMITH"},{"floor":15,"key":"REST"},{"floor":29,"key":"REST"},{"floor":32,"key":"REST"},{"floor":40,"key":"REST"}],"neow_cost":"TEN_PERCENT_HP_LOSS","seed_source_timestamp":1324913348383,"circlet_count":0,"master_deck":["Strike_B","Strike_B","Defend_B","Defend_B","Defend_B","Defend_B","Zap+1","Dualcast+1","Hologram","Darkness+1","Loop+1","Leap","Doom and Gloom+1","Go for the Eyes","Steam","Electrodynamics","Core Surge","BootSequence","Hologram","Coolheaded+1","Skim+1","Ball Lightning+1","Writhe","FTL","Multi-Cast","Leap","Defragment","Buffer","Conserve Battery+1"],"relics":["Cracked Core","Incense Burner","Centennial Puzzle","Strawberry","Gremlin Horn","Orrery","Bottled Flame","Enchiridion","Art of War","Red Mask","Black Star","Bag of Preparation","Mango","Ice Cream","War Paint"],"potions_floor_usage":[5,7,19,23,33,38],"damage_taken":[{"damage":1,"enemies":"Cultist","floor":1,"turns":3},{"damage":2,"enemies":"2 Louse","floor":3,"turns":5},{"damage":4,"enemies":"Small Slimes","floor":4,"turns":6},{"damage":4,"enemies":"3 Louse","floor":5,"turns":2},{"damage":15,"enemies":"Lagavulin","floor":7,"turns":4},{"damage":7,"enemies":"2 Fungi Beasts","floor":8,"turns":5},{"damage":1,"enemies":"Blue Slaver","floor":10,"turns":5},{"damage":0,"enemies":"Looter","floor":12,"turns":4},{"damage":8,"enemies":"The Guardian","floor":16,"turns":8},{"damage":0,"enemies":"Chosen","floor":18,"turns":4},{"damage":8,"enemies":"2 Thieves","floor":19,"turns":5},{"damage":8,"enemies":"Snecko","floor":21,"turns":7},{"damage":2,"enemies":"3 Cultists","floor":22,"turns":6},{"damage":7,"enemies":"Slavers","floor":23,"turns":2},{"damage":3,"enemies":"Snake Plant","floor":28,"turns":5},{"damage":3,"enemies":"Centurion and Healer","floor":30,"turns":5},{"damage":3,"enemies":"Masked Bandits","floor":31,"turns":3},{"damage":21,"enemies":"Champ","floor":33,"turns":9},{"damage":5,"enemies":"3 Darklings","floor":35,"turns":3},{"damage":22,"enemies":"Mind Bloom Boss Battle","floor":37,"turns":8},{"damage":46,"enemies":"2 Orb Walkers","floor":38,"turns":6},{"damage":0,"enemies":"3 Shapes","floor":39,"turns":6},{"damage":0,"enemies":"Sphere and 2 Shapes","floor":41,"turns":5},{"damage":52,"enemies":"Transient","floor":44,"turns":5}],"seed_played":"6601032260130030183","potions_obtained":[{"floor":3,"key":"Dexterity Potion"},{"floor":4,"key":"Explosive Potion"},{"floor":5,"key":"Swift Potion"},{"floor":7,"key":"Weak Potion"},{"floor":18,"key":"Block Potion"},{"floor":21,"key":"Block Potion"},{"floor":33,"key":"Ancient Potion"},{"floor":37,"key":"Fruit Juice"},{"floor":38,"key":"SteroidPotion"},{"floor":41,"key":"EssenceOfSteel"}],"is_trial":false,"path_per_floor":["M","T","M","M","M","R","E","M","T","M","R","M","$","?","R","B",null,"M","M","?","M","M","E","$","?","T","?","M","R","M","?","R","B",null,"M","$","?","?","M","R","M","?","T","M"],"character_chosen":"DEFECT","items_purchased":["Electrodynamics","Defragment","Bag of Preparation"],"campfire_rested":4,"item_purchase_floors":[13,36,36],"current_hp_per_floor":[67,67,65,61,57,57,49,42,42,41,41,41,41,26,48,40,66,66,58,58,50,48,41,41,25,25,25,22,44,41,38,60,39,66,61,61,53,12,12,40,40,40,40,0],"gold":542,"neow_bonus":"ONE_RARE_RELIC","is_prod":false,"is_daily":false,"chose_seed":false,"campfire_upgraded":2,"win_rate":0,"timestamp":1553182839,"path_taken":["M","?","M","M","M","R","E","M","T","M","R","M","$","?","R","BOSS","M","M","?","M","M","E","$","?","T","?","M","R","M","?","R","BOSS","M","$","?","?","M","R","M","?","T","M"],"build_version":"2019-01-23","purchased_purges":2,"victory":false,"max_hp_per_floor":[68,68,68,68,68,68,75,75,75,75,75,75,75,75,75,75,75,75,75,75,75,75,75,75,75,75,75,75,75,75,75,75,75,75,75,75,89,94,94,94,94,94,94,94],"card_choices":[{"not_picked":["Leap","Cold Snap"],"picked":"Hologram","floor":1},{"not_picked":["Reprogram","Steam"],"picked":"Darkness","floor":3},{"not_picked":["Gash","Turbo"],"picked":"Loop","floor":4},{"not_picked":["Cold Snap","Compile Driver"],"picked":"Leap","floor":5},{"not_picked":["Aggregate","Steam"],"picked":"Doom and Gloom","floor":7},{"not_picked":["Doom and Gloom","Recycle","Cold Snap"],"picked":"SKIP","floor":8},{"not_picked":["Melter","Recycle"],"picked":"Go for the Eyes","floor":10},{"not_picked":["Gash","Aggregate"],"picked":"Steam","floor":12},{"not_picked":["Rainbow","Meteor Strike"],"picked":"Core Surge","floor":16},{"not_picked":["Compile Driver","Rip and Tear"],"picked":"BootSequence","floor":17},{"not_picked":["Ball Lightning","Chill"],"picked":"Hologram","floor":17},{"not_picked":["Go for the Eyes","Rip and Tear"],"picked":"Coolheaded","floor":17},{"not_picked":["Hello World","Ball Lightning","Lockon"],"picked":"SKIP","floor":18},{"not_picked":["Compile Driver","Force Field"],"picked":"Skim+1","floor":19},{"not_picked":["Storm","Stack+1"],"picked":"Ball Lightning+1","floor":21},{"not_picked":["Lockon+1","Storm+1","Ball Lightning"],"picked":"SKIP","floor":22},{"not_picked":["Genetic Algorithm+1","Sweeping Beam","Chaos"],"picked":"SKIP","floor":23},{"not_picked":["Redo+1","Gash+1"],"picked":"FTL","floor":28},{"not_picked":["Meteor Strike","Stack","Recycle+1"],"picked":"SKIP","floor":30},{"not_picked":["Electrodynamics","Rainbow"],"picked":"Multi-Cast","floor":33},{"not_picked":["Beam Cell+1","Go for the Eyes"],"picked":"Leap","floor":35},{"not_picked":["Blizzard","Leap"],"picked":"Buffer","floor":37},{"not_picked":["Doom and Gloom+1","Go for the Eyes+1"],"picked":"Conserve Battery+1","floor":38},{"not_picked":["Stack+1","Compile Driver+1","Beam Cell+1"],"picked":"SKIP","floor":39},{"not_picked":["Barrage+1","Redo","Streamline"],"picked":"SKIP","floor":41}],"player_experience":719351,"relics_obtained":[{"floor":2,"key":"Centennial Puzzle"},{"floor":7,"key":"Strawberry"},{"floor":9,"key":"Gremlin Horn"},{"floor":23,"key":"Bottled Flame"},{"floor":25,"key":"Enchiridion"},{"floor":31,"key":"Red Mask"},{"floor":37,"key":"Mango"},{"floor":38,"key":"Ice Cream"},{"floor":43,"key":"War Paint"}],"event_choices":[{"damage_healed":0,"gold_gain":0,"player_choice":"Entered Light","damage_taken":15,"max_hp_gain":0,"max_hp_loss":0,"event_name":"Shining Light","floor":14,"gold_loss":0,"cards_upgraded":["Doom and Gloom","Loop"]},{"damage_healed":0,"gold_gain":0,"player_choice":"Ignored","damage_taken":0,"max_hp_gain":0,"max_hp_loss":0,"event_name":"Beggar","floor":20,"gold_loss":0},{"damage_healed":0,"gold_gain":0,"player_choice":"Obtained Book","damage_taken":16,"max_hp_gain":0,"max_hp_loss":0,"event_name":"Cursed Tome","floor":25,"gold_loss":0},{"damage_healed":0,"gold_gain":0,"player_choice":"Opened","damage_taken":0,"relics_obtained":["Art of War"],"max_hp_gain":0,"max_hp_loss":0,"event_name":"The Mausoleum","floor":27,"gold_loss":0,"cards_obtained":["Writhe"]},{"damage_healed":0,"gold_gain":0,"player_choice":"Fought Bandits","damage_taken":0,"max_hp_gain":0,"max_hp_loss":0,"event_name":"Masked Bandits","floor":31,"gold_loss":0},{"damage_healed":0,"gold_gain":0,"player_choice":"Fight","damage_taken":0,"max_hp_gain":0,"max_hp_loss":0,"event_name":"MindBloom","floor":37,"gold_loss":0},{"damage_healed":0,"gold_gain":0,"player_choice":"Fight","damage_taken":0,"max_hp_gain":0,"max_hp_loss":0,"event_name":"Mysterious Sphere","floor":38,"gold_loss":0},{"damage_healed":0,"gold_gain":222,"player_choice":"Wore Mask","damage_taken":0,"max_hp_gain":0,"max_hp_loss":0,"event_name":"Tomb of Lord Red Mask","floor":42,"gold_loss":0}],"is_beta":false,"boss_relics":[{"not_picked":["Eternal Feather","White Beast Statue"],"picked":"Orrery"},{"not_picked":["Inserter","Pandora\u0027s Box"],"picked":"Black Star"}],"items_purged_floors":[13,24],"is_endless":false,"potions_floor_spawned":[3,4,5,7,18,21,22,33,37,38,41],"killed_by":"Transient","ascension_level":8}