{"gold_per_floor":[117,130,205,52,65,100,111,111,161,161,190,200,150,167,167,270,270,282,292,392,317,317,343,6,6,53,73,73,73,87,122,122,222,222,237,40,53,1052,1066,1066,1100,1100,1100,33,50,69,69,69,69,69],"floor_reached":51,"playtime":5675,"items_purged":["Strike_G","Strike_G","Writhe","Clumsy"],"score":725,"play_id":"0335587c-8784-40f2-a8fc-0089295f37bd","local_time":"20190322203357","is_ascension_mode":false,"campfire_choices":[{"floor":8.0,"key":"REST"},{"data":"Neutralize","floor":10.0,"key":"SMITH"},{"data":"Noxious Fumes","floor":15.0,"key":"SMITH"},{"floor":25,"key":"REST"},{"floor":29,"key":"REST"},{"floor":32,"key":"REST"},{"floor":40,"key":"REST"},{"floor":42,"key":"REST"},{"data":"Noxious Fumes","floor":47,"key":"SMITH"},{"data":"Footwork","floor":49,"key":"SMITH"}],"neow_cost":"NONE","seed_source_timestamp":168602565006,"circlet_count":0,"master_deck":["Defend_G","Defend_G","Defend_G","Defend_G","Defend_G","Survivor","Neutralize+1","Slice","Noxious Fumes+1","Caltrops","Footwork+1","Backstab","Adrenaline","Infinite Blades","Flechettes","Die Die Die","Terror+1","Backflip+1","Bouncing Flask","Blade Dance","Noxious Fumes+1","Acrobatics","After Image","Corpse Explosion","Footwork","Malaise","Well Laid Plans+1","Footwork","Cloak And Dagger+1","After Image","Accuracy+1","Infinite Blades","Forethought","Blade Dance+1","Infinite Blades+1"],"special_seed":0,"relics":["Ring of the Snake","Question Card","Happy Flower","Oddly Smooth Stone","WristBlade","Peace Pipe","Meat on the Bone","Blood Vial","Anchor","ClockworkSouvenir","Omamori","Regal Pillow","Cursed Key","Paper Crane","Bottled Tornado","Mummified Hand","Pantograph","Chemical X"],"potions_floor_usage":[33,33,33,39,39],"damage_taken":[{"damage":0.0,"enemies":"Small Slimes","floor":1.0,"turns":4.0},{"damage":1.0,"enemies":"2 Louse","floor":2.0,"turns":3.0},{"damage":4.0,"enemies":"Jaw Worm","floor":5.0,"turns":6.0},{"damage":30.0,"enemies":"Gremlin Nob","floor":6.0,"turns":5.0},{"damage":0.0,"enemies":"2 Fungi Beasts","floor":7.0,"turns":6.0},{"damage":8.0,"enemies":"Lagavulin","floor":11.0,"turns":9.0},{"damage":6.0,"enemies":"Gremlin Gang","floor":12.0,"turns":6.0},{"damage":1.0,"enemies":"Red Slaver","floor":14.0,"turns":5.0},{"damage":16.0,"enemies":"The Guardian","floor":16.0,"turns":11.0},{"damage":10.0,"enemies":"2 Thieves","floor":18.0,"turns":4.0},{"damage":4.0,"enemies":"3 Byrds","floor":19.0,"turns":4.0},{"damage":11.0,"enemies":"Colosseum Slavers","floor":20.0,"turns":4.0},{"damage":13.0,"enemies":"Colosseum Nobs","floor":20.0,"turns":4.0},{"damage":31.0,"enemies":"Slavers","floor":23.0,"turns":5.0},{"damage":16,"enemies":"3 Cultists","floor":27,"turns":5},{"damage":9,"enemies":"Snake Plant","floor":30,"turns":4},{"damage":19,"enemies":"Book of Stabbing","floor":31,"turns":6},{"damage":51,"enemies":"Automaton","floor":33,"turns":9},{"damage":0,"enemies":"3 Shapes","floor":35,"turns":5},{"damage":19,"enemies":"Orb Walker","floor":37,"turns":5},{"damage":24,"enemies":"3 Darklings","floor":39,"turns":4},{"damage":53,"enemies":"Reptomancer","floor":41,"turns":9},{"damage":0,"enemies":"Maw","floor":45,"turns":6},{"damage":2,"enemies":"Spire Growth","floor":46,"turns":5},{"damage":1,"enemies":"Time Eater","floor":50,"turns":9}],"seed_played":"2080856044784045083","potions_obtained":[{"floor":1.0,"key":"SkillPotion"},{"floor":6.0,"key":"GhostInAJar"},{"floor":7.0,"key":"Regen Potion"},{"floor":12.0,"key":"Swift Potion"},{"floor":16.0,"key":"SkillPotion"},{"floor":18.0,"key":"EssenceOfSteel"},{"floor":20.0,"key":"EntropicBrew"},{"floor":23.0,"key":"AttackPotion"},{"floor":30,"key":"Explosive Potion"},{"floor":33,"key":"Swift Potion"},{"floor":35,"key":"Fire Potion"},{"floor":41,"key":"Regen Potion"}],"is_trial":false,"path_per_floor":["M","M","?","$","M","E","M","R","T","R","E","M","?","M","R","B",null,"M","M","?","?","?","E","$","R","T","M","?","R","M","E","R","B",null,"M","$","M","?","M","R","E","R","T","$","M","M","R","?","R","B",null],"character_chosen":"THE_SILENT","items_purchased":["Noxious Fumes","Noxious Fumes","ClockworkSouvenir","Footwork","Mummified Hand","Pantograph","Chemical X","Infinite Blades","Forethought","Block Potion"],"campfire_rested":6,"item_purchase_floors":[4,24,24,36,44,44,44,44,44,44],"current_hp_per_floor":[77,76,65,65,61,31,31,54,54,54,46,40,40,39,39,38,77,67,63,39,39,39,22,22,45,45,43,43,66,59,42,77,40,77,77,77,58,58,48,77,36,74,74,74,76,75,75,75,75,76],"gold":69,"neow_bonus":"TEN_PERCENT_HP_BONUS","is_prod":false,"is_daily":false,"chose_seed":false,"campfire_upgraded":4,"win_rate":0,"timestamp":1553286837,"path_taken":["M","M","?","$","M","E","M","R","T","R","E","M","?","M","R","BOSS","M","M","?","?","?","E","$","R","T","M","?","R","M","E","R","BOSS","M","$","M","?","M","R","E","R","T","$","M","M","R","?","R","BOSS"],"build_version":"2019-01-23","purchased_purges":4,"victory":true,"max_hp_per_floor":[77,77,77,77,77,77,77,77,77,77,77,77,77,77,77,77,77,77,77,77,77,77,77,77,77,77,77,77,77,77,77,77,77,77,77,77,77,77,77,77,77,77,77,77,77,77,77,77,77,77],"card_choices":[{"not_picked":["Expertise","Bane"],"picked":"Slice","floor":1.0},{"not_picked":["Outmaneuver","Masterful Stab","Flying Knee"],"picked":"SKIP","floor":2.0},{"not_picked":["Sucker Punch","Choke"],"picked":"Caltrops","floor":5.0},{"not_picked":["Distraction","Dash"],"picked":"Footwork","floor":6.0},{"not_picked":["Heel Hook","Acrobatics","Flying Knee"],"picked":"Backstab","floor":7.0},{"not_picked":["Prepared","Outmaneuver","Quick Slash"],"picked":"Adrenaline","floor":11.0},{"not_picked":["Dash","Eviscerate","Bane"],"picked":"Infinite Blades","floor":12.0},{"not_picked":["Sucker Punch","Prepared","Deadly Poison"],"picked":"Flechettes","floor":14.0},{"not_picked":["Bullet Time","Phantasmal Killer","Wraith Form v2"],"picked":"Die Die Die","floor":16.0},{"not_picked":["Dodge and Roll","Acrobatics+1","Endless Agony"],"picked":"Terror+1","floor":18.0},{"not_picked":["Choke","Finisher+1","Flying Knee"],"picked":"Backflip+1","floor":19.0},{"not_picked":["Sucker Punch","Quick Slash","Dagger Throw"],"picked":"Bouncing Flask","floor":20.0},{"not_picked":["Sucker Punch","Bane","Backstab"],"picked":"Blade Dance","floor":23.0},{"not_picked":["Tactician","Sucker Punch","Poisoned Stab"],"picked":"Acrobatics","floor":27},{"not_picked":["Predator+1","Accuracy","Choke+1"],"picked":"Corpse Explosion","floor":30},{"not_picked":["Endless Agony","Heel Hook+1","Accuracy"],"picked":"Footwork","floor":31},{"not_picked":["Night Terror","Unload","Doppelganger"],"picked":"Malaise","floor":33},{"not_picked":["Flechettes","Underhanded Strike","Bane"],"picked":"Well Laid Plans+1","floor":35},{"not_picked":["Dodge and Roll+1","Dagger Throw","Blade Dance+1"],"picked":"Cloak And Dagger+1","floor":37},{"not_picked":["Flechettes","Dodge and Roll+1","Dagger Throw"],"picked":"After Image","floor":39},{"not_picked":["Choke","Noxious Fumes","Leg Sweep"],"picked":"Accuracy+1","floor":41},{"not_picked":["Masterful Stab","PiercingWail","Poisoned Stab"],"picked":"Blade Dance+1","floor":45},{"not_picked":["Bane+1","Skewer+1","PiercingWail+1"],"picked":"Infinite Blades+1","floor":46}],"player_experience":134554,"relics_obtained":[{"floor":6.0,"key":"Question Card"},{"floor":9.0,"key":"Happy Flower"},{"floor":11.0,"key":"Oddly Smooth Stone"},{"floor":20.0,"key":"Peace Pipe"},{"floor":20.0,"key":"Meat on the Bone"},{"floor":23.0,"key":"Anchor"},{"floor":26,"key":"Omamori"},{"floor":31,"key":"Regal Pillow"},{"floor":41,"key":"Paper Crane"},{"floor":43,"key":"Bottled Tornado"}],"event_choices":[{"damage_healed":0.0,"max_hp_gain":0.0,"max_hp_loss":0.0,"gold_gain":75.0,"event_name":"World of Goop","player_choice":"Gather Gold","floor":3.0,"gold_loss":0.0,"damage_taken":11.0},{"cards_removed":["Strike_G"],"damage_healed":0.0,"max_hp_gain":0.0,"max_hp_loss":0.0,"gold_gain":0.0,"event_name":"The Cleric","player_choice":"Card Removal","floor":13.0,"gold_loss":50.0,"damage_taken":0.0},{"damage_healed":0.0,"max_hp_gain":0.0,"max_hp_loss":0.0,"gold_gain":0.0,"event_name":"Colosseum","player_choice":"Fight","floor":20.0,"gold_loss":0.0,"damage_taken":0.0},{"damage_healed":0.0,"max_hp_gain":0.0,"max_hp_loss":0.0,"gold_gain":0.0,"event_name":"Colosseum","player_choice":"Fought Nobs","floor":20.0,"gold_loss":0.0,"damage_taken":0.0},{"cards_removed":["Strike_G"],"damage_healed":0.0,"max_hp_gain":0.0,"max_hp_loss":0.0,"gold_gain":0.0,"event_name":"Beggar","player_choice":"Gave Gold","floor":21.0,"gold_loss":75.0,"damage_taken":0.0},{"damage_healed":0.0,"max_hp_gain":0.0,"max_hp_loss":0.0,"gold_gain":0.0,"event_name":"The Mausoleum","player_choice":"Opened","floor":22.0,"gold_loss":0.0,"damage_taken":0.0,"relics_obtained":["Blood Vial"],"cards_obtained":["Writhe"]},{"damage_healed":0,"gold_gain":0,"player_choice":"Read","damage_taken":0,"max_hp_gain":0,"max_hp_loss":0,"event_name":"The Library","floor":28,"gold_loss":0,"cards_obtained":["After Image"]},{"damage_healed":0,"gold_gain":999,"player_choice":"Gold","damage_taken":0,"max_hp_gain":0,"max_hp_loss":0,"event_name":"MindBloom","floor":38,"gold_loss":0,"cards_obtained":["Normality","Normality"]},{"cards_removed":["Strike_G"],"damage_healed":0,"gold_gain":0,"player_choice":"Removed Attack","damage_taken":0,"max_hp_gain":0,"max_hp_loss":0,"event_name":"Falling","floor":48,"gold_loss":0}],"is_beta":false,"boss_relics":[{"not_picked":["Coffee Dripper","Velvet Choker"],"picked":"WristBlade"},{"not_picked":["Lizard Tail","Runic Pyramid"],"picked":"Cursed Key"}],"items_purged_floors":[4,24,36,44],"is_endless":false,"potions_floor_spawned":[1,6,7,12,16,18,20,23,30,33,35,41],"ascension_level":0}