{"gold_per_floor":[115,128,128,73,91,91,120,135,161,161,311,326,326,326],"floor_reached":14,"playtime":355,"items_purged":[],"score":180,"play_id":"6c153ac7-5179-4cdf-9648-178c5aa79356","local_time":"20190328111925","is_ascension_mode":true,"campfire_choices":[{"data":"Dagger Spray","floor":6,"key":"SMITH"},{"data":"Caltrops","floor":10,"key":"SMITH"}],"neow_cost":"NONE","seed_source_timestamp":1321052615662454,"circlet_count":0,"master_deck":["AscendersBane","Defend_G","Defend_G","Defend_G","Defend_G","Defend_G","Strike_G","Strike_G","Strike_G","Strike_G","Survivor","Neutralize","Dagger Spray+1","Caltrops+1","Dagger Spray","Backflip","Doubt","Escape Plan"],"relics":["Ring of the Snake","Blood Vial","Smiling Mask","Bag of Marbles"],"potions_floor_usage":[7,12],"damage_taken":[{"damage":0,"enemies":"Jaw Worm","floor":1,"turns":5},{"damage":0,"enemies":"2 Louse","floor":2,"turns":2},{"damage":1,"enemies":"Small Slimes","floor":5,"turns":4},{"damage":26,"enemies":"Gremlin Nob","floor":7,"turns":4},{"damage":13,"enemies":"Exordium Wildlife","floor":8,"turns":4},{"damage":5,"enemies":"Red Slaver","floor":12,"turns":4},{"damage":10,"enemies":"3 Sentries","floor":14,"turns":4}],"seed_played":"7595276790336882312","potions_obtained":[{"floor":2,"key":"LiquidBronze"},{"floor":8,"key":"Weak Potion"}],"is_trial":false,"path_per_floor":["M","M","?","$","M","R","E","M","T","R","?","M","?","E"],"character_chosen":"THE_SILENT","items_purchased":["SteroidPotion"],"campfire_rested":0,"item_purchase_floors":[4],"current_hp_per_floor":[65,65,65,65,64,64,38,27,27,27,27,24,19,11],"gold":326,"neow_bonus":"TEN_PERCENT_HP_BONUS","is_prod":false,"is_daily":false,"chose_seed":false,"campfire_upgraded":2,"win_rate":0,"timestamp":1553786365,"path_taken":["M","M","?","$","M","R","E","M","T","R","?","M","?","E"],"build_version":"2019-03-15","purchased_purges":0,"victory":false,"max_hp_per_floor":[72,72,72,72,72,72,72,72,72,72,72,72,72,72],"card_choices":[{"not_picked":["Flying Knee","Prepared"],"picked":"Dagger Spray","floor":1},{"not_picked":["Outmaneuver","Prepared","Underhanded Strike"],"picked":"SKIP","floor":2},{"not_picked":["Outmaneuver","Heel Hook"],"picked":"Dagger Spray","floor":5},{"not_picked":["Riddle With Holes","Phantasmal Killer","All Out Attack"],"picked":"SKIP","floor":7},{"not_picked":["Poisoned Stab","Blade Dance"],"picked":"Backflip","floor":8},{"not_picked":["Infinite Blades","Quick Slash"],"picked":"Escape Plan","floor":12}],"player_experience":1339801,"relics_obtained":[{"floor":7,"key":"Blood Vial"},{"floor":9,"key":"Smiling Mask"}],"event_choices":[{"damage_healed":0,"gold_gain":0,"cards_transformed":["Strike_G"],"player_choice":"Change","damage_taken":0,"max_hp_gain":0,"max_hp_loss":0,"event_name":"Living Wall","floor":3,"gold_loss":0,"cards_obtained":["Caltrops"]},{"damage_healed":0,"gold_gain":150,"player_choice":"AGREE","damage_taken":0,"max_hp_gain":0,"max_hp_loss":0,"event_name":"Liars Game","floor":11,"gold_loss":0,"cards_obtained":["Doubt"]},{"damage_healed":0,"gold_gain":0,"player_choice":"Success","damage_taken":5,"relics_obtained":["Bag of Marbles"],"max_hp_gain":0,"max_hp_loss":0,"event_name":"Scrap Ooze","floor":13,"gold_loss":0}],"is_beta":true,"boss_relics":[],"items_purged_floors":[],"is_endless":false,"potions_floor_spawned":[2,8],"killed_by":"3 Sentries","ascension_level":20}