{"gold_per_floor":[15,15,26,46,46,61,61,95,142,162,172,172,190,201,201,297,347,366,19,19,38,49,49,67,67,145,159,159,5,18,18,18,113,113,132,232,18,38,38,38,71,71,71,71,71,71,90,101,101,101],"floor_reached":50,"playtime":3890,"items_purged":["Strike_G+1"],"score":629,"play_id":"94a73a18-da06-4ef6-957b-06c7f07df3d5","local_time":"20190329135943","is_ascension_mode":true,"campfire_choices":[{"data":"Corpse Explosion","floor":7,"key":"SMITH"},{"floor":15,"key":"REST"},{"data":"A Thousand Cuts","floor":23,"key":"SMITH"},{"floor":25,"key":"REST"},{"data":"Bullet Time","floor":32,"key":"SMITH"},{"data":"Catalyst","floor":40,"key":"SMITH"},{"floor":42,"key":"REST"},{"floor":49,"key":"REST"}],"neow_cost":"NO_GOLD","seed_source_timestamp":615341539884863,"circlet_count":0,"master_deck":["Defend_G+1","Defend_G+1","Defend_G+1","Defend_G+1","Defend_G+1","Strike_G+1","Strike_G+1","Strike_G+1","Survivor","Neutralize","Corpse Explosion+1","Slice+1","Cloak And Dagger","Dagger Throw+1","A Thousand Cuts+1","Escape Plan","PiercingWail","Corpse Explosion","Leg Sweep","Malaise","Adrenaline","Catalyst+1","Deadly Poison+1","Panache","Crippling Poison","Deflect","Calculated Gamble+1","Bullet Time+1","Infinite Blades","Cloak And Dagger","Die Die Die","Bouncing Flask","Slice","Deadly Poison+1","Noxious Fumes","Backflip","Madness","Madness","Leg Sweep+1","Adrenaline","Distraction+1"],"relics":["Ring of the Snake","The Courier","Omamori","Tiny House","Sundial","Dream Catcher","Shuriken","Juzu Bracelet","Lee\u0027s Waffle","Runic Pyramid","Anchor","Turnip","Darkstone Periapt"],"potions_floor_usage":[14,16,16,24,33,33,39,50,50],"damage_taken":[{"damage":2,"enemies":"Jaw Worm","floor":1,"turns":5},{"damage":0,"enemies":"Small Slimes","floor":3,"turns":4},{"damage":0,"enemies":"Cultist","floor":4,"turns":4},{"damage":0,"enemies":"Exordium Wildlife","floor":6,"turns":2},{"damage":13,"enemies":"3 Sentries","floor":8,"turns":6},{"damage":7,"enemies":"Exordium Thugs","floor":10,"turns":3},{"damage":2,"enemies":"Red Slaver","floor":11,"turns":4},{"damage":0,"enemies":"2 Fungi Beasts","floor":13,"turns":2},{"damage":13,"enemies":"Exordium Thugs","floor":14,"turns":3},{"damage":14,"enemies":"The Guardian","floor":16,"turns":10},{"damage":10,"enemies":"Spheric Guardian","floor":18,"turns":4},{"damage":25,"enemies":"Chosen","floor":21,"turns":7},{"damage":2,"enemies":"Snecko","floor":22,"turns":4},{"damage":33,"enemies":"Centurion and Healer","floor":24,"turns":4},{"damage":28,"enemies":"Chosen and Byrds","floor":27,"turns":7},{"damage":8,"enemies":"Snecko","floor":30,"turns":5},{"damage":44,"enemies":"Collector","floor":33,"turns":6},{"damage":0,"enemies":"3 Shapes","floor":35,"turns":3},{"damage":0,"enemies":"3 Darklings","floor":38,"turns":2},{"damage":0,"enemies":"Spire Growth","floor":39,"turns":2},{"damage":67,"enemies":"Giant Head","floor":41,"turns":8},{"damage":13,"enemies":"Transient","floor":47,"turns":5},{"damage":35,"enemies":"Maw","floor":48,"turns":6},{"damage":36,"enemies":"Time Eater","floor":50,"turns":7}],"seed_played":"-2708650968511206489","potions_obtained":[{"floor":10,"key":"Strength Potion"},{"floor":13,"key":"PowerPotion"},{"floor":14,"key":"Fire Potion"},{"floor":16,"key":"Poison Potion"},{"floor":17,"key":"SmokeBomb"},{"floor":22,"key":"Regen Potion"},{"floor":27,"key":"Weak Potion"},{"floor":30,"key":"Poison Potion"},{"floor":35,"key":"SteroidPotion"},{"floor":38,"key":"Ancient Potion"},{"floor":41,"key":"SpeedPotion"},{"floor":48,"key":"AttackPotion"}],"is_trial":false,"path_per_floor":["M","?","M","M","?","M","R","E","T","M","M","?","M","M","R","B",null,"M","$","?","M","M","R","M","R","T","M","?","$","M","?","R","B",null,"M","?","$","M","M","R","E","R","T","?","?","?","M","M","R","B"],"character_chosen":"THE_SILENT","items_purchased":["Panache","Sundial","Lee\u0027s Waffle","Anchor","Slice"],"campfire_rested":4,"item_purchase_floors":[19,19,29,37,37],"current_hp_per_floor":[68,54,54,54,47,47,47,34,34,27,25,25,25,12,33,19,75,65,65,65,40,38,38,17,39,39,11,11,82,74,74,74,30,82,82,82,82,82,82,82,15,39,39,72,63,63,50,15,36,0],"gold":101,"neow_bonus":"THREE_RARE_CARDS","is_prod":false,"is_daily":false,"chose_seed":false,"campfire_upgraded":4,"win_rate":0,"timestamp":1553867983,"path_taken":["M","?","M","M","?","M","R","E","T","?","M","?","M","M","R","BOSS","M","$","?","M","M","R","M","R","T","M","?","?","M","?","R","BOSS","M","?","?","M","M","R","E","R","T","?","?","?","M","M","R","BOSS"],"build_version":"2019-01-23","purchased_purges":1,"victory":false,"max_hp_per_floor":[70,70,70,70,70,70,70,70,70,70,70,70,70,70,70,70,75,75,75,75,75,75,75,75,75,75,75,75,82,82,82,82,82,82,82,82,82,82,82,82,82,82,82,72,72,72,72,72,72,72],"card_choices":[{"not_picked":["Grand Finale","Tools of the Trade"],"picked":"Corpse Explosion","floor":0},{"not_picked":["Blade Dance","Dagger Spray"],"picked":"Slice","floor":1},{"not_picked":["Reflex","Calculated Gamble"],"picked":"Cloak And Dagger","floor":3},{"not_picked":["Expertise","Blade Dance","Underhanded Strike"],"picked":"SKIP","floor":4},{"not_picked":["Flying Knee","Prepared"],"picked":"Dagger Throw","floor":6},{"not_picked":["Concentrate","Sucker Punch"],"picked":"A Thousand Cuts","floor":8},{"not_picked":["Tactician","Outmaneuver"],"picked":"Escape Plan","floor":10},{"not_picked":["Reflex","Dagger Throw"],"picked":"PiercingWail","floor":11},{"not_picked":["Dagger Spray","Blade Dance"],"picked":"Leg Sweep","floor":13},{"not_picked":["Eviscerate","Bane"],"picked":"Malaise","floor":14},{"not_picked":["Storm of Steel","Unload"],"picked":"Adrenaline","floor":16},{"not_picked":["Bane","Eviscerate"],"picked":"Catalyst","floor":17},{"not_picked":["Sucker Punch","Reflex"],"picked":"Deadly Poison+1","floor":18},{"not_picked":["Finisher+1","Prepared+1"],"picked":"Crippling Poison","floor":21},{"not_picked":["Quick Slash","Backflip"],"picked":"Deflect","floor":22},{"not_picked":["Flechettes","Blade Dance"],"picked":"Calculated Gamble+1","floor":24},{"not_picked":["Riddle With Holes","Concentrate"],"picked":"Bullet Time","floor":25},{"not_picked":["Flying Knee+1","Underhanded Strike"],"picked":"Infinite Blades","floor":27},{"not_picked":["Heel Hook","Crippling Poison"],"picked":"Cloak And Dagger","floor":30},{"not_picked":["Storm of Steel","Tools of the Trade"],"picked":"Die Die Die","floor":33},{"not_picked":["Cloak And Dagger","Poisoned Stab"],"picked":"Bouncing Flask","floor":35},{"not_picked":["Caltrops","Finisher+1"],"picked":"Deadly Poison+1","floor":38},{"not_picked":["Flying Knee+1","Calculated Gamble+1"],"picked":"Noxious Fumes","floor":41},{"not_picked":["Slice","Heel Hook+1"],"picked":"Backflip","floor":42},{"not_picked":["Acrobatics","Outmaneuver"],"picked":"Leg Sweep+1","floor":47},{"not_picked":["Dagger Spray+1","Slice"],"picked":"Adrenaline","floor":48},{"not_picked":["Reflex+1","Acrobatics+1"],"picked":"Distraction+1","floor":49}],"player_experience":238514,"relics_obtained":[{"floor":8,"key":"The Courier"},{"floor":9,"key":"Omamori"},{"floor":26,"key":"Shuriken"},{"floor":41,"key":"Turnip"},{"floor":43,"key":"Darkstone Periapt"}],"event_choices":[{"damage_healed":0,"gold_gain":0,"player_choice":"Entered Light","damage_taken":14,"max_hp_gain":0,"max_hp_loss":0,"event_name":"Shining Light","floor":2,"gold_loss":0,"cards_upgraded":["Defend_G","Slice"]},{"damage_healed":0,"gold_gain":0,"player_choice":"Damaged","damage_taken":7,"max_hp_gain":0,"max_hp_loss":0,"event_name":"Wheel of Change","floor":5,"gold_loss":0},{"damage_healed":0,"gold_gain":0,"cards_transformed":["Strike_G"],"player_choice":"Transformed","damage_taken":0,"max_hp_gain":0,"max_hp_loss":0,"event_name":"Transmorgrifier","floor":12,"gold_loss":0,"cards_obtained":["Corpse Explosion"]},{"damage_healed":0,"gold_gain":0,"player_choice":"Opened","damage_taken":0,"relics_obtained":["Dream Catcher"],"max_hp_gain":0,"max_hp_loss":0,"event_name":"The Mausoleum","floor":20,"gold_loss":0,"cards_obtained":["Writhe"]},{"damage_healed":0,"gold_gain":0,"player_choice":"Stole Relic","damage_taken":0,"relics_obtained":["Juzu Bracelet"],"max_hp_gain":0,"max_hp_loss":0,"event_name":"Addict","floor":28,"gold_loss":0,"cards_obtained":["Shame"]},{"damage_healed":0,"gold_gain":0,"player_choice":"Simplicity","damage_taken":0,"max_hp_gain":0,"max_hp_loss":0,"event_name":"Back to Basics","floor":31,"gold_loss":0,"cards_upgraded":["Defend_G","Defend_G","Defend_G","Defend_G","Strike_G","Strike_G","Strike_G","Strike_G"]},{"damage_healed":0,"gold_gain":100,"player_choice":"Pray","damage_taken":0,"max_hp_gain":0,"max_hp_loss":0,"event_name":"Golden Shrine","floor":36,"gold_loss":0},{"damage_healed":72,"gold_gain":0,"player_choice":"Heal","damage_taken":0,"max_hp_gain":0,"max_hp_loss":10,"event_name":"The Moai Head","floor":44,"gold_loss":0},{"damage_healed":0,"gold_gain":0,"player_choice":"Embrace Madness","damage_taken":9,"max_hp_gain":0,"max_hp_loss":0,"event_name":"Winding Halls","floor":45,"gold_loss":0,"cards_obtained":["Madness","Madness"]},{"damage_healed":0,"gold_gain":0,"player_choice":"Ignored","damage_taken":0,"max_hp_gain":0,"max_hp_loss":0,"event_name":"Mysterious Sphere","floor":46,"gold_loss":0}],"is_beta":false,"boss_relics":[{"not_picked":["Black Star","Velvet Choker"],"picked":"Tiny House"},{"not_picked":["Busted Crown","Calling Bell"],"picked":"Runic Pyramid"}],"items_purged_floors":[37],"is_endless":false,"potions_floor_spawned":[10,13,14,16,22,27,30,35,38,41,48],"killed_by":"Time Eater","ascension_level":4}