{"gold_per_floor":[119,41,41,41,61,102,102,160,160,185,220,16,16,41,41,165,165,188,135,135,168,168,168],"floor_reached":23,"playtime":876,"items_purged":[],"score":220,"play_id":"c7df0770-d7f1-4520-849f-9cf063b89615","local_time":"20190322233138","is_ascension_mode":false,"campfire_choices":[{"floor":13,"key":"REST"},{"data":"Shrug It Off","floor":15,"key":"SMITH"}],"neow_cost":"NONE","seed_source_timestamp":835997726355680,"circlet_count":0,"master_deck":["Bash","Shrug It Off+1","Inflame","Heavy Blade","Inflame","Battle Trance","Battle Trance","Impervious","Fiend Fire","Juggernaut","Double Tap","Demon Form","Armaments","Bludgeon","Dark Embrace","Sword Boomerang","Shockwave","Clothesline","Feel No Pain"],"relics":["Burning Blood","NeowsBlessing","Golden Idol","Meat on the Bone","Blue Candle","Regal Pillow","WingedGreaves","Brimstone","Pandora\u0027s Box","Red Mask","NlothsMask"],"potions_floor_usage":[11,11,16],"damage_taken":[{"damage":0,"enemies":"Small Slimes","floor":1,"turns":1},{"damage":0,"enemies":"Jaw Worm","floor":5,"turns":1},{"damage":0,"enemies":"Lagavulin","floor":6,"turns":1},{"damage":7,"enemies":"2 Louse","floor":10,"turns":2},{"damage":28,"enemies":"Gremlin Nob","floor":11,"turns":4},{"damage":15,"enemies":"Gremlin Gang","floor":14,"turns":5},{"damage":36,"enemies":"Hexaghost","floor":16,"turns":7},{"damage":4,"enemies":"Shell Parasite","floor":18,"turns":3},{"damage":39,"enemies":"Masked Bandits","floor":21,"turns":5},{"damage":48,"enemies":"3 Byrds","floor":23,"turns":4}],"seed_played":"-4318050622210338528","potions_obtained":[{"floor":6,"key":"GamblersBrew"},{"floor":10,"key":"FearPotion"},{"floor":14,"key":"EssenceOfSteel"}],"is_trial":false,"path_per_floor":["M","$","?","?","M","E","?","?","T","M","E","$","R","M","R","B",null,"M","$","?","?","?","M"],"character_chosen":"IRONCLAD","items_purchased":["Inflame","Brimstone","Clothesline"],"campfire_rested":1,"item_purchase_floors":[2,12,19],"current_hp_per_floor":[80,80,60,44,50,56,49,49,49,48,38,38,77,68,68,50,80,80,80,80,47,47,0],"gold":168,"neow_bonus":"THREE_ENEMY_KILL","is_prod":false,"is_daily":false,"chose_seed":false,"campfire_upgraded":1,"win_rate":0,"timestamp":1553306498,"path_taken":["M","$","?","?","M","E","?","?","T","M","E","$","R","M","R","BOSS","M","$","?","?","?","M"],"build_version":"2019-03-15","purchased_purges":0,"victory":false,"max_hp_per_floor":[80,80,80,80,80,80,80,80,80,80,80,80,80,80,80,80,80,80,80,80,80,80,80],"card_choices":[{"not_picked":["Body Slam","Flex"],"picked":"Shrug It Off","floor":1},{"not_picked":["Pommel Strike","Havoc"],"picked":"Heavy Blade","floor":5},{"not_picked":["Brutality","Body Slam"],"picked":"Inflame","floor":6},{"not_picked":["Anger","Power Through"],"picked":"Battle Trance","floor":10},{"not_picked":["Heavy Blade","Blood for Blood"],"picked":"Battle Trance","floor":11},{"not_picked":["Pommel Strike","Anger","Warcry"],"picked":"SKIP","floor":14},{"not_picked":["Bludgeon","Reaper"],"picked":"Impervious","floor":16},{"not_picked":["Twin Strike+1","Thunderclap","True Grit"],"picked":"SKIP","floor":18},{"not_picked":["True Grit","Carnage+1"],"picked":"Feel No Pain","floor":21}],"player_experience":750327,"relics_obtained":[{"floor":6,"key":"Meat on the Bone"},{"floor":9,"key":"Regal Pillow"},{"floor":11,"key":"WingedGreaves"},{"floor":21,"key":"Red Mask"}],"event_choices":[{"damage_healed":0,"gold_gain":0,"player_choice":"Take Damage","damage_taken":20,"relics_obtained":["Golden Idol"],"max_hp_gain":0,"max_hp_loss":0,"event_name":"Golden Idol","floor":3,"gold_loss":0},{"damage_healed":0,"gold_gain":0,"player_choice":"Entered Light","damage_taken":16,"max_hp_gain":0,"max_hp_loss":0,"event_name":"Shining Light","floor":4,"gold_loss":0,"cards_upgraded":["Strike_R","Strike_R"]},{"damage_healed":0,"gold_gain":0,"player_choice":"Success","damage_taken":7,"relics_obtained":["Blue Candle"],"max_hp_gain":0,"max_hp_loss":0,"event_name":"Scrap Ooze","floor":7,"gold_loss":0},{"damage_healed":0,"gold_gain":58,"player_choice":"Gained Gold","damage_taken":0,"max_hp_gain":0,"max_hp_loss":0,"event_name":"Golden Wing","floor":8,"gold_loss":0},{"damage_healed":0,"gold_gain":0,"player_choice":"Ignored","damage_taken":0,"max_hp_gain":0,"max_hp_loss":0,"event_name":"Ghosts","floor":20,"gold_loss":0},{"damage_healed":0,"gold_gain":0,"player_choice":"Fought Bandits","damage_taken":0,"max_hp_gain":0,"max_hp_loss":0,"event_name":"Masked Bandits","floor":21,"gold_loss":0},{"damage_healed":0,"gold_gain":0,"player_choice":"Trade","damage_taken":0,"relics_obtained":["NlothsMask"],"max_hp_gain":0,"max_hp_loss":0,"event_name":"FaceTrader","floor":22,"gold_loss":0}],"is_beta":true,"boss_relics":[{"not_picked":["Velvet Choker","Fusion Hammer"],"picked":"Pandora\u0027s Box"}],"items_purged_floors":[],"is_endless":false,"potions_floor_spawned":[6,10,14],"killed_by":"3 Byrds","ascension_level":0}