{"gold_per_floor":[110,110,29,46,56,56,70,49,49,65,125,300,300,319,319,415,415,431,431,446,226,226,226,19,19,19,29,29,42,54,72,72,174,174,189,189,189,68,85,85,99,99,99,109,109,109,128,53,53,53],"floor_reached":50,"playtime":3081,"items_purged":["Doubt"],"score":484,"play_id":"325ab2c7-d8f8-4a0d-ba40-d2a615cf180b","local_time":"20181102083638","is_ascension_mode":false,"campfire_choices":[{"data":"Creative AI","floor":6,"key":"SMITH"},{"data":"Zap","floor":13,"key":"SMITH"},{"data":"Hologram","floor":15,"key":"SMITH"},{"data":"Seek","floor":23,"key":"SMITH"},{"data":"Double Energy","floor":25,"key":"SMITH"},{"floor":32,"key":"REST"},{"data":"Fission","floor":40,"key":"SMITH"},{"data":"Buffer","floor":42,"key":"SMITH"},{"data":"Capacitor","floor":49,"key":"SMITH"}],"neow_cost":"NONE","seed_source_timestamp":3250015336523354,"circlet_count":0,"master_deck":["Strike_B","Strike_B","Strike_B","Defend_B","Defend_B","Defend_B","Defend_B","Zap+1","Dualcast","Dramatic Entrance","Hologram+1","Creative AI+1","Glacier","Ball Lightning","Rainbow","Hologram","Go for the Eyes","Coolheaded","Seek+1","Storm+1","Double Energy+1","Streamline","Buffer+1","Zap","Storm+1","Chill","Defragment+1","Sweeping Beam+1","Hologram","Fission+1","Barrage","Madness","Madness","Loop","Turbo","Sunder+1","Defragment","Parasite","Conserve Battery","Dark Shackles","Conserve Battery+1","Capacitor+1"],"relics":["Cracked Core","Symbiotic Virus","Pantograph","Lizard Tail","Ancient Tea Set","DollysMirror","Shuriken","Coffee Dripper","Dodecahedron"],"potions_floor_usage":[11,18,44,44],"damage_taken":[{"damage":6,"enemies":"Jaw Worm","floor":1,"turns":3},{"damage":1,"enemies":"Cultist","floor":4,"turns":4},{"damage":0,"enemies":"Small Slimes","floor":5,"turns":3},{"damage":4,"enemies":"Gremlin Gang","floor":7,"turns":3},{"damage":13,"enemies":"Large Slime","floor":10,"turns":4},{"damage":3,"enemies":"3 Sentries","floor":11,"turns":8},{"damage":1,"enemies":"Exordium Thugs","floor":14,"turns":3},{"damage":15,"enemies":"The Guardian","floor":16,"turns":9},{"damage":1,"enemies":"Spheric Guardian","floor":18,"turns":7},{"damage":22,"enemies":"2 Thieves","floor":20,"turns":4},{"damage":17,"enemies":"3 Cultists","floor":27,"turns":4},{"damage":12,"enemies":"Shelled Parasite and Fungi","floor":29,"turns":6},{"damage":0,"enemies":"Cultist and Chosen","floor":30,"turns":5},{"damage":20,"enemies":"Centurion and Healer","floor":31,"turns":5},{"damage":29,"enemies":"Automaton","floor":33,"turns":6},{"damage":15,"enemies":"3 Darklings","floor":35,"turns":5},{"damage":9,"enemies":"3 Shapes","floor":39,"turns":4},{"damage":22,"enemies":"Spire Growth","floor":41,"turns":4},{"damage":60,"enemies":"Writhing Mass","floor":44,"turns":5},{"damage":9,"enemies":"4 Shapes","floor":47,"turns":4},{"damage":35,"enemies":"Donu and Deca","floor":50,"turns":2}],"seed_played":"7332128203982897311","potions_obtained":[{"floor":1,"key":"SneckoOil"},{"floor":2,"key":"Block Potion"},{"floor":2,"key":"Dexterity Potion"},{"floor":2,"key":"EssenceOfSteel"},{"floor":7,"key":"Explosive Potion"},{"floor":11,"key":"LiquidBronze"},{"floor":29,"key":"GamblersBrew"},{"floor":31,"key":"FairyPotion"},{"floor":39,"key":"FocusPotion"}],"is_trial":false,"path_per_floor":["M","?","$","M","M","R","M","?","T","M","?","?","R","M","R","B",null,"M","?","M","$","?","R","$","R","T","M","$","M","M","M","R","B",null,"M","?","?","$","M","R","M","R","T","M","?","?","M","$","R","B"],"character_chosen":"DEFECT","items_purchased":["Creative AI","Ancient Tea Set","DollysMirror","Loop","Turbo","Capacitor"],"campfire_rested":1,"item_purchase_floors":[3,21,24,38,38,48],"current_hp_per_floor":[69,69,69,68,68,68,64,64,64,51,48,48,48,47,47,57,75,74,74,52,52,52,52,52,52,52,35,35,23,23,3,25,21,75,60,51,51,51,42,42,20,20,20,13,13,13,4,4,4,0],"gold":53,"neow_bonus":"RANDOM_COLORLESS","is_prod":false,"is_daily":false,"chose_seed":false,"campfire_upgraded":8,"win_rate":0,"timestamp":1541147798,"path_taken":["M","?","$","?","M","R","M","?","T","M","?","?","R","M","R","BOSS","M","?","?","$","?","R","$","R","T","M","?","M","M","M","R","BOSS","M","?","?","$","?","R","M","R","T","M","?","?","M","?","R","BOSS"],"build_version":"2018-11-01","purchased_purges":1,"victory":false,"max_hp_per_floor":[75,75,75,75,75,75,75,75,75,75,75,75,75,75,75,75,75,75,75,75,75,75,75,75,75,75,75,75,75,75,75,75,75,75,75,75,75,75,75,75,75,75,75,75,75,75,75,75,75,75],"card_choices":[{"not_picked":["Coolheaded","Compile Driver"],"picked":"Hologram","floor":1},{"not_picked":["Leap","Steam Power"],"picked":"Glacier","floor":4},{"not_picked":["Streamline","Compile Driver"],"picked":"Ball Lightning","floor":5},{"not_picked":["Cold Snap","Conserve Battery"],"picked":"Rainbow","floor":7},{"not_picked":["Chaos","Go for the Eyes"],"picked":"Hologram","floor":10},{"not_picked":["Compile Driver","Darkness"],"picked":"Go for the Eyes","floor":11},{"not_picked":["Sweeping Beam","Ball Lightning"],"picked":"Coolheaded","floor":14},{"not_picked":["Meteor Strike","Rainbow"],"picked":"Seek","floor":16},{"not_picked":["Redo+1","Self Repair"],"picked":"Storm","floor":18},{"not_picked":["Rip and Tear","Go for the Eyes"],"picked":"Double Energy","floor":20},{"not_picked":["Barrage","Streamline"],"picked":"Chill","floor":27},{"not_picked":["Auto Shields","Scrape"],"picked":"Defragment+1","floor":29},{"not_picked":["Streamline","Stack+1"],"picked":"Sweeping Beam+1","floor":30},{"not_picked":["Compile Driver","Gash+1"],"picked":"Hologram","floor":31},{"not_picked":["Meteor Strike","Biased Cognition"],"picked":"Fission","floor":33},{"not_picked":["Beam Cell+1","Heatsinks+1"],"picked":"Barrage","floor":35},{"not_picked":["Sweeping Beam+1","Cold Snap+1"],"picked":"Sunder+1","floor":39},{"not_picked":["Melter+1","Barrage"],"picked":"Defragment","floor":41},{"not_picked":["Heatsinks","Turbo"],"picked":"Conserve Battery","floor":44},{"not_picked":["Forethought","Madness"],"picked":"Dark Shackles","floor":45},{"not_picked":["Cold Snap","Turbo+1"],"picked":"Conserve Battery+1","floor":47}],"player_experience":664048,"relics_obtained":[{"floor":9,"key":"Symbiotic Virus"},{"floor":11,"key":"Pantograph"},{"floor":26,"key":"Shuriken"},{"floor":43,"key":"Dodecahedron"}],"event_choices":[{"damage_healed":0,"gold_gain":0,"player_choice":"Got Potions","damage_taken":0,"max_hp_gain":0,"max_hp_loss":0,"event_name":"Lab","floor":2,"gold_loss":0},{"damage_healed":0,"gold_gain":0,"player_choice":"Left Gold","damage_taken":0,"max_hp_gain":0,"max_hp_loss":0,"event_name":"World of Goop","floor":8,"gold_loss":21},{"damage_healed":0,"gold_gain":0,"player_choice":"Searched \u00271\u0027 times","damage_taken":0,"max_hp_gain":0,"max_hp_loss":0,"event_name":"Dead Adventurer","floor":11,"gold_loss":0},{"damage_healed":0,"gold_gain":175,"player_choice":"AGREE","damage_taken":0,"max_hp_gain":0,"max_hp_loss":0,"event_name":"Liars Game","floor":12,"gold_loss":0,"cards_obtained":["Doubt"]},{"damage_healed":0,"gold_gain":0,"player_choice":"Forge","damage_taken":0,"max_hp_gain":0,"max_hp_loss":0,"event_name":"Accursed Blacksmith","floor":19,"gold_loss":0,"cards_upgraded":["Storm"]},{"damage_healed":0,"gold_gain":0,"player_choice":"3 cards matched","damage_taken":0,"max_hp_gain":0,"max_hp_loss":0,"event_name":"Match and Keep!","floor":22,"gold_loss":0,"cards_obtained":["Streamline","Buffer","Zap"]},{"damage_healed":0,"gold_gain":0,"player_choice":"Embrace Madness","damage_taken":9,"max_hp_gain":0,"max_hp_loss":0,"event_name":"Winding Halls","floor":36,"gold_loss":0,"cards_obtained":["Madness","Madness"]},{"damage_healed":0,"gold_gain":0,"player_choice":"Ignored","damage_taken":0,"max_hp_gain":0,"max_hp_loss":0,"event_name":"Purifier","floor":37,"gold_loss":0},{"damage_healed":0,"gold_gain":0,"player_choice":"Memory 1","damage_taken":0,"max_hp_gain":0,"max_hp_loss":0,"event_name":"SensoryStone","floor":45,"gold_loss":0},{"cards_removed":["Strike_B"],"damage_healed":0,"gold_gain":0,"player_choice":"Removed Attack","damage_taken":0,"max_hp_gain":0,"max_hp_loss":0,"event_name":"Falling","floor":46,"gold_loss":0}],"is_beta":false,"boss_relics":[{"not_picked":["Velvet Choker","Black Star"],"picked":"Lizard Tail"},{"not_picked":["Eternal Feather","Runic Pyramid"],"picked":"Coffee Dripper"}],"items_purged_floors":[21],"is_endless":false,"potions_floor_spawned":[1,7,11,29,31,33,39,41],"killed_by":"Donu and Deca","ascension_level":0}