{"gold_per_floor":[111,111,121,136,153,153,179,196,220,242,254,37,37,49,49,146,146,162,181,197,197,207,241,241,241,241,268,16,34,0,20,20,125,125,136,151,171,182,182,182,216,216,216,230,130,164,39,53,53,53],"floor_reached":50,"playtime":3497,"items_purged":["Regret","Pain","Doubt"],"score":598,"play_id":"ad9e4add-e6c2-48ed-8418-b80abb4193b1","local_time":"20190325000353","is_ascension_mode":false,"campfire_choices":[{"data":"Neutralize","floor":6,"key":"SMITH"},{"floor":13,"key":"REST"},{"data":"Footwork","floor":15,"key":"SMITH"},{"floor":25,"key":"REST"},{"floor":32,"key":"REST"},{"floor":40,"key":"RECALL"},{"floor":49,"key":"REST"}],"neow_cost":"NONE","seed_source_timestamp":1008117431477580,"circlet_count":0,"master_deck":["Defend_G","Defend_G","Defend_G","Defend_G","Defend_G","Strike_G","Strike_G","Strike_G","Strike_G","Strike_G","Survivor","Neutralize+1","Dagger Throw+1","Quick Slash","Leg Sweep","Reflex","Bouncing Flask","Underhanded Strike","Footwork","Noxious Fumes","Footwork+1","Corpse Explosion","Blur","Dash","Predator","Catalyst","Metamorphosis","Expertise","Crippling Poison+1","Parasite","Calculated Gamble","Prepared+1","Prepared+1","Distraction"],"relics":["Velvet Choker","Omamori","Dream Catcher","MawBank","Sozu","Pen Nib","Ornamental Fan","Bottled Lightning","Calling Bell","Regal Pillow","Pantograph","FossilizedHelix","Calipers","Letter Opener"],"potions_floor_usage":[7,7,14,20],"damage_taken":[{"damage":0,"enemies":"Jaw Worm","floor":1,"turns":4},{"damage":2,"enemies":"2 Louse","floor":3,"turns":3},{"damage":2,"enemies":"Cultist","floor":4,"turns":4},{"damage":11,"enemies":"Gremlin Gang","floor":5,"turns":8},{"damage":13,"enemies":"Gremlin Nob","floor":7,"turns":5},{"damage":2,"enemies":"3 Louse","floor":8,"turns":3},{"damage":5,"enemies":"Looter","floor":10,"turns":2},{"damage":12,"enemies":"Exordium Thugs","floor":14,"turns":5},{"damage":7,"enemies":"The Guardian","floor":16,"turns":12},{"damage":3,"enemies":"Spheric Guardian","floor":18,"turns":6},{"damage":0,"enemies":"Shell Parasite","floor":19,"turns":6},{"damage":6,"enemies":"3 Cultists","floor":20,"turns":5},{"damage":18,"enemies":"Cultist and Chosen","floor":22,"turns":8},{"damage":0,"enemies":"Book of Stabbing","floor":23,"turns":7},{"damage":28,"enemies":"Gremlin Leader","floor":27,"turns":10},{"damage":11,"enemies":"Snake Plant","floor":29,"turns":4},{"damage":0,"enemies":"Snecko","floor":31,"turns":4},{"damage":35,"enemies":"Automaton","floor":33,"turns":11},{"damage":7,"enemies":"3 Darklings","floor":35,"turns":4},{"damage":5,"enemies":"3 Shapes","floor":36,"turns":6},{"damage":26,"enemies":"Writhing Mass","floor":37,"turns":8},{"damage":40,"enemies":"Spire Growth","floor":38,"turns":6},{"damage":60,"enemies":"Giant Head","floor":41,"turns":10},{"damage":12,"enemies":"Jaw Worm Horde","floor":44,"turns":5},{"damage":16,"enemies":"Nemesis","floor":46,"turns":9},{"damage":16,"enemies":"4 Shapes","floor":48,"turns":4},{"damage":70,"enemies":"Time Eater","floor":50,"turns":6}],"seed_played":"7007605554057151777","potions_obtained":[{"floor":3,"key":"Poison Potion"},{"floor":4,"key":"AttackPotion"},{"floor":14,"key":"FairyPotion"},{"floor":16,"key":"Explosive Potion"}],"is_trial":false,"path_per_floor":["M","?","M","M","M","R","E","M","T","M","?","$","R","M","R","B",null,"M","M","M","$","M","E","?","R","T","E","$","M","?","M","R","B",null,"M","M","M","M","?","R","E","?","T","M","$","E","$","M","R","B"],"character_chosen":"THE_SILENT","items_purchased":["Footwork","Regen Potion","Metamorphosis","Expertise"],"campfire_rested":4,"item_purchase_floors":[12,12,28,28],"current_hp_per_floor":[70,70,68,66,55,55,42,40,40,35,35,35,56,58,58,51,70,67,67,61,61,43,43,43,64,64,36,36,25,25,25,46,11,70,63,58,32,7,61,61,1,61,61,49,49,33,33,17,50,0],"gold":53,"neow_bonus":"BOSS_RELIC","is_prod":false,"is_daily":false,"chose_seed":false,"campfire_upgraded":2,"win_rate":0,"timestamp":1553481233,"path_taken":["M","?","M","M","M","R","E","M","T","M","?","$","R","M","R","BOSS","M","M","?","$","?","E","?","R","T","E","$","M","?","M","R","BOSS","M","M","M","M","?","R","E","?","T","?","$","E","$","M","R","BOSS"],"build_version":"2019-03-15","purchased_purges":3,"victory":false,"max_hp_per_floor":[70,70,70,70,70,70,70,70,70,70,70,70,70,70,70,70,70,70,70,70,70,70,70,70,70,70,70,70,70,70,70,70,70,70,70,70,70,70,61,61,61,61,61,61,61,61,61,61,61,61],"card_choices":[{"not_picked":["Deflect","Blur"],"picked":"Dagger Throw","floor":1},{"not_picked":["Prepared","All Out Attack"],"picked":"Quick Slash","floor":3},{"not_picked":["Underhanded Strike","Dagger Throw"],"picked":"Leg Sweep","floor":4},{"not_picked":["Dagger Throw","Flying Knee"],"picked":"Reflex","floor":5},{"not_picked":["Sucker Punch","After Image"],"picked":"Bouncing Flask","floor":7},{"not_picked":["Acrobatics","PiercingWail"],"picked":"Underhanded Strike","floor":8},{"not_picked":["Blade Dance","Deflect","Prepared"],"picked":"SKIP","floor":10},{"not_picked":["Deadly Poison","Flying Knee"],"picked":"Noxious Fumes","floor":13},{"not_picked":["Poisoned Stab","Endless Agony"],"picked":"Footwork","floor":14},{"not_picked":["Grand Finale","A Thousand Cuts"],"picked":"Corpse Explosion","floor":16},{"not_picked":["Acrobatics+1","Deadly Poison"],"picked":"Blur","floor":18},{"not_picked":["Cloak And Dagger","Infinite Blades","Acrobatics+1"],"picked":"SKIP","floor":19},{"not_picked":["Tactician","Deflect+1"],"picked":"Dash","floor":20},{"not_picked":["Cloak And Dagger","Slice"],"picked":"Predator","floor":22},{"not_picked":["Dagger Spray","Endless Agony+1","Leg Sweep"],"picked":"SKIP","floor":23},{"not_picked":["Acrobatics","Quick Slash"],"picked":"Catalyst","floor":25},{"not_picked":["Slice","Storm of Steel","Prepared"],"picked":"SKIP","floor":27},{"not_picked":["Deflect","Deadly Poison","Sucker Punch"],"picked":"SKIP","floor":29},{"not_picked":["Reflex","Cloak And Dagger","All Out Attack"],"picked":"SKIP","floor":31},{"not_picked":["Slice+1","Prepared+1"],"picked":"Crippling Poison+1","floor":32},{"not_picked":["Outmaneuver","Acrobatics+1","PiercingWail"],"picked":"SKIP","floor":35},{"not_picked":["Flying Knee+1","Dagger Spray","All Out Attack+1"],"picked":"SKIP","floor":36},{"not_picked":["Acrobatics","Cloak And Dagger","All Out Attack"],"picked":"SKIP","floor":37},{"not_picked":["Noxious Fumes","PiercingWail+1"],"picked":"Calculated Gamble","floor":38},{"not_picked":["Flying Knee+1","Deadly Poison"],"picked":"Prepared+1","floor":41},{"not_picked":["Bane+1","Caltrops+1"],"picked":"Prepared+1","floor":44},{"not_picked":["Crippling Poison+1","Skewer+1","Outmaneuver"],"picked":"SKIP","floor":46},{"not_picked":["Accuracy+1","Deadly Poison","Predator"],"picked":"SKIP","floor":48},{"not_picked":["Bouncing Flask+1","Outmaneuver+1"],"picked":"Distraction","floor":49}],"player_experience":766775,"relics_obtained":[{"floor":7,"key":"Dream Catcher"},{"floor":9,"key":"MawBank"},{"floor":23,"key":"Pen Nib"},{"floor":26,"key":"Ornamental Fan"},{"floor":27,"key":"Bottled Lightning"},{"floor":34,"key":"Regal Pillow"},{"floor":34,"key":"Pantograph"},{"floor":34,"key":"FossilizedHelix"},{"floor":41,"key":"Calipers"},{"floor":46,"key":"Letter Opener"}],"event_choices":[{"damage_healed":0,"gold_gain":0,"player_choice":"Box","damage_taken":0,"relics_obtained":["Omamori"],"max_hp_gain":0,"max_hp_loss":0,"event_name":"Big Fish","floor":2,"gold_loss":0,"cards_obtained":["Regret"]},{"damage_healed":0,"gold_gain":0,"player_choice":"Upgraded","damage_taken":0,"max_hp_gain":0,"max_hp_loss":0,"event_name":"Upgrade Shrine","floor":11,"gold_loss":0,"cards_upgraded":["Dagger Throw"]},{"damage_healed":0,"gold_gain":0,"player_choice":"Ignored","damage_taken":0,"max_hp_gain":0,"max_hp_loss":0,"event_name":"Vampires","floor":24,"gold_loss":0},{"damage_healed":0,"gold_gain":0,"player_choice":"Paid Fearfully","damage_taken":0,"max_hp_gain":0,"max_hp_loss":0,"event_name":"Masked Bandits","floor":30,"gold_loss":34},{"damage_healed":61,"gold_gain":0,"player_choice":"Heal","damage_taken":0,"max_hp_gain":0,"max_hp_loss":9,"event_name":"The Moai Head","floor":39,"gold_loss":0},{"damage_healed":60,"gold_gain":0,"player_choice":"Heal","damage_taken":0,"max_hp_gain":0,"max_hp_loss":0,"event_name":"MindBloom","floor":42,"gold_loss":0,"cards_obtained":["Doubt"]}],"is_beta":true,"boss_relics":[{"not_picked":["White Beast Statue","Fusion Hammer"],"picked":"Sozu"},{"not_picked":["Pandora\u0027s Box","Eternal Feather"],"picked":"Calling Bell"}],"items_purged_floors":[12,45,47],"is_endless":false,"potions_floor_spawned":[3,4,14,16,20,23,33,38,41,44,48],"killed_by":"Time Eater","ascension_level":0}