{"gold_per_floor":[117,64,64,79,79,79,79,94,149,67,91,91,111,36,36,136,136,152,152,152,47,47,47,66,86,112,112,112,130,130],"floor_reached":30,"playtime":1148,"items_purged":[],"score":241,"play_id":"51b0f52c-ea4e-4a0f-95a9-c47fb439a882","local_time":"20181105135209","is_ascension_mode":false,"campfire_choices":[{"data":"Bash","floor":6,"key":"SMITH"},{"data":"Enlightenment","floor":12,"key":"SMITH"},{"data":"Demon Form","floor":15,"key":"SMITH"},{"floor":23,"key":"REST"},{"floor":27,"key":"REST"}],"neow_cost":"NONE","seed_source_timestamp":3530080726955153,"circlet_count":0,"master_deck":["Strike_R","Strike_R","Strike_R","Strike_R","Strike_R","Defend_R","Defend_R","Defend_R","Defend_R","Bash+1","Offering","Heavy Blade","Heavy Blade","Pommel Strike","Twin Strike","Enlightenment+1","Shrug It Off","Demon Form+1","Barricade","Rage","Disarm","Rupture","Fire Breathing+1","Armaments+1","Feel No Pain+1"],"relics":["Burning Blood","Matryoshka","Tiny Chest","Smiling Mask","Art of War","Pen Nib","Runic Cube","Omamori","PreservedInsect","Molten Egg 2"],"potions_floor_usage":[25,25,30],"damage_taken":[{"damage":7,"enemies":"Small Slimes","floor":1,"turns":4},{"damage":1,"enemies":"2 Louse","floor":4,"turns":3},{"damage":13,"enemies":"Jaw Worm","floor":8,"turns":3},{"damage":10,"enemies":"Looter","floor":13,"turns":3},{"damage":46,"enemies":"Hexaghost","floor":16,"turns":6},{"damage":43,"enemies":"Shell Parasite","floor":18,"turns":7},{"damage":33,"enemies":"Colosseum Slavers","floor":19,"turns":6},{"damage":23,"enemies":"3 Byrds","floor":24,"turns":6},{"damage":18,"enemies":"Centurion and Healer","floor":25,"turns":6},{"damage":32,"enemies":"Snecko","floor":29,"turns":6},{"damage":26,"enemies":"Shelled Parasite and Fungi","floor":30,"turns":3}],"seed_played":"2315303477420403630","potions_obtained":[{"floor":8,"key":"Poison Potion"},{"floor":24,"key":"AttackPotion"},{"floor":25,"key":"GamblersBrew"}],"is_trial":false,"path_per_floor":["M","$","?","M","?","R","?","M","T","$","T","R","M","$","R","B",null,"M","?","?","$","T","R","M","M","T","R","?","M","M"],"character_chosen":"IRONCLAD","items_purchased":["Heavy Blade","Enlightenment","Demon Form","Disarm","Rupture"],"campfire_rested":2,"item_purchase_floors":[2,10,14,21,21],"current_hp_per_floor":[79,79,79,80,80,80,77,70,70,70,70,70,66,66,66,26,80,43,16,16,16,16,40,23,11,11,35,35,9,0],"gold":130,"neow_bonus":"ONE_RANDOM_RARE_CARD","is_prod":false,"is_daily":false,"chose_seed":false,"campfire_upgraded":3,"win_rate":0,"timestamp":1541425929,"path_taken":["M","$","?","M","?","R","?","M","T","$","?","R","M","?","R","BOSS","M","?","?","$","?","R","M","?","T","R","?","M","M"],"build_version":"2018-11-01","purchased_purges":0,"victory":false,"max_hp_per_floor":[80,80,80,80,80,80,80,80,80,80,80,80,80,80,80,80,80,80,80,80,80,80,80,80,80,80,80,80,80,80],"card_choices":[{"not_picked":["Headbutt","Clash"],"picked":"Heavy Blade","floor":1},{"not_picked":["True Grit","Havoc"],"picked":"Pommel Strike","floor":4},{"not_picked":["Wild Strike","Second Wind"],"picked":"Twin Strike","floor":8},{"not_picked":["Rampage","Armaments"],"picked":"Shrug It Off","floor":13},{"not_picked":["Offering","Bludgeon"],"picked":"Barricade","floor":16},{"not_picked":["Entrench","Shrug It Off+1"],"picked":"Rage","floor":18},{"not_picked":["Pommel Strike+1","Flex"],"picked":"Fire Breathing+1","floor":24},{"not_picked":["Pommel Strike","Twin Strike"],"picked":"Armaments+1","floor":25},{"not_picked":["Sever Soul+1","Dual Wield"],"picked":"Feel No Pain+1","floor":29}],"player_experience":687888,"relics_obtained":[{"floor":9,"key":"Tiny Chest"},{"floor":9,"key":"Smiling Mask"},{"floor":11,"key":"Art of War"},{"floor":11,"key":"Pen Nib"},{"floor":22,"key":"Omamori"},{"floor":26,"key":"PreservedInsect"}],"event_choices":[{"damage_healed":0,"gold_gain":0,"player_choice":"Ignored","damage_taken":0,"max_hp_gain":0,"max_hp_loss":0,"event_name":"Golden Idol","floor":3,"gold_loss":0},{"damage_healed":0,"gold_gain":0,"player_choice":"Ignored","damage_taken":0,"max_hp_gain":0,"max_hp_loss":0,"event_name":"Liars Game","floor":5,"gold_loss":0},{"damage_healed":0,"gold_gain":0,"player_choice":"Success","damage_taken":3,"relics_obtained":["Matryoshka"],"max_hp_gain":0,"max_hp_loss":0,"event_name":"Scrap Ooze","floor":7,"gold_loss":0},{"damage_healed":0,"gold_gain":0,"player_choice":"Fight","damage_taken":0,"max_hp_gain":0,"max_hp_loss":0,"event_name":"Colosseum","floor":19,"gold_loss":0},{"damage_healed":0,"gold_gain":0,"player_choice":"Fled From Nobs","damage_taken":0,"max_hp_gain":0,"max_hp_loss":0,"event_name":"Colosseum","floor":19,"gold_loss":0},{"damage_healed":0,"gold_gain":0,"player_choice":"Ignored","damage_taken":0,"max_hp_gain":0,"max_hp_loss":0,"event_name":"Beggar","floor":20,"gold_loss":0},{"damage_healed":0,"gold_gain":0,"player_choice":"Opened","damage_taken":0,"relics_obtained":["Molten Egg 2"],"max_hp_gain":0,"max_hp_loss":0,"event_name":"The Mausoleum","floor":28,"gold_loss":0}],"is_beta":false,"boss_relics":[{"not_picked":["Runic Pyramid","Calling Bell"],"picked":"Runic Cube"}],"items_purged_floors":[],"is_endless":false,"potions_floor_spawned":[8,24,25],"killed_by":"Shelled Parasite and Fungi","ascension_level":0}