{"gold_per_floor":[117,128,145,145,159,159,145,145,145,320,38,65,75,110,110,207,207,222,234,250,263,282,282,308,308,308,49,49,60,60,77,77,176,176,193,193,193,208,219,219,231,231,283,283,283,115,115,132,132,132],"floor_reached":50,"playtime":3952,"items_purged":["Doubt"],"score":592,"play_id":"f24e6d47-4b16-42f4-adad-9b5c065eb4f0","local_time":"20180905153817","is_ascension_mode":true,"campfire_choices":[{"data":"Distraction","floor":6,"key":"SMITH"},{"data":"Dagger Spray","floor":8,"key":"SMITH"},{"data":"Dash","floor":15,"key":"SMITH"},{"floor":23,"key":"REST"},{"data":"Adrenaline","floor":25,"key":"SMITH"},{"floor":28,"key":"REST"},{"data":"Riddle With Holes","floor":30,"key":"SMITH"},{"data":"Concentrate","floor":32,"key":"SMITH"},{"floor":40,"key":"REST"},{"data":"Envenom","floor":45,"key":"SMITH"},{"data":"Corpse Explosion","floor":47,"key":"SMITH"},{"floor":49,"key":"REST"}],"neow_cost":"NONE","seed_source_timestamp":452749338429519,"circlet_count":0,"master_deck":["Defend_G","Defend_G","Defend_G","Defend_G","Defend_G","Strike_G+1","Strike_G","Strike_G","Strike_G+1","Strike_G","Survivor","Neutralize","Unload","Expertise","Dash+1","Dagger Spray+1","Distraction+1","Quick Slash","Concentrate+1","Backflip","Doppelganger","Skewer","Bane","Underhanded Strike+1","Deadly Poison+1","Riddle With Holes+1","Adrenaline+1","Predator","Poisoned Stab+1","Corpse Explosion+1","Deadly Poison","Madness","Eviscerate+1","Underhanded Strike","Envenom+1","Caltrops"],"relics":["Ring of the Snake","Happy Flower","Mercury Hourglass","Sling","Blood Vial","The Specimen","Black Star","Bag of Marbles","Regal Pillow","Whetstone","Shuriken","HoveringKite","Lantern"],"potions_floor_usage":[7,14,16,20,21,29,33,44,48,50,50],"damage_taken":[{"damage":0,"enemies":"Cultist","floor":1,"turns":3},{"damage":2,"enemies":"Small Slimes","floor":2,"turns":3},{"damage":0,"enemies":"2 Louse","floor":3,"turns":3},{"damage":3,"enemies":"Blue Slaver","floor":5,"turns":4},{"damage":3,"enemies":"Exordium Thugs","floor":7,"turns":4},{"damage":0,"enemies":"3 Louse","floor":13,"turns":1},{"damage":0,"enemies":"Gremlin Nob","floor":14,"turns":3},{"damage":59,"enemies":"The Guardian","floor":16,"turns":15},{"damage":15,"enemies":"2 Thieves","floor":18,"turns":4},{"damage":0,"enemies":"3 Byrds","floor":19,"turns":2},{"damage":33,"enemies":"Snake Plant","floor":20,"turns":6},{"damage":0,"enemies":"Cultist and Chosen","floor":21,"turns":4},{"damage":14,"enemies":"Sentry and Sphere","floor":22,"turns":4},{"damage":12,"enemies":"Gremlin Leader","floor":24,"turns":6},{"damage":0,"enemies":"Snake Plant","floor":29,"turns":3},{"damage":10,"enemies":"Snecko","floor":31,"turns":3},{"damage":60,"enemies":"Champ","floor":33,"turns":7},{"damage":6,"enemies":"Orb Walker","floor":35,"turns":2},{"damage":0,"enemies":"3 Shapes","floor":38,"turns":2},{"damage":28,"enemies":"Transient","floor":39,"turns":5},{"damage":23,"enemies":"Reptomancer","floor":41,"turns":3},{"damage":3,"enemies":"Sphere and 2 Shapes","floor":44,"turns":2},{"damage":37,"enemies":"Spire Growth","floor":48,"turns":4},{"damage":90,"enemies":"Time Eater","floor":50,"turns":5}],"seed_played":"-2562508871986043599","potions_obtained":[{"floor":2,"key":"FearPotion"},{"floor":5,"key":"EssenceOfSteel"},{"floor":7,"key":"Block Potion"},{"floor":18,"key":"Poison Potion"},{"floor":19,"key":"Regen Potion"},{"floor":24,"key":"LiquidBronze"},{"floor":29,"key":"Energy Potion"},{"floor":35,"key":"SmokeBomb"},{"floor":38,"key":"GhostInAJar"}],"is_trial":false,"path_per_floor":["M","M","M","?","M","R","M","R","T","?","$","T","M","E","R","B",null,"M","M","M","M","M","R","E","R","T","$","R","M","R","M","R","B",null,"M","?","?","M","M","R","M","?","T","M","R","$","R","M","R"],"character_chosen":"THE_SILENT","items_purchased":["Sling","Shuriken","PowerPotion","Poison Potion","Caltrops"],"campfire_rested":4,"item_purchase_floors":[11,27,46,46,46],"current_hp_per_floor":[70,68,68,65,62,62,59,59,59,59,59,59,61,63,63,6,70,55,57,38,40,28,49,39,39,39,39,70,70,70,60,60,2,70,64,55,70,70,42,70,47,47,47,46,46,46,46,11,47,0],"gold":132,"neow_bonus":"ONE_RANDOM_RARE_CARD","is_prod":false,"is_daily":false,"chose_seed":false,"campfire_upgraded":8,"win_rate":0,"timestamp":1536158297,"path_taken":["M","?","M","?","M","R","M","R","T","?","$","?","M","E","R","BOSS","M","?","M","M","M","R","E","R","T","$","R","M","R","M","R","BOSS","M","?","?","M","M","R","?","?","T","?","R","?","R","M","R","BOSS"],"build_version":"2018-08-30","purchased_purges":1,"victory":false,"max_hp_per_floor":[70,70,70,70,70,70,70,70,70,70,70,70,70,70,70,70,70,70,70,70,70,70,70,70,70,70,70,70,70,70,70,70,70,70,70,70,70,70,70,70,70,70,70,70,70,70,70,70,70,70],"card_choices":[{"not_picked":["Dodge and Roll","Deflect"],"picked":"Expertise","floor":1},{"not_picked":["Choke","Accuracy"],"picked":"Dash","floor":2},{"not_picked":["Skewer","Outmaneuver"],"picked":"Dagger Spray","floor":3},{"not_picked":["Concentrate","Slice"],"picked":"Distraction","floor":5},{"not_picked":["Prepared","Dagger Throw"],"picked":"Quick Slash","floor":7},{"not_picked":["Reflex","Acrobatics"],"picked":"Concentrate","floor":13},{"not_picked":["Escape Plan","Setup"],"picked":"Backflip","floor":14},{"not_picked":["Glass Knife","Unload"],"picked":"Doppelganger","floor":16},{"not_picked":["Heel Hook+1","Acrobatics"],"picked":"Skewer","floor":18},{"not_picked":["Blade Dance+1","Calculated Gamble"],"picked":"Bane","floor":19},{"not_picked":["Skewer","Bane+1"],"picked":"Underhanded Strike+1","floor":20},{"not_picked":["Cloak And Dagger+1","Underhanded Strike"],"picked":"Deadly Poison+1","floor":21},{"not_picked":["Caltrops","Concentrate"],"picked":"Riddle With Holes","floor":22},{"not_picked":["Backstab","Masterful Stab"],"picked":"Adrenaline","floor":24},{"not_picked":["Setup","Sucker Punch"],"picked":"Predator","floor":29},{"not_picked":["Predator","Slice"],"picked":"Poisoned Stab+1","floor":31},{"not_picked":["Unload","After Image"],"picked":"Corpse Explosion","floor":33},{"not_picked":["Acrobatics","Blade Dance"],"picked":"Deadly Poison","floor":35},{"not_picked":["Acrobatics+1","Caltrops"],"picked":"Eviscerate+1","floor":38},{"not_picked":["PiercingWail","Concentrate"],"picked":"Underhanded Strike","floor":39},{"not_picked":["Sucker Punch","Dagger Throw"],"picked":"Envenom","floor":41},{"not_picked":["Sucker Punch+1","Prepared","Flying Knee+1"],"picked":"SKIP","floor":48}],"player_experience":507005,"relics_obtained":[{"floor":9,"key":"Mercury Hourglass"},{"floor":12,"key":"Blood Vial"},{"floor":14,"key":"The Specimen"},{"floor":24,"key":"Bag of Marbles"},{"floor":24,"key":"Regal Pillow"},{"floor":26,"key":"Whetstone"},{"floor":43,"key":"Lantern"}],"event_choices":[{"event_name":"Scrap Ooze","player_choice":"success","floor":4,"damage_taken":3},{"event_name":"Liars Game","player_choice":"agreed","floor":10,"damage_taken":0},{"event_name":"Winding Halls","player_choice":"Embrace Madness","floor":36,"damage_taken":0},{"event_name":"Bonfire Elementals","player_choice":"UNCOMMON","floor":37,"damage_taken":0},{"event_name":"Tomb of Lord Red Mask","player_choice":"Ignored","floor":42,"damage_taken":0}],"is_beta":false,"boss_relics":[{"not_picked":["Sozu","Philosopher\u0027s Stone"],"picked":"Black Star"},{"not_picked":["Cursed Key","Ring of the Serpent"],"picked":"HoveringKite"}],"items_purged_floors":[11],"is_endless":false,"potions_floor_spawned":[2,5,7,18,19,24,29,35,38,44],"killed_by":"Time Eater","ascension_level":3}