{"gold_per_floor":[113,44,59,59,59,74,74,74,98,98,108,108,108,119,119,216,216,233,245,245,170,190,190,190,115,115,115,115,133,153,153,153,153],"floor_reached":33,"playtime":1167,"items_purged":["Writhe"],"score":235,"play_id":"913d01e1-4276-4565-b155-ca9ab674ab54","local_time":"20190204184656","is_ascension_mode":false,"campfire_choices":[{"data":"Sunder","floor":7,"key":"SMITH"},{"data":"Dualcast","floor":10,"key":"SMITH"},{"data":"Defragment","floor":15,"key":"SMITH"},{"data":"Rainbow","floor":23,"key":"SMITH"},{"data":"Hologram","floor":28,"key":"SMITH"},{"data":"White Noise","floor":32,"key":"SMITH"}],"neow_cost":"NONE","seed_source_timestamp":1820837306793129,"circlet_count":0,"master_deck":["Strike_B","Strike_B","Defend_B","Defend_B","Defend_B","Defend_B","Zap","Dualcast+1","Auto Shields","Sunder+1","Capacitor","Ball Lightning","Redo+1","Defragment+1","Rainbow+1","Hologram+1","White Noise+1","Necronomicurse"],"relics":["Cracked Core","Nuclear Battery","Du-Vu Doll","Meat on the Bone","Necronomicon"],"potions_floor_usage":[16,18,22,30],"damage_taken":[{"damage":0,"enemies":"Cultist","floor":1,"turns":4},{"damage":5,"enemies":"Small Slimes","floor":3,"turns":4},{"damage":1,"enemies":"Jaw Worm","floor":6,"turns":4},{"damage":5,"enemies":"Large Slime","floor":11,"turns":3},{"damage":0,"enemies":"Exordium Thugs","floor":14,"turns":3},{"damage":11,"enemies":"Slime Boss","floor":16,"turns":6},{"damage":21,"enemies":"3 Byrds","floor":18,"turns":4},{"damage":8,"enemies":"Shell Parasite","floor":19,"turns":5},{"damage":1,"enemies":"3 Cultists","floor":22,"turns":5},{"damage":22,"enemies":"Snake Plant","floor":29,"turns":4},{"damage":7,"enemies":"Centurion and Healer","floor":30,"turns":5},{"damage":31,"enemies":"Champ","floor":33,"turns":5}],"seed_played":"-6206167727656523596","potions_obtained":[{"floor":3,"key":"GamblersBrew"},{"floor":6,"key":"Strength Potion"},{"floor":14,"key":"SkillPotion"},{"floor":18,"key":"SpeedPotion"},{"floor":19,"key":"LiquidBronze"}],"is_trial":false,"path_per_floor":["M","$","M","$","$","M","R","?","T","R","M","?","?","M","R","B",null,"M","M","?","$","M","R","?","?","T","?","R","M","M","?","R","B"],"character_chosen":"DEFECT","items_purchased":["Sunder"],"campfire_rested":0,"item_purchase_floors":[2],"current_hp_per_floor":[75,75,70,70,70,69,69,69,69,69,64,57,57,57,57,46,75,54,46,46,46,45,45,45,45,45,45,45,35,40,24,24,0],"gold":153,"neow_bonus":"ONE_RANDOM_RARE_CARD","is_prod":false,"is_daily":false,"chose_seed":false,"campfire_upgraded":6,"win_rate":0,"timestamp":1549327616,"path_taken":["M","$","M","?","$","M","R","?","T","R","?","?","?","M","R","BOSS","M","M","?","$","M","R","?","?","T","?","R","M","?","?","R","BOSS"],"build_version":"2019-01-23","purchased_purges":1,"victory":false,"max_hp_per_floor":[75,75,75,75,75,75,75,75,75,75,75,75,75,75,75,75,75,75,75,75,75,75,75,75,75,75,75,75,75,75,75,75,75],"card_choices":[{"not_picked":["Cold Snap","Skim"],"picked":"Auto Shields","floor":1},{"not_picked":["Melter","Coolheaded"],"picked":"Capacitor","floor":3},{"not_picked":["Aggregate","Genetic Algorithm"],"picked":"Ball Lightning","floor":6},{"not_picked":["Compile Driver","Steam"],"picked":"Redo","floor":11},{"not_picked":["Steam","Melter"],"picked":"Defragment","floor":14},{"not_picked":["Buffer","Electrodynamics"],"picked":"Rainbow","floor":16},{"not_picked":["Turbo","Redo"],"picked":"Hologram","floor":18},{"not_picked":["Reprogram","Go for the Eyes"],"picked":"White Noise","floor":19},{"not_picked":["Force Field","Beam Cell","Chill"],"picked":"SKIP","floor":22},{"not_picked":["Stack","Rebound","Steam Power+1"],"picked":"SKIP","floor":29},{"not_picked":["Recycle","Melter+1","Rip and Tear"],"picked":"SKIP","floor":30}],"player_experience":714058,"relics_obtained":[{"floor":26,"key":"Meat on the Bone"},{"floor":31,"key":"Necronomicon"}],"event_choices":[{"cards_removed":["Machine Learning"],"damage_healed":0,"gold_gain":0,"player_choice":"Took Card","damage_taken":0,"max_hp_gain":0,"max_hp_loss":0,"event_name":"NoteForYourself","floor":8,"gold_loss":0,"cards_obtained":["Iron Wave"]},{"cards_removed":["Iron Wave"],"damage_healed":0,"gold_gain":0,"player_choice":"Card Removal","damage_taken":7,"max_hp_gain":0,"max_hp_loss":0,"event_name":"Golden Wing","floor":12,"gold_loss":0},{"cards_removed":["Strike_B"],"damage_healed":0,"gold_gain":0,"player_choice":"Purged","damage_taken":0,"max_hp_gain":0,"max_hp_loss":0,"event_name":"Purifier","floor":13,"gold_loss":0},{"damage_healed":0,"gold_gain":0,"player_choice":"Opened","damage_taken":0,"relics_obtained":["Du-Vu Doll"],"max_hp_gain":0,"max_hp_loss":0,"event_name":"The Mausoleum","floor":20,"gold_loss":0,"cards_obtained":["Writhe"]},{"damage_healed":0,"gold_gain":0,"player_choice":"Ignored","damage_taken":0,"max_hp_gain":0,"max_hp_loss":0,"event_name":"Ghosts","floor":24,"gold_loss":0},{"cards_removed":["Strike_B"],"damage_healed":0,"gold_gain":0,"player_choice":"Gave Gold","damage_taken":0,"max_hp_gain":0,"max_hp_loss":0,"event_name":"Beggar","floor":25,"gold_loss":75},{"damage_healed":0,"gold_gain":0,"player_choice":"Upgraded","damage_taken":0,"max_hp_gain":0,"max_hp_loss":0,"event_name":"Upgrade Shrine","floor":27,"gold_loss":0,"cards_upgraded":["Redo"]},{"damage_healed":0,"gold_gain":0,"player_choice":"Obtained Book","damage_taken":16,"max_hp_gain":0,"max_hp_loss":0,"event_name":"Cursed Tome","floor":31,"gold_loss":0}],"is_beta":false,"boss_relics":[{"not_picked":["Calling Bell","Coffee Dripper"],"picked":"Nuclear Battery"}],"items_purged_floors":[21],"is_endless":false,"potions_floor_spawned":[3,6,14,18,19],"killed_by":"Champ","ascension_level":0}