{"gold_per_floor":[112,123,137,148,148,148,175,100,173,206,56,56,67,81,81,154,154,169,169,186,386,89,89,117,117,417,431,431,457,490,15,15,89,89,101,101,81,101,116,149,24,24,96,96,96,122,122,122,122,122,122,122,122,15,41,41],"floor_reached":57,"playtime":4535,"items_purged":["Strike_R","Strike_R+1","Cleave","Reaper+1"],"score":2912,"play_id":"be174e0b-d61d-4f1c-ad7b-5f45157907c8","local_time":"20190314222939","is_ascension_mode":true,"campfire_choices":[{"data":"Armaments","floor":6.0,"key":"SMITH"},{"data":"Strike_R","floor":12.0,"key":"PURGE"},{"data":"Defend_R","floor":15.0,"key":"PURGE"},{"data":"Defend_R","floor":23.0,"key":"PURGE"},{"floor":25.0,"key":"REST"},{"floor":28.0,"key":"REST"},{"floor":32.0,"key":"REST"},{"floor":42.0,"key":"RECALL"},{"data":"Sword Boomerang+1","floor":45.0,"key":"PURGE"},{"data":"Clumsy","floor":47.0,"key":"PURGE"},{"data":"Iron Wave+1","floor":49.0,"key":"PURGE"},{"data":"Feed+1","floor":53.0,"key":"PURGE"}],"neow_cost":"NONE","seed_source_timestamp":0,"circlet_count":0,"master_deck":["AscendersBane","Defend_R","Defend_R","Bash","Carnage","Battle Trance","Ghostly Armor","Armaments+1","Flame Barrier","Ghostly Armor","Flame Barrier","Barricade","Body Slam+1","Clothesline+1","Entrench","Barricade","Evolve","Burning Pact+1","Entrench","Body Slam+1","Intimidate"],"special_seed":0,"relics":["Burning Blood","Peace Pipe","Molten Egg 2","Whetstone","Fusion Hammer","Art of War","Lantern","Old Coin","Question Card","Red Mask","Bottled Lightning","Cursed Key","Self Forming Clay","Smiling Mask","Gremlin Horn"],"potions_floor_usage":[56,56],"damage_taken":[{"damage":6.0,"enemies":"Cultist","floor":1.0,"turns":3.0},{"damage":8.0,"enemies":"2 Louse","floor":2.0,"turns":3.0},{"damage":7.0,"enemies":"Jaw Worm","floor":3.0,"turns":2.0},{"damage":10.0,"enemies":"Large Slime","floor":4.0,"turns":7.0},{"damage":9.0,"enemies":"3 Sentries","floor":7.0,"turns":7.0},{"damage":25.0,"enemies":"Lagavulin","floor":10.0,"turns":5.0},{"damage":7.0,"enemies":"Lots of Slimes","floor":13.0,"turns":3.0},{"damage":2.0,"enemies":"3 Louse","floor":14.0,"turns":4.0},{"damage":39.0,"enemies":"Slime Boss","floor":16.0,"turns":11.0},{"damage":12.0,"enemies":"2 Thieves","floor":18.0,"turns":4.0},{"damage":0.0,"enemies":"Chosen","floor":19.0,"turns":2.0},{"damage":22.0,"enemies":"Centurion and Healer","floor":20.0,"turns":6.0},{"damage":32.0,"enemies":"Slavers","floor":24.0,"turns":7.0},{"damage":24.0,"enemies":"Cultist and Chosen","floor":27.0,"turns":5.0},{"damage":27.0,"enemies":"Gremlin Leader","floor":29.0,"turns":9.0},{"damage":29.0,"enemies":"Masked Bandits","floor":30.0,"turns":4.0},{"damage":34.0,"enemies":"Collector","floor":33.0,"turns":16.0},{"damage":21.0,"enemies":"3 Darklings","floor":35.0,"turns":6.0},{"damage":0.0,"enemies":"Orb Walker","floor":38.0,"turns":2.0},{"damage":27.0,"enemies":"Spire Growth","floor":39.0,"turns":6.0},{"damage":0.0,"enemies":"Giant Head","floor":40.0,"turns":6.0},{"damage":0.0,"enemies":"Nemesis","floor":46.0,"turns":7.0},{"damage":22.0,"enemies":"Time Eater","floor":50.0,"turns":8.0},{"damage":0.0,"enemies":"Awakened One","floor":51.0,"turns":7.0},{"damage":43.0,"enemies":"Shield and Spear","floor":55.0,"turns":6.0},{"damage":63,"enemies":"The Heart","floor":56,"turns":11}],"seed_played":"200004894293922228","potions_obtained":[{"floor":1.0,"key":"Energy Potion"},{"floor":3.0,"key":"BloodPotion"},{"floor":7.0,"key":"FearPotion"},{"floor":14.0,"key":"SmokeBomb"},{"floor":20.0,"key":"SkillPotion"},{"floor":29.0,"key":"Poison Potion"},{"floor":33.0,"key":"PowerPotion"},{"floor":37.0,"key":"SpeedPotion"}],"is_trial":false,"path_per_floor":["M","M","M","M","?","R","E","?","T","E","$","R","M","M","R","B",null,"M","M","M","?","$","R","E","R","T","M","R","E","?","$","R","B",null,"M","?","?","M","M","E","$","R","T","$","R","E","R","?","R","B","B",null,"R","$","E","B",null],"character_chosen":"IRONCLAD","items_purchased":["Corruption","Barricade","Art of War","Fire Potion","Entrench","Bottled Lightning","Weak Potion"],"campfire_rested":3,"item_purchase_floors":[11,22,22,22,31,31,54],"current_hp_per_floor":[68,66,65,68,68,68,65,65,65,46,46,46,45,49,49,16,60,58,64,52,52,52,52,26,50,50,36,62,41,22,22,49,38,78,80,80,80,90,76,90,90,90,90,90,90,101,101,101,101,90,103,103,103,103,66,9],"gold":41,"neow_bonus":"TRANSFORM_CARD","is_prod":false,"is_daily":false,"chose_seed":false,"campfire_upgraded":1,"win_rate":0,"timestamp":1552620579,"path_taken":["M","M","?","M","?","R","E","?","T","E","$","R","M","M","R","BOSS","M","M","M","?","$","R","E","R","T","?","R","E","?","$","R","BOSS","M","?","?","?","?","E","$","R","T","$","R","E","R","?","R","BOSS","BOSS","R","$","E","BOSS"],"build_version":"2019-01-23","purchased_purges":4,"victory":true,"max_hp_per_floor":[75,75,75,75,75,75,75,75,75,75,75,75,75,75,75,75,75,79,79,83,83,83,83,83,83,83,87,87,87,91,91,91,91,91,95,95,95,99,99,103,103,103,103,103,103,103,103,103,103,103,103,103,103,103,103,103],"card_choices":[{"not_picked":["Flame Barrier","Entrench"],"picked":"Battle Trance","floor":1.0},{"not_picked":["Pommel Strike","Clash"],"picked":"Cleave","floor":2.0},{"not_picked":["Body Slam","Pummel"],"picked":"Ghostly Armor","floor":3.0},{"not_picked":["Clothesline","Second Wind"],"picked":"Armaments","floor":4.0},{"not_picked":["Wild Strike","Pummel"],"picked":"Sword Boomerang","floor":7.0},{"not_picked":["Blood for Blood+1","Disarm"],"picked":"Flame Barrier","floor":10.0},{"not_picked":["True Grit","Armaments"],"picked":"Ghostly Armor","floor":13.0},{"not_picked":["Pommel Strike+1","Havoc"],"picked":"Flame Barrier","floor":14.0},{"not_picked":["Exhume","Berserk"],"picked":"Feed+1","floor":16.0},{"not_picked":["Evolve","Clash+1","Anger+1"],"picked":"SKIP","floor":18.0},{"not_picked":["Clash+1","Shockwave"],"picked":"Iron Wave+1","floor":20.0},{"not_picked":["Blood for Blood+1","True Grit"],"picked":"Body Slam+1","floor":24.0},{"not_picked":["Headbutt+1","Wild Strike+1"],"picked":"Clothesline+1","floor":27.0},{"not_picked":["Heavy Blade+1","Infernal Blade","Anger+1"],"picked":"SKIP","floor":29.0},{"not_picked":["Carnage+1","Headbutt+1","True Grit"],"picked":"Reaper+1","floor":30.0},{"not_picked":["Limit Break","Fiend Fire+1","Reaper+1"],"picked":"Barricade","floor":33.0},{"not_picked":["Infernal Blade","Flex","Pommel Strike+1"],"picked":"Evolve","floor":35.0},{"not_picked":["Armaments","Cleave+1","Iron Wave+1"],"picked":"Burning Pact+1","floor":38.0},{"not_picked":["Warcry","Limit Break","Shrug It Off"],"picked":"Entrench","floor":39.0},{"not_picked":["Infernal Blade+1","Metallicize","Pommel Strike+1","Cleave+1"],"picked":"SKIP","floor":40.0},{"not_picked":["Flex","Bloodletting","Sword Boomerang+1"],"picked":"Body Slam+1","floor":46.0},{"not_picked":["Whirlwind+1","Exhume","Anger+1"],"picked":"Intimidate","floor":55.0}],"player_experience":783741,"relics_obtained":[{"floor":7.0,"key":"Peace Pipe"},{"floor":9.0,"key":"Molten Egg 2"},{"floor":10.0,"key":"Whetstone"},{"floor":24.0,"key":"Lantern"},{"floor":26.0,"key":"Old Coin"},{"floor":29.0,"key":"Question Card"},{"floor":30.0,"key":"Red Mask"},{"floor":40.0,"key":"Self Forming Clay"},{"floor":46.0,"key":"Smiling Mask"},{"floor":55.0,"key":"Gremlin Horn"}],"event_choices":[{"damage_healed":0.0,"max_hp_gain":0.0,"max_hp_loss":0.0,"gold_gain":0.0,"event_name":"Liars Game","player_choice":"Ignored","floor":5.0,"gold_loss":0.0,"damage_taken":0.0},{"cards_removed":["Strike_R"],"damage_healed":0.0,"max_hp_gain":0.0,"max_hp_loss":0.0,"gold_gain":0.0,"event_name":"The Cleric","player_choice":"Card Removal","floor":8.0,"gold_loss":75.0,"damage_taken":0.0},{"damage_healed":0.0,"max_hp_gain":0.0,"max_hp_loss":0.0,"gold_gain":200.0,"event_name":"Wheel of Change","player_choice":"Gold","floor":21.0,"gold_loss":0.0,"damage_taken":0.0},{"damage_healed":0.0,"max_hp_gain":0.0,"max_hp_loss":0.0,"gold_gain":0.0,"event_name":"Masked Bandits","player_choice":"Fought Bandits","floor":30.0,"gold_loss":0.0,"damage_taken":0.0},{"damage_healed":0.0,"max_hp_gain":0.0,"max_hp_loss":0.0,"gold_gain":0.0,"event_name":"Mysterious Sphere","player_choice":"Ignored","floor":36.0,"gold_loss":0.0,"damage_taken":0.0},{"damage_healed":0.0,"max_hp_gain":0.0,"max_hp_loss":0.0,"gold_gain":0.0,"event_name":"The Woman in Blue","player_choice":"Bought 1 Potion","floor":37.0,"gold_loss":0.0,"damage_taken":0.0},{"cards_removed":["Corruption"],"damage_healed":0.0,"max_hp_gain":0.0,"max_hp_loss":0.0,"gold_gain":0.0,"event_name":"Falling","player_choice":"Removed Power","floor":48.0,"gold_loss":0.0,"damage_taken":0.0}],"is_beta":false,"boss_relics":[{"not_picked":["Runic Pyramid","Velvet Choker"],"picked":"Fusion Hammer"},{"not_picked":["Busted Crown","Runic Dome"],"picked":"Cursed Key"}],"items_purged_floors":[11,31,41,54],"is_endless":false,"potions_floor_spawned":[1,3,7,14,19,20,29,33,46],"ascension_level":20}