{"gold_per_floor":[111,111,111,131,144,144,157,182,182,182,193,193,27,38,38,140,190,200,217,237,252,252],"floor_reached":22,"playtime":1327,"items_purged":[],"score":190,"play_id":"736d8bcf-3328-4614-9b61-7cb3044c94b7","local_time":"20181018153835","is_ascension_mode":false,"campfire_choices":[{"data":"Cloak And Dagger","floor":6,"key":"SMITH"},{"floor":12,"key":"REST"},{"data":"Caltrops","floor":15,"key":"SMITH"}],"neow_cost":"NONE","seed_source_timestamp":1977487831363108,"circlet_count":0,"master_deck":["Defend_G+1","Defend_G","Defend_G+1","Defend_G+1","Defend_G","Strike_G","Strike_G","Strike_G","Strike_G","Strike_G","Survivor","Neutralize","Cloak And Dagger+1","Dagger Spray+1","Backflip","Caltrops","Caltrops+1","Catalyst","Mind Blast+1","All Out Attack+1","Deadly Poison","Venomology","Terror","Catalyst","Flying Knee+1","Doppelganger","Crippling Poison"],"relics":["Ring of the Snake","War Paint","Molten Egg 2","Anchor","Bottled Tornado","Art of War","Tiny House"],"potions_floor_usage":[19,19,21],"damage_taken":[{"damage":0,"enemies":"Jaw Worm","floor":1,"turns":4},{"damage":0,"enemies":"Small Slimes","floor":4,"turns":5},{"damage":0,"enemies":"2 Louse","floor":5,"turns":1},{"damage":0,"enemies":"Looter","floor":7,"turns":4},{"damage":11,"enemies":"3 Sentries","floor":8,"turns":6},{"damage":0,"enemies":"3 Louse","floor":11,"turns":3},{"damage":0,"enemies":"Exordium Wildlife","floor":14,"turns":2},{"damage":26,"enemies":"Hexaghost","floor":16,"turns":9},{"damage":6,"enemies":"Chosen","floor":18,"turns":5},{"damage":17,"enemies":"2 Thieves","floor":19,"turns":3},{"damage":19,"enemies":"Cultist and Chosen","floor":20,"turns":6},{"damage":24,"enemies":"Chosen and Byrds","floor":21,"turns":4},{"damage":21,"enemies":"Centurion and Healer","floor":22,"turns":8}],"seed_played":"8647374113258095737","potions_obtained":[{"floor":8,"key":"SkillPotion"},{"floor":11,"key":"Ancient Potion"},{"floor":14,"key":"Energy Potion"},{"floor":19,"key":"Poison Potion"}],"is_trial":false,"path_per_floor":["M","?","?","M","M","R","M","E","T","T","M","R","$","M","R","B",null,"M","M","M","M"],"character_chosen":"THE_SILENT","items_purchased":["Mind Blast+1","All Out Attack+1"],"campfire_rested":1,"item_purchase_floors":[13,13],"current_hp_per_floor":[70,75,57,57,57,57,57,46,46,46,46,68,68,68,68,42,80,74,57,38,14,0],"gold":252,"neow_bonus":"RANDOM_COMMON_RELIC","is_prod":false,"is_daily":false,"chose_seed":false,"campfire_upgraded":2,"win_rate":0,"timestamp":1539873515,"path_taken":["M","?","?","?","M","R","M","E","T","?","M","R","?","?","R","BOSS","M","M","M","M","M"],"build_version":"2018-10-11","purchased_purges":0,"victory":false,"max_hp_per_floor":[70,75,75,75,75,75,75,75,75,75,75,75,75,75,75,75,80,80,80,80,80,80],"card_choices":[{"not_picked":["Slice","Terror"],"picked":"Cloak And Dagger","floor":1},{"not_picked":["Blur","PiercingWail"],"picked":"Dagger Spray+1","floor":4},{"not_picked":["Bane+1","Dagger Throw+1"],"picked":"Backflip","floor":5},{"not_picked":["Cloak And Dagger","Underhanded Strike+1"],"picked":"Caltrops","floor":7},{"not_picked":["Venomology","Dodge and Roll"],"picked":"Caltrops","floor":8},{"not_picked":["Blur","Underhanded Strike+1"],"picked":"Catalyst","floor":11},{"not_picked":["Underhanded Strike+1","Reflex"],"picked":"Deadly Poison","floor":14},{"not_picked":["Grand Finale+1","Malaise"],"picked":"Venomology","floor":16},{"not_picked":["Cloak And Dagger","Backflip"],"picked":"Terror","floor":17},{"not_picked":["PiercingWail","Choke+1"],"picked":"Catalyst","floor":18},{"not_picked":["Skewer+1","Blade Dance"],"picked":"Flying Knee+1","floor":19},{"not_picked":["Sucker Punch+1","Escape Plan"],"picked":"Doppelganger","floor":20},{"not_picked":["Underhanded Strike+1","Prepared"],"picked":"Crippling Poison","floor":21}],"player_experience":581492,"relics_obtained":[{"floor":8,"key":"Anchor"},{"floor":9,"key":"Bottled Tornado"},{"floor":10,"key":"Art of War"}],"event_choices":[{"event_name":"Big Fish","player_choice":"Donut","floor":2,"damage_taken":0},{"event_name":"Scrap Ooze","player_choice":"success","floor":3,"damage_taken":18}],"is_beta":false,"boss_relics":[{"not_picked":["Ring of the Serpent","Velvet Choker"],"picked":"Tiny House"}],"items_purged_floors":[],"is_endless":false,"potions_floor_spawned":[8,11,14,19],"killed_by":"Centurion and Healer","ascension_level":0}