{"gold_per_floor":[116,133,133,145,220,251,251,251,251,261,261,261,279,155,155,155],"floor_reached":16,"playtime":1146,"items_purged":["Strike_R"],"score":100,"play_id":"09e16c29-175b-4f23-b314-32717379c66b","local_time":"20190217224739","is_ascension_mode":false,"campfire_choices":[{"data":"Whirlwind","floor":7,"key":"SMITH"},{"data":"Corruption","floor":11,"key":"SMITH"},{"floor":15,"key":"RECALL"}],"neow_cost":"NONE","seed_source_timestamp":35350595540036,"circlet_count":0,"master_deck":["Strike_R","Strike_R","Strike_R","Strike_R","Defend_R","Defend_R","Defend_R","Defend_R","Bash+1","Thunderclap","Corruption+1","Thunderclap","Iron Wave","Whirlwind","Warcry"],"relics":["Burning Blood","Mummified Hand","StoneCalendar","Gremlin Horn","Dead Branch"],"potions_floor_usage":[6,16],"damage_taken":[{"damage":1,"enemies":"Jaw Worm","floor":1,"turns":3},{"damage":0,"enemies":"Small Slimes","floor":2,"turns":3},{"damage":1,"enemies":"Cultist","floor":4,"turns":4},{"damage":31,"enemies":"3 Sentries","floor":6,"turns":6},{"damage":6,"enemies":"3 Louse","floor":10,"turns":2},{"damage":0,"enemies":"Gremlin Gang","floor":13,"turns":3},{"damage":51,"enemies":"The Guardian","floor":16,"turns":8}],"seed_played":"3918278914200966542","potions_obtained":[{"floor":1,"key":"SteroidPotion"},{"floor":13,"key":"LiquidBronze"}],"is_trial":false,"path_per_floor":["M","M","?","M","?","E","R","T","T","M","R","?","M","$","R","B"],"character_chosen":"IRONCLAD","items_purchased":["Warcry"],"campfire_rested":0,"item_purchase_floors":[14],"current_hp_per_floor":[80,80,77,80,69,44,44,44,44,44,44,44,50,50,50,0],"gold":155,"neow_bonus":"UPGRADE_CARD","is_prod":false,"is_daily":false,"chose_seed":false,"campfire_upgraded":2,"win_rate":0,"timestamp":1550440059,"path_taken":["M","M","?","M","?","E","R","?","T","?","R","?","?","$","R","BOSS"],"build_version":"2019-01-23","purchased_purges":1,"victory":false,"max_hp_per_floor":[80,80,80,80,80,80,80,80,80,80,80,80,80,80,80,80],"card_choices":[{"not_picked":["Spot Weakness","Anger"],"picked":"Whirlwind","floor":1},{"not_picked":["Clash","Clothesline"],"picked":"Thunderclap","floor":2},{"not_picked":["Sword Boomerang","Iron Wave"],"picked":"Corruption","floor":4},{"not_picked":["Cleave","Entrench"],"picked":"Thunderclap","floor":6},{"not_picked":["Power Through","Evolve","Anger"],"picked":"SKIP","floor":10},{"not_picked":["Evolve","Clash"],"picked":"Whirlwind","floor":13}],"player_experience":634568,"relics_obtained":[{"floor":6,"key":"StoneCalendar"},{"floor":8,"key":"Gremlin Horn"},{"floor":9,"key":"Dead Branch"}],"event_choices":[{"damage_healed":0,"gold_gain":0,"player_choice":"Success","damage_taken":3,"relics_obtained":["Mummified Hand"],"max_hp_gain":0,"max_hp_loss":0,"event_name":"Scrap Ooze","floor":3,"gold_loss":0},{"damage_healed":0,"gold_gain":75,"player_choice":"Gather Gold","damage_taken":11,"max_hp_gain":0,"max_hp_loss":0,"event_name":"World of Goop","floor":5,"gold_loss":0},{"cards_removed":["Whirlwind"],"damage_healed":0,"gold_gain":0,"player_choice":"Took Card","damage_taken":0,"max_hp_gain":0,"max_hp_loss":0,"event_name":"NoteForYourself","floor":12,"gold_loss":0,"cards_obtained":["Iron Wave"]}],"is_beta":false,"boss_relics":[],"items_purged_floors":[14],"is_endless":false,"potions_floor_spawned":[1,13],"killed_by":"The Guardian","ascension_level":0}