{"gold_per_floor":[109,119,129,204,220,220,253,39,66,66,84,84,84,103,103,206,206,226,213,123,134,152,152,186,205,205,44,57,77,77,92,92,189,189,207,307,317,331,331,331,362,362,362,362,362,362,373,393,393,393],"floor_reached":50,"playtime":7470,"items_purged":["Strike_G"],"score":573,"play_id":"95d2dbc4-479a-4fb3-bd06-7ce155fd4d76","local_time":"20190325131949","is_ascension_mode":true,"campfire_choices":[{"data":"Neutralize","floor":6,"key":"SMITH"},{"floor":10,"key":"REST"},{"data":"Footwork","floor":12,"key":"SMITH"},{"data":"Bane","floor":15,"key":"SMITH"},{"floor":23,"key":"REST"},{"floor":30,"key":"REST"},{"floor":32,"key":"REST"},{"data":"Adrenaline","floor":40,"key":"SMITH"},{"floor":42,"key":"REST"},{"floor":46,"key":"REST"},{"floor":49,"key":"REST"}],"neow_cost":"NONE","seed_source_timestamp":206780010455447,"circlet_count":0,"master_deck":["Defend_G","Defend_G","Defend_G","Defend_G","Defend_G","Strike_G","Strike_G","Strike_G","Strike_G","Survivor","Neutralize+1","Deadly Poison","Skewer","Well Laid Plans","Sucker Punch","Footwork+1","Backflip+1","Deflect","Dodge and Roll","Adrenaline+1","Dagger Throw+1","Catalyst","Dagger Spray","Infinite Blades","Dodge and Roll+1","Concentrate","Noxious Fumes","Blade Dance","Backflip+1","Outmaneuver+1","After Image","Crippling Poison+1","Infinite Blades","Bullet Time","Master of Strategy","After Image","Blade Dance+1","Blade Dance+1"],"relics":["Ring of the Snake","Boot","Bag of Marbles","Runic Pyramid","Art of War","Shuriken","WristBlade","Unceasing Top","Oddly Smooth Stone","Regal Pillow"],"potions_floor_usage":[7,11,16,19,21,28,29,33,47,48,50,50],"damage_taken":[{"damage":1,"enemies":"2 Louse","floor":1,"turns":3},{"damage":1,"enemies":"Cultist","floor":2,"turns":3},{"damage":0,"enemies":"Jaw Worm","floor":3,"turns":5},{"damage":23,"enemies":"Exordium Thugs","floor":5,"turns":8},{"damage":32,"enemies":"Gremlin Nob","floor":7,"turns":5},{"damage":0,"enemies":"Gremlin Gang","floor":11,"turns":6},{"damage":0,"enemies":"Blue Slaver","floor":14,"turns":3},{"damage":17,"enemies":"Hexaghost","floor":16,"turns":17},{"damage":0,"enemies":"Shell Parasite","floor":18,"turns":8},{"damage":15,"enemies":"2 Thieves","floor":19,"turns":4},{"damage":39,"enemies":"Snecko","floor":21,"turns":9},{"damage":2,"enemies":"Snake Plant","floor":22,"turns":5},{"damage":16,"enemies":"Book of Stabbing","floor":24,"turns":8},{"damage":4,"enemies":"3 Cultists","floor":25,"turns":6},{"damage":7,"enemies":"Chosen and Byrds","floor":28,"turns":6},{"damage":8,"enemies":"Shelled Parasite and Fungi","floor":29,"turns":8},{"damage":6,"enemies":"Snake Plant","floor":31,"turns":5},{"damage":33,"enemies":"Collector","floor":33,"turns":10},{"damage":9,"enemies":"Orb Walker","floor":35,"turns":5},{"damage":0,"enemies":"Mind Bloom Boss Battle","floor":36,"turns":7},{"damage":2,"enemies":"3 Shapes","floor":37,"turns":5},{"damage":17,"enemies":"Maw","floor":38,"turns":9},{"damage":23,"enemies":"Nemesis","floor":41,"turns":7},{"damage":8,"enemies":"Jaw Worm Horde","floor":47,"turns":5},{"damage":0,"enemies":"Spire Growth","floor":48,"turns":5},{"damage":73,"enemies":"Donu and Deca","floor":50,"turns":9}],"seed_played":"-6854770842186748394","potions_obtained":[{"floor":1,"key":"SpeedPotion"},{"floor":2,"key":"Block Potion"},{"floor":14,"key":"EssenceOfSteel"},{"floor":16,"key":"Swift Potion"},{"floor":19,"key":"PowerPotion"},{"floor":22,"key":"FairyPotion"},{"floor":24,"key":"GamblersBrew"},{"floor":28,"key":"Dexterity Potion"},{"floor":29,"key":"FearPotion"},{"floor":33,"key":"Ancient Potion"},{"floor":41,"key":"GhostInAJar"},{"floor":47,"key":"FearPotion"},{"floor":48,"key":"Energy Potion"}],"is_trial":false,"path_per_floor":["M","M","M","?","M","R","E","$","T","R","M","R","?","M","R","B",null,"M","M","?","M","M","R","E","M","T","$","M","M","R","M","R","B",null,"M","?","M","M","?","R","E","R","T","?","?","R","M","M","R","B"],"character_chosen":"THE_SILENT","items_purchased":["Footwork","Backflip","Bane","Concentrate","Noxious Fumes","Blade Dance"],"campfire_rested":7,"item_purchase_floors":[8,8,8,27,27,27],"current_hp_per_floor":[69,68,68,61,38,38,6,6,6,27,27,27,44,44,44,27,70,70,55,55,16,14,34,18,14,14,14,7,6,26,20,40,7,67,58,58,56,39,39,39,16,36,36,36,36,67,59,59,67,0],"gold":393,"neow_bonus":"THREE_CARDS","is_prod":false,"is_daily":false,"chose_seed":false,"campfire_upgraded":4,"win_rate":0,"timestamp":1553519989,"path_taken":["M","M","M","?","M","R","E","$","T","R","?","R","?","M","R","BOSS","M","M","?","M","M","R","E","?","T","$","M","M","R","M","R","BOSS","M","?","M","M","?","R","E","R","T","?","?","R","?","M","R","BOSS"],"build_version":"2019-01-23","purchased_purges":1,"victory":false,"max_hp_per_floor":[70,70,70,70,70,70,70,70,70,70,70,70,70,70,70,70,70,70,70,67,67,67,67,67,67,67,67,67,67,67,67,67,67,67,67,67,67,67,67,67,67,67,67,67,67,67,67,67,67,67],"card_choices":[{"not_picked":["Bane","Riddle With Holes"],"picked":"Deadly Poison","floor":0},{"not_picked":["Flying Knee","Terror"],"picked":"Skewer","floor":1},{"not_picked":["Riddle With Holes","Blade Dance","Poisoned Stab"],"picked":"SKIP","floor":2},{"not_picked":["Blade Dance","Slice","Quick Slash"],"picked":"SKIP","floor":3},{"not_picked":["Distraction","Riddle With Holes"],"picked":"Well Laid Plans","floor":5},{"not_picked":["Prepared","Deadly Poison"],"picked":"Sucker Punch","floor":7},{"not_picked":["Outmaneuver","Skewer"],"picked":"Deflect","floor":11},{"not_picked":["Dagger Spray","Choke"],"picked":"Dodge and Roll","floor":14},{"not_picked":["Glass Knife","After Image"],"picked":"Adrenaline","floor":16},{"not_picked":["Slice","Prepared+1"],"picked":"Dagger Throw+1","floor":18},{"not_picked":["Sucker Punch","Acrobatics","Well Laid Plans"],"picked":"SKIP","floor":19},{"not_picked":["Deflect+1","Bouncing Flask"],"picked":"Catalyst","floor":21},{"not_picked":["Poisoned Stab","Tactician"],"picked":"Dagger Spray","floor":22},{"not_picked":["Accuracy+1","Quick Slash"],"picked":"Infinite Blades","floor":24},{"not_picked":["Storm of Steel","Underhanded Strike"],"picked":"Dodge and Roll+1","floor":25},{"not_picked":["Expertise+1","Poisoned Stab"],"picked":"Backflip+1","floor":28},{"not_picked":["All Out Attack+1","Deadly Poison+1"],"picked":"Outmaneuver+1","floor":29},{"not_picked":["Deadly Poison","Finisher","Dagger Throw"],"picked":"SKIP","floor":31},{"not_picked":["Unload","Envenom"],"picked":"After Image","floor":33},{"not_picked":["Bane","Well Laid Plans","Acrobatics+1"],"picked":"SKIP","floor":35},{"not_picked":["Dagger Spray+1","Quick Slash"],"picked":"Crippling Poison+1","floor":36},{"not_picked":["Dodge and Roll+1","Expertise+1"],"picked":"Infinite Blades","floor":37},{"not_picked":["Outmaneuver+1","Underhanded Strike+1"],"picked":"Bullet Time","floor":38},{"not_picked":["Dagger Throw+1","Dagger Spray","Deadly Poison"],"picked":"SKIP","floor":41},{"not_picked":["Forethought","Dramatic Entrance"],"picked":"Master of Strategy","floor":44},{"not_picked":["Masterful Stab+1","Dagger Throw+1"],"picked":"Blade Dance+1","floor":47},{"not_picked":["Flying Knee","Reflex"],"picked":"Blade Dance+1","floor":48}],"player_experience":170360,"relics_obtained":[{"floor":7,"key":"Boot"},{"floor":9,"key":"Bag of Marbles"},{"floor":24,"key":"Art of War"},{"floor":26,"key":"Shuriken"},{"floor":36,"key":"Unceasing Top"},{"floor":41,"key":"Oddly Smooth Stone"},{"floor":43,"key":"Regal Pillow"}],"event_choices":[{"damage_healed":0,"gold_gain":75,"player_choice":"Touch","damage_taken":7,"max_hp_gain":0,"max_hp_loss":0,"event_name":"FaceTrader","floor":4,"gold_loss":0},{"damage_healed":17,"gold_gain":0,"player_choice":"Healed and dodged fight","damage_taken":0,"max_hp_gain":0,"max_hp_loss":0,"event_name":"Mushrooms","floor":13,"gold_loss":0,"cards_obtained":["Parasite"]},{"cards_removed":["Parasite"],"damage_healed":0,"gold_gain":0,"player_choice":"Upgrade and Remove","damage_taken":0,"max_hp_gain":0,"max_hp_loss":0,"event_name":"Designer","floor":20,"gold_loss":90,"cards_upgraded":["Backflip"]},{"damage_healed":0,"gold_gain":0,"player_choice":"Fight","damage_taken":0,"max_hp_gain":0,"max_hp_loss":0,"event_name":"MindBloom","floor":36,"gold_loss":0},{"cards_removed":["Bane"],"damage_healed":0,"gold_gain":0,"player_choice":"Removed Attack","damage_taken":0,"max_hp_gain":0,"max_hp_loss":0,"event_name":"Falling","floor":39,"gold_loss":0},{"damage_healed":0,"gold_gain":0,"player_choice":"Memory 1","damage_taken":0,"max_hp_gain":0,"max_hp_loss":0,"event_name":"SensoryStone","floor":44,"gold_loss":0},{"damage_healed":0,"gold_gain":0,"player_choice":"Copied","damage_taken":0,"max_hp_gain":0,"max_hp_loss":0,"event_name":"Duplicator","floor":45,"gold_loss":0,"cards_obtained":["After Image"]}],"is_beta":false,"boss_relics":[{"not_picked":["Calling Bell","Busted Crown"],"picked":"Runic Pyramid"},{"not_picked":["Snecko Eye","Lizard Tail"],"picked":"WristBlade"}],"items_purged_floors":[8],"is_endless":false,"potions_floor_spawned":[1,2,14,16,19,22,24,28,29,33,41,47,48],"killed_by":"Donu and Deca","ascension_level":2}