{"gold_per_floor":[113,126,141,141,0,0,33,52,130,130,161,161,178,211,211,309,309,327,327,0,15,15,15,29,29,52,62,78,7,21,37,37,135,135,149,149,79,97,97,97,113,113,183,200,210,241,257,267,267,267],"floor_reached":51,"playtime":5646,"items_purged":[],"score":893,"play_id":"515ed66a-a621-46c7-b5f9-9b00c3f2dce2","local_time":"20180908005244","is_ascension_mode":true,"campfire_choices":[{"data":"After Image","floor":6,"key":"SMITH"},{"floor":10,"key":"REST"},{"data":"Infinite Blades","floor":12,"key":"SMITH"},{"data":"After Image","floor":15,"key":"SMITH"},{"floor":23,"key":"REST"},{"data":"Accuracy","floor":25,"key":"SMITH"},{"floor":32,"key":"REST"},{"data":"Discovery","floor":40,"key":"SMITH"},{"data":"Blade Dance","floor":42,"key":"SMITH"},{"floor":49,"key":"REST"}],"neow_cost":"NONE","seed_source_timestamp":657111722086142,"circlet_count":0,"master_deck":["Defend_G","Defend_G+1","Defend_G","Defend_G","Defend_G","Strike_G","Strike_G","Strike_G","Strike_G","Strike_G","Survivor","Neutralize","After Image+1","Infinite Blades+1","Blade Dance+1","Dodge and Roll+1","Discovery+1","Bouncing Flask","Accuracy","After Image+1","Predator","Cloak And Dagger","Doppelganger","Venomology","Backstab+1","Accuracy+1","Cloak And Dagger","Distraction+1","Terror+1","Dagger Throw+1","Skewer+1","Well Laid Plans","Outmaneuver","Finisher","Storm of Steel","Escape Plan+1","Noxious Fumes","Dodge and Roll+1","Secret Technique","Good Instincts","Secret Technique","Terror+1","Footwork+1","Blur+1","Sucker Punch+1","Dodge and Roll+1"],"relics":["Ring of the Snake","Nunchaku","War Paint","Mummified Hand","PreservedInsect","Anchor","White Beast Statue","Question Card","Bag of Marbles","Lizard Tail","Meat on the Bone","Ornamental Fan"],"potions_floor_usage":[11,11,18,24,27,28,33,36,38,44,44,45,50,50,50],"damage_taken":[{"damage":0,"enemies":"Small Slimes","floor":1,"turns":6},{"damage":2,"enemies":"Cultist","floor":2,"turns":6},{"damage":2,"enemies":"Jaw Worm","floor":3,"turns":4},{"damage":6,"enemies":"Lagavulin","floor":7,"turns":6},{"damage":6,"enemies":"Exordium Wildlife","floor":8,"turns":5},{"damage":0,"enemies":"Gremlin Nob","floor":11,"turns":5},{"damage":0,"enemies":"Looter","floor":13,"turns":3},{"damage":0,"enemies":"3 Sentries","floor":14,"turns":3},{"damage":0,"enemies":"Slime Boss","floor":16,"turns":11},{"damage":0,"enemies":"3 Byrds","floor":18,"turns":5},{"damage":0,"enemies":"Spheric Guardian","floor":21,"turns":3},{"damage":6,"enemies":"Colosseum Slavers","floor":22,"turns":3},{"damage":8,"enemies":"Snecko","floor":24,"turns":6},{"damage":0,"enemies":"Centurion and Healer","floor":27,"turns":6},{"damage":4,"enemies":"Sentry and Sphere","floor":28,"turns":5},{"damage":0,"enemies":"3 Cultists","floor":30,"turns":4},{"damage":4,"enemies":"Snake Plant","floor":31,"turns":3},{"damage":27,"enemies":"Collector","floor":33,"turns":7},{"damage":0,"enemies":"3 Shapes","floor":35,"turns":5},{"damage":1,"enemies":"3 Darklings","floor":36,"turns":2},{"damage":0,"enemies":"4 Shapes","floor":38,"turns":6},{"damage":0,"enemies":"Transient","floor":41,"turns":5},{"damage":17,"enemies":"Maw","floor":44,"turns":7},{"damage":0,"enemies":"Sphere and 2 Shapes","floor":45,"turns":4},{"damage":14,"enemies":"Nemesis","floor":46,"turns":5},{"damage":0,"enemies":"Reptomancer","floor":47,"turns":7},{"damage":0,"enemies":"Maw","floor":48,"turns":7},{"damage":29,"enemies":"Donu and Deca","floor":50,"turns":11}],"seed_played":"5940120062190753561","potions_obtained":[{"floor":1,"key":"Strength Potion"},{"floor":2,"key":"Block Potion"},{"floor":8,"key":"EssenceOfSteel"},{"floor":18,"key":"SpeedPotion"},{"floor":21,"key":"Poison Potion"},{"floor":24,"key":"EssenceOfSteel"},{"floor":27,"key":"AttackPotion"},{"floor":33,"key":"SmokeBomb"},{"floor":38,"key":"Poison Potion"},{"floor":41,"key":"Fruit Juice"},{"floor":44,"key":"Fire Potion"},{"floor":46,"key":"SteroidPotion"},{"floor":48,"key":"PowerPotion"}],"is_trial":false,"path_per_floor":["M","M","M","?","$","R","E","M","T","R","E","R","M","E","R","B",null,"M","?","$","M","?","R","M","R","T","M","M","$","M","M","R","B",null,"M","M","$","M","?","R","M","R","T","M","M","E","M","M","R","B"],"character_chosen":"THE_SILENT","items_purchased":["Discovery","Bouncing Flask","Accuracy","Question Card","Cloak And Dagger","Well Laid Plans","Noxious Fumes"],"campfire_rested":4,"item_purchase_floors":[5,5,20,20,20,29,37],"current_hp_per_floor":[70,68,66,66,66,66,60,54,54,70,70,70,70,70,70,70,70,70,57,57,57,51,73,65,65,65,65,61,61,61,57,75,48,75,75,74,74,74,64,64,64,64,64,52,52,50,50,50,74,45],"gold":267,"neow_bonus":"ONE_RANDOM_RARE_CARD","is_prod":false,"is_daily":false,"chose_seed":false,"campfire_upgraded":6,"win_rate":0,"timestamp":1536364364,"path_taken":["M","M","M","?","$","R","E","M","T","R","E","R","M","E","R","BOSS","M","?","$","M","?","R","?","R","T","M","M","$","?","M","R","BOSS","M","M","$","?","?","R","M","R","T","M","M","E","M","M","R","BOSS"],"build_version":"2018-09-06","purchased_purges":0,"victory":true,"max_hp_per_floor":[70,70,70,70,70,70,70,70,70,70,70,70,70,70,70,70,70,70,75,75,75,75,75,75,75,75,75,75,75,75,75,75,75,75,75,75,75,75,75,75,75,75,75,80,80,80,80,80,80,80],"card_choices":[{"not_picked":["Finisher","Blade Dance"],"picked":"Infinite Blades","floor":1},{"not_picked":["Dagger Throw","Masterful Stab"],"picked":"Blade Dance","floor":2},{"not_picked":["Flechettes","Slice"],"picked":"Dodge and Roll","floor":3},{"not_picked":["Riddle With Holes","Sucker Punch"],"picked":"Accuracy","floor":7},{"not_picked":["Quick Slash","Blade Dance"],"picked":"After Image","floor":8},{"not_picked":["Poisoned Stab","Bane"],"picked":"Predator","floor":11},{"not_picked":["Dagger Spray","Expertise"],"picked":"Cloak And Dagger","floor":13},{"not_picked":["Eviscerate","Bane"],"picked":"Doppelganger","floor":14},{"not_picked":["Storm of Steel","Bullet Time"],"picked":"Venomology","floor":16},{"not_picked":["Dagger Spray","Expertise"],"picked":"Backstab+1","floor":18},{"not_picked":["Reflex+1","Dagger Spray","Dagger Throw+1"],"picked":"Distraction+1","floor":21},{"not_picked":["Dagger Throw","Cloak And Dagger+1","Tactician"],"picked":"Terror+1","floor":24},{"not_picked":["Quick Slash","Crippling Poison","Flying Knee+1"],"picked":"Dagger Throw+1","floor":27},{"not_picked":["Blade Dance","Deadly Poison","Underhanded Strike"],"picked":"Skewer+1","floor":28},{"not_picked":["Wraith Form v2","Dodge and Roll","Catalyst"],"picked":"Outmaneuver","floor":30},{"not_picked":["PiercingWail","Dodge and Roll","Quick Slash"],"picked":"Finisher","floor":31},{"not_picked":["Phantasmal Killer","Bullet Time","Burst"],"picked":"Storm of Steel","floor":33},{"not_picked":["Deflect","Sucker Punch","Dagger Throw"],"picked":"Escape Plan+1","floor":35},{"not_picked":["Prepared","Storm of Steel","Tactician"],"picked":"Dodge and Roll+1","floor":38},{"not_picked":["Secret Weapon","Blind","PanicButton"],"picked":"Secret Technique","floor":39},{"not_picked":["Mind Blast","Enlightenment","Impatience"],"picked":"Good Instincts","floor":39},{"not_picked":["Madness","PanicButton","Trip"],"picked":"Secret Technique","floor":39},{"not_picked":["Acrobatics","Bane+1","Setup","Tactician"],"picked":"SKIP","floor":41},{"not_picked":["Dagger Throw+1","Quick Slash","Prepared+1"],"picked":"Terror+1","floor":44},{"not_picked":["Acrobatics+1","Bane+1","Reflex"],"picked":"Footwork+1","floor":45},{"not_picked":["Riddle With Holes+1","All Out Attack","Burst"],"picked":"Blur+1","floor":46},{"not_picked":["Quick Slash+1","Flechettes+1","Deadly Poison"],"picked":"Sucker Punch+1","floor":47},{"not_picked":["Sucker Punch+1","Reflex+1","Tactician+1"],"picked":"Dodge and Roll+1","floor":48}],"player_experience":514596,"relics_obtained":[{"floor":7,"key":"War Paint"},{"floor":9,"key":"Mummified Hand"},{"floor":11,"key":"PreservedInsect"},{"floor":14,"key":"Anchor"},{"floor":26,"key":"Bag of Marbles"},{"floor":43,"key":"Meat on the Bone"},{"floor":46,"key":"Ornamental Fan"}],"event_choices":[{"event_name":"WeMeetAgain","player_choice":"Potion","floor":4,"damage_taken":0},{"event_name":"Forgotten Altar","player_choice":"Shed Blood","floor":19,"damage_taken":0},{"event_name":"Colosseum","player_choice":"Fight","floor":22,"damage_taken":0},{"event_name":"Colosseum","player_choice":"Fled From Nobs","floor":22,"damage_taken":0},{"event_name":"SensoryStone","player_choice":"Memory 3","floor":39,"damage_taken":0}],"is_beta":false,"boss_relics":[{"not_picked":["Runic Dome","Tiny House"],"picked":"White Beast Statue"},{"not_picked":["Astrolabe","Snecko Eye"],"picked":"Lizard Tail"}],"items_purged_floors":[],"is_endless":false,"potions_floor_spawned":[1,2,8,18,21,22,24,27,28,30,31,33,35,36,38,41,44,45,46,47,48],"ascension_level":3}