{"gold_per_floor":[17,17,37,49,62,62,11,23,46,73,73,86,86,118,130,215,227,249,273,285,297,7,7],"floor_reached":23,"playtime":1114,"items_purged":["Writhe"],"score":402,"play_id":"207a076a-0e03-4738-8bb3-7422cda23d9d","local_time":"20190203112755","is_ascension_mode":true,"campfire_choices":[{"data":"Bane","floor":6.0,"key":"SMITH"},{"data":"A Thousand Cuts","floor":11.0,"key":"SMITH"},{"floor":13.0,"key":"REST"},{"floor":15.0,"key":"REST"}],"neow_cost":"NO_GOLD","seed_source_timestamp":1708089790156102,"circlet_count":0,"master_deck":["AscendersBane","Defend_G","Defend_G","Defend_G","Defend_G","Strike_G","Strike_G","Survivor","Neutralize","Dagger Throw","Bane+1","Blade Dance","Poisoned Stab","Dash","Deadly Poison","A Thousand Cuts+1","All Out Attack","After Image","Heel Hook+1","Noxious Fumes+1","Underhanded Strike+1","Choke+1","Blur+1","Well Laid Plans"],"special_seed":0,"relics":["Ring of the Snake","Vajra","Happy Flower","MawBank","Astrolabe","Toxic Egg 2"],"potions_floor_usage":[23],"damage_taken":[{"damage":25.0,"enemies":"Jaw Worm","floor":1.0,"turns":11.0},{"damage":0.0,"enemies":"Cultist","floor":3.0,"turns":4.0},{"damage":1.0,"enemies":"Small Slimes","floor":4.0,"turns":3.0},{"damage":8.0,"enemies":"3 Louse","floor":5.0,"turns":5.0},{"damage":0.0,"enemies":"2 Fungi Beasts","floor":8.0,"turns":2.0},{"damage":8.0,"enemies":"Gremlin Nob","floor":10.0,"turns":3.0},{"damage":2.0,"enemies":"Large Slime","floor":12.0,"turns":5.0},{"damage":15.0,"enemies":"Lagavulin","floor":14.0,"turns":5.0},{"damage":22.0,"enemies":"Slime Boss","floor":16.0,"turns":7.0},{"damage":10.0,"enemies":"3 Byrds","floor":18.0,"turns":5.0},{"damage":20.0,"enemies":"Shell Parasite","floor":19.0,"turns":5.0},{"damage":41,"enemies":"Slavers","floor":23,"turns":2}],"seed_played":"-3259263496720828489","potions_obtained":[{"floor":5.0,"key":"Weak Potion"},{"floor":8.0,"key":"SteroidPotion"},{"floor":16.0,"key":"Fire Potion"},{"floor":18.0,"key":"Poison Potion"}],"is_trial":false,"path_per_floor":["M","?","M","M","M","R","$","M","T","E","R","M","R","E","R","B",null,"M","M","?","?","$","E"],"character_chosen":"THE_SILENT","items_purchased":["Deadly Poison","Blur+1","Well Laid Plans","Strength Potion"],"campfire_rested":2,"item_purchase_floors":[7,22,22,22],"current_hp_per_floor":[46,46,46,45,37,37,37,37,37,29,29,27,50,35,58,36,68,58,38,38,38,38,0],"gold":7,"neow_bonus":"TWENTY_PERCENT_HP_BONUS","is_prod":false,"is_daily":false,"chose_seed":false,"campfire_upgraded":2,"win_rate":0,"timestamp":1549214875,"path_taken":["M","?","?","M","M","R","?","M","T","E","R","?","R","E","R","BOSS","M","M","?","?","$","E"],"build_version":"2019-01-23","purchased_purges":1,"victory":false,"max_hp_per_floor":[78,78,78,78,78,78,78,78,78,78,78,78,78,78,78,78,78,78,78,78,78,78,78],"card_choices":[{"not_picked":["Bane","Skewer"],"picked":"Dagger Throw","floor":1.0},{"not_picked":["Sucker Punch","Slice"],"picked":"Blade Dance","floor":3.0},{"not_picked":["Sucker Punch","Dodge and Roll"],"picked":"Poisoned Stab","floor":4.0},{"not_picked":["Bane","Predator"],"picked":"Dash","floor":5.0},{"not_picked":["Deadly Poison","Masterful Stab","Expertise"],"picked":"SKIP","floor":8.0},{"not_picked":["Backflip","Endless Agony"],"picked":"A Thousand Cuts","floor":10.0},{"not_picked":["Eviscerate","Concentrate"],"picked":"All Out Attack","floor":12.0},{"not_picked":["Heel Hook","Underhanded Strike","Sucker Punch"],"picked":"SKIP","floor":14.0},{"not_picked":["Unload","Adrenaline"],"picked":"After Image","floor":16.0},{"not_picked":["Masterful Stab","Outmaneuver","Dodge and Roll"],"picked":"SKIP","floor":18.0},{"not_picked":["All Out Attack","Poisoned Stab+1"],"picked":"Choke+1","floor":19.0}],"player_experience":692127,"relics_obtained":[{"floor":9.0,"key":"Vajra"},{"floor":10.0,"key":"Happy Flower"},{"floor":14.0,"key":"MawBank"}],"event_choices":[{"damage_healed":0.0,"max_hp_gain":0.0,"max_hp_loss":0.0,"gold_gain":0.0,"cards_transformed":["Strike_G"],"event_name":"Transmorgrifier","player_choice":"Transformed","floor":2.0,"gold_loss":0.0,"damage_taken":0.0,"cards_obtained":["Bane"]},{"damage_healed":0.0,"max_hp_gain":0.0,"max_hp_loss":0.0,"gold_gain":0.0,"event_name":"The Mausoleum","player_choice":"Opened","floor":20.0,"gold_loss":0.0,"damage_taken":0.0,"relics_obtained":["Toxic Egg 2"],"cards_obtained":["Writhe"]},{"damage_healed":0.0,"max_hp_gain":0.0,"max_hp_loss":0.0,"gold_gain":0.0,"event_name":"Cursed Tome","player_choice":"Ignored","floor":21.0,"gold_loss":0.0,"damage_taken":0.0}],"is_beta":false,"boss_relics":[{"not_picked":["Coffee Dripper","Black Star"],"picked":"Astrolabe"}],"items_purged_floors":[22],"is_endless":false,"potions_floor_spawned":[5,8,16,18],"killed_by":"Slavers","ascension_level":20}