{"gold_per_floor":[115,40,51,11,161,161,187,82,82,109,122,156,80,91,91,163,163,182,182,195,207,0,0,0,14,14,30,30,30,46,57,57,57],"floor_reached":33,"playtime":2395,"items_purged":["Doubt"],"score":664,"play_id":"898aa636-37aa-4d36-b28e-b8e76f43a599","local_time":"20190311175120","is_ascension_mode":true,"campfire_choices":[{"data":"Backstab","floor":6.0,"key":"SMITH"},{"data":"1","floor":15.0,"key":"LIFT"},{"data":"2","floor":23,"key":"LIFT"},{"floor":28,"key":"REST"},{"data":"3","floor":32,"key":"LIFT"}],"neow_cost":"NONE","seed_source_timestamp":0,"circlet_count":0,"master_deck":["AscendersBane","Defend_G","Defend_G","Defend_G","Defend_G","Strike_G","Strike_G","Strike_G","Strike_G","Strike_G","Survivor","Neutralize","Well Laid Plans","Cloak And Dagger","Backstab+1","Cloak And Dagger","All Out Attack","Infinite Blades+1","Footwork+1","Dash","After Image+1","Footwork+1","Writhe","Blur","Dodge and Roll+1","Deflect"],"special_seed":0,"relics":["Ring of the Snake","NeowsBlessing","Potion Belt","Pocketwatch","Frozen Egg 2","Girya","Sozu","Paper Crane","Gremlin Horn"],"potions_floor_usage":[],"damage_taken":[{"damage":0.0,"enemies":"Small Slimes","floor":1.0,"turns":1.0},{"damage":0.0,"enemies":"Jaw Worm","floor":3.0,"turns":1.0},{"damage":0.0,"enemies":"3 Sentries","floor":10.0,"turns":1.0},{"damage":0.0,"enemies":"2 Louse","floor":11.0,"turns":2.0},{"damage":39.0,"enemies":"Gremlin Nob","floor":12.0,"turns":6.0},{"damage":0.0,"enemies":"Blue Slaver","floor":14.0,"turns":4.0},{"damage":0.0,"enemies":"The Guardian","floor":16.0,"turns":12.0},{"damage":8.0,"enemies":"Shell Parasite","floor":18.0,"turns":6.0},{"damage":1.0,"enemies":"Spheric Guardian","floor":20.0,"turns":5.0},{"damage":5.0,"enemies":"Centurion and Healer","floor":21.0,"turns":8.0},{"damage":24,"enemies":"Cultist and Chosen","floor":25,"turns":7},{"damage":0,"enemies":"3 Cultists","floor":27,"turns":7},{"damage":4,"enemies":"Snake Plant","floor":30,"turns":7},{"damage":0,"enemies":"Chosen and Byrds","floor":31,"turns":9},{"damage":33,"enemies":"Champ","floor":33,"turns":19}],"seed_played":"-876970434445501895","potions_obtained":[{"floor":1.0,"key":"GhostInAJar"},{"floor":10.0,"key":"SneckoOil"},{"floor":12.0,"key":"Poison Potion"}],"is_trial":false,"path_per_floor":["M","?","M","$","?","R","T","$","T","E","M","E","$","M","R","B",null,"M","?","M","M","?","R","$","M","T","M","R","$","M","M","R","B"],"character_chosen":"THE_SILENT","items_purchased":["Backstab","Cloak And Dagger","Footwork+1"],"campfire_rested":1,"item_purchase_floors":[4,8,13],"current_hp_per_floor":[59,59,59,59,59,59,59,59,59,59,59,20,20,20,20,20,55,47,47,46,41,41,41,41,17,17,17,36,36,32,32,32,0],"gold":57,"neow_bonus":"THREE_ENEMY_KILL","is_prod":false,"is_daily":false,"chose_seed":false,"campfire_upgraded":1,"win_rate":0,"timestamp":1552344680,"path_taken":["M","?","M","$","?","R","?","$","T","E","M","E","$","M","R","BOSS","M","?","M","M","?","R","?","?","T","M","R","$","M","M","R","BOSS"],"build_version":"2019-01-23","purchased_purges":1,"victory":false,"max_hp_per_floor":[66,66,66,66,66,66,66,66,66,66,66,66,66,66,66,66,66,66,66,66,66,66,66,66,66,66,66,66,66,66,66,66,66],"card_choices":[{"not_picked":["Backstab","Crippling Poison"],"picked":"Well Laid Plans","floor":1.0},{"not_picked":["Prepared","Concentrate"],"picked":"Cloak And Dagger","floor":3.0},{"not_picked":["Dodge and Roll","Concentrate","Masterful Stab"],"picked":"SKIP","floor":10.0},{"not_picked":["Outmaneuver","Backstab"],"picked":"All Out Attack","floor":11.0},{"not_picked":["Finisher","Poisoned Stab"],"picked":"Infinite Blades+1","floor":12.0},{"not_picked":["Outmaneuver","Quick Slash"],"picked":"Dash","floor":14.0},{"not_picked":["Envenom+1","Die Die Die"],"picked":"After Image+1","floor":16.0},{"not_picked":["Bane","Well Laid Plans+1"],"picked":"Footwork+1","floor":18.0},{"not_picked":["Deadly Poison","Endless Agony"],"picked":"Blur","floor":20.0},{"not_picked":["Slice","Quick Slash"],"picked":"Dodge and Roll+1","floor":21.0},{"not_picked":["Skewer","Quick Slash","Calculated Gamble+1"],"picked":"SKIP","floor":25},{"not_picked":["Bullet Time","Flying Knee+1","Quick Slash"],"picked":"SKIP","floor":27},{"not_picked":["Reflex","All Out Attack"],"picked":"Deflect","floor":30},{"not_picked":["Dagger Spray","Quick Slash","Poisoned Stab+1"],"picked":"SKIP","floor":31},{"not_picked":["Dagger Spray","Quick Slash","Poisoned Stab+1"],"picked":"SKIP","floor":31}],"player_experience":764506,"relics_obtained":[{"floor":7.0,"key":"Potion Belt"},{"floor":9.0,"key":"Pocketwatch"},{"floor":10.0,"key":"Frozen Egg 2"},{"floor":12.0,"key":"Girya"},{"floor":26,"key":"Gremlin Horn"}],"event_choices":[{"cards_removed":["Defend_G"],"damage_healed":0.0,"max_hp_gain":0.0,"max_hp_loss":0.0,"gold_gain":0.0,"event_name":"The Cleric","player_choice":"Card Removal","floor":2.0,"gold_loss":75.0,"damage_taken":0.0},{"damage_healed":0.0,"max_hp_gain":0.0,"max_hp_loss":0.0,"gold_gain":150.0,"event_name":"Liars Game","player_choice":"AGREE","floor":5.0,"gold_loss":0.0,"damage_taken":0.0,"cards_obtained":["Doubt"]},{"damage_healed":0.0,"max_hp_gain":0.0,"max_hp_loss":0.0,"gold_gain":0.0,"event_name":"The Mausoleum","player_choice":"Opened","floor":19.0,"gold_loss":0.0,"damage_taken":0.0,"relics_obtained":["Paper Crane"],"cards_obtained":["Writhe"]},{"damage_healed":0,"gold_gain":0,"player_choice":"Paid Fearfully","damage_taken":0,"max_hp_gain":0,"max_hp_loss":0,"event_name":"Masked Bandits","floor":22,"gold_loss":207}],"is_beta":false,"boss_relics":[{"not_picked":["Ring of the Serpent","HoveringKite"],"picked":"Sozu"}],"items_purged_floors":[8],"is_endless":false,"potions_floor_spawned":[1,10,12,20,25,27,31],"killed_by":"Champ","ascension_level":20}