{"gold_per_floor":[116,41,41,60,71,99,99,99,99,8,8,25,25,39,39,170,170,184,202,226,226,31,71,71,107,107,107,126,151,5,24,24,147,147,163,163,179,199,199,199,219,219],"floor_reached":42,"playtime":3074,"items_purged":[],"score":465,"play_id":"2dc219e0-1ba3-4dd8-b01f-c82f6c20e8bb","local_time":"20190302034852","is_ascension_mode":false,"campfire_choices":[{"floor":7,"key":"REST"},{"data":"Cloak And Dagger","floor":15,"key":"SMITH"},{"floor":24,"key":"REST"},{"floor":27,"key":"REST"},{"floor":32,"key":"REST"},{"data":"After Image","floor":40,"key":"SMITH"}],"neow_cost":"NONE","seed_source_timestamp":11466530693410,"circlet_count":0,"master_deck":["Defend_G","Defend_G","Defend_G","Defend_G","Defend_G","Strike_G","Strike_G","Strike_G","Strike_G","Strike_G","Survivor","Neutralize","Tactician","Footwork","Bane","Phantasmal Killer","Neutralize","Skewer","Slice","Poisoned Stab","Dash","Cloak And Dagger+1","Injury","Accuracy","After Image+1","Acrobatics+1","Slice+1","Apotheosis","Backstab","Footwork","Infinite Blades","Accuracy","Malaise","Setup+1","Madness","Madness","Dagger Throw","PiercingWail+1"],"relics":["WristBlade","Paper Crane","Golden Idol","Busted Crown","Snake Skull","Darkstone Periapt","The Courier","Sozu"],"potions_floor_usage":[6,16,16,25,29,29,33,38],"damage_taken":[{"damage":6,"enemies":"Jaw Worm","floor":1,"turns":6},{"damage":6,"enemies":"Cultist","floor":4,"turns":4},{"damage":6,"enemies":"2 Louse","floor":5,"turns":2},{"damage":34,"enemies":"Lagavulin","floor":6,"turns":10},{"damage":4,"enemies":"2 Fungi Beasts","floor":12,"turns":3},{"damage":1,"enemies":"Looter","floor":14,"turns":3},{"damage":12,"enemies":"Slime Boss","floor":16,"turns":12},{"damage":9,"enemies":"3 Byrds","floor":18,"turns":8},{"damage":0,"enemies":"Spheric Guardian","floor":19,"turns":3},{"damage":12,"enemies":"Centurion and Healer","floor":20,"turns":5},{"damage":21,"enemies":"Book of Stabbing","floor":23,"turns":7},{"damage":3,"enemies":"Gremlin Leader","floor":25,"turns":9},{"damage":19,"enemies":"Snake Plant","floor":28,"turns":5},{"damage":5,"enemies":"Shelled Parasite and Fungi","floor":29,"turns":6},{"damage":8,"enemies":"Cultist and Chosen","floor":31,"turns":6},{"damage":10,"enemies":"Collector","floor":33,"turns":11},{"damage":0,"enemies":"3 Shapes","floor":35,"turns":4},{"damage":8,"enemies":"Orb Walker","floor":37,"turns":5},{"damage":40,"enemies":"Maw","floor":38,"turns":9},{"damage":12,"enemies":"Sphere and 2 Shapes","floor":41,"turns":6},{"damage":20,"enemies":"Jaw Worm Horde","floor":42,"turns":4}],"seed_played":"4019711549970708746","potions_obtained":[{"floor":1,"key":"Strength Potion"},{"floor":4,"key":"SpeedPotion"},{"floor":14,"key":"Weak Potion"},{"floor":19,"key":"Energy Potion"},{"floor":23,"key":"GhostInAJar"},{"floor":28,"key":"Regen Potion"},{"floor":31,"key":"Ancient Potion"},{"floor":33,"key":"Regen Potion"}],"is_trial":false,"path_per_floor":["M","$","?","M","M","E","R","?","T","$","?","M","?","M","R","B",null,"M","M","M","?","$","E","R","E","T","R","M","M","$","M","R","B",null,"M","?","M","M","$","R","M","M"],"character_chosen":"THE_SILENT","items_purchased":["Footwork","Poisoned Stab","Dash","Apotheosis","Footwork","Infinite Blades","Accuracy"],"campfire_rested":4,"item_purchase_floors":[2,10,10,22,30,30,30],"current_hp_per_floor":[64,64,64,58,52,18,39,56,56,56,56,52,52,51,51,39,67,58,58,46,46,46,25,45,42,42,62,43,53,53,45,65,55,67,67,59,51,26,26,26,14,0],"gold":219,"neow_bonus":"BOSS_RELIC","is_prod":false,"is_daily":false,"chose_seed":false,"campfire_upgraded":2,"win_rate":0,"timestamp":1551511132,"path_taken":["M","$","?","M","?","E","R","?","T","$","?","M","?","M","R","BOSS","M","M","M","?","?","E","R","E","T","R","?","M","$","M","R","BOSS","M","?","M","M","$","R","M","M"],"build_version":"2019-02-06","purchased_purges":0,"victory":false,"max_hp_per_floor":[70,70,70,70,70,70,70,70,70,70,67,67,67,67,67,67,67,67,67,67,67,67,67,67,67,67,67,67,67,67,67,67,67,67,67,67,67,67,67,67,67,67],"card_choices":[{"not_picked":["All Out Attack","Quick Slash"],"picked":"Tactician","floor":1},{"not_picked":["Poisoned Stab","Dodge and Roll"],"picked":"Skewer","floor":4},{"not_picked":["Choke","Blade Dance"],"picked":"Slice","floor":5},{"not_picked":["Concentrate","Bane","Dodge and Roll"],"picked":"SKIP","floor":6},{"not_picked":["Skewer","Deflect"],"picked":"Cloak And Dagger","floor":12},{"not_picked":["Cloak And Dagger","Flying Knee"],"picked":"Accuracy","floor":14},{"not_picked":["Doppelganger","Die Die Die"],"picked":"After Image","floor":16},{"not_picked":["Expertise"],"picked":"SKIP","floor":18},{"not_picked":[],"picked":"Acrobatics+1","floor":19},{"not_picked":[],"picked":"Slice+1","floor":20},{"not_picked":["Well Laid Plans+1"],"picked":"SKIP","floor":23},{"not_picked":["All Out Attack+1"],"picked":"SKIP","floor":25},{"not_picked":["Riddle With Holes"],"picked":"SKIP","floor":28},{"not_picked":[],"picked":"Backstab","floor":29},{"not_picked":["Terror"],"picked":"SKIP","floor":31},{"not_picked":[],"picked":"Malaise","floor":33},{"not_picked":[],"picked":"Setup+1","floor":35},{"not_picked":["Cloak And Dagger"],"picked":"SKIP","floor":37},{"not_picked":[],"picked":"Dagger Throw","floor":38},{"not_picked":[],"picked":"PiercingWail+1","floor":41}],"player_experience":676793,"relics_obtained":[{"floor":6,"key":"Paper Crane"},{"floor":23,"key":"Snake Skull"},{"floor":25,"key":"Darkstone Periapt"},{"floor":26,"key":"The Courier"}],"event_choices":[{"damage_healed":0,"gold_gain":0,"player_choice":"3 cards matched","damage_taken":0,"max_hp_gain":0,"max_hp_loss":0,"event_name":"Match and Keep!","floor":3,"gold_loss":0,"cards_obtained":["Bane","Phantasmal Killer","Neutralize"]},{"damage_healed":17,"gold_gain":0,"player_choice":"Healed and dodged fight","damage_taken":0,"max_hp_gain":0,"max_hp_loss":0,"event_name":"Mushrooms","floor":8,"gold_loss":0,"cards_obtained":["Parasite"]},{"cards_removed":["Parasite"],"damage_healed":0,"gold_gain":0,"player_choice":"Forget","damage_taken":0,"max_hp_gain":0,"max_hp_loss":0,"event_name":"Living Wall","floor":11,"gold_loss":0},{"damage_healed":0,"gold_gain":0,"player_choice":"Take Wound","damage_taken":0,"relics_obtained":["Golden Idol"],"max_hp_gain":0,"max_hp_loss":0,"event_name":"Golden Idol","floor":13,"gold_loss":0,"cards_obtained":["Injury"]},{"damage_healed":0,"gold_gain":0,"player_choice":"Bought 0 Potions","damage_taken":0,"max_hp_gain":0,"max_hp_loss":0,"event_name":"The Woman in Blue","floor":21,"gold_loss":0},{"damage_healed":0,"gold_gain":0,"player_choice":"Embrace Madness","damage_taken":8,"max_hp_gain":0,"max_hp_loss":0,"event_name":"Winding Halls","floor":36,"gold_loss":0,"cards_obtained":["Madness","Madness"]}],"is_beta":true,"boss_relics":[{"not_picked":["Eternal Feather","Orrery"],"picked":"Busted Crown"},{"not_picked":["Pandora\u0027s Box","Empty Cage"],"picked":"Sozu"}],"items_purged_floors":[],"is_endless":false,"potions_floor_spawned":[1,4,14,19,23,28,31,33],"killed_by":"Jaw Worm Horde","ascension_level":0}