{"gold_per_floor":[109,159,169,183,193,193,223,237,237,237,269,269,281,297,297,372,372,383,411,424,442,457,457,491,506,506,520,548,598,623,635,635,709,709,722,419,430,441,441,441,472,487,565,387,387,413,443,473,485,497,509,521,533,96,127,127],"floor_reached":57,"playtime":5858,"items_purged":["Strike_G","Strike_G","Strike_G"],"score":2955,"play_id":"732728ed-3191-4152-bf8d-7768bde9588d","local_time":"20190219205520","is_ascension_mode":true,"campfire_choices":[{"data":"Neutralize","floor":6.0,"key":"SMITH"},{"data":"Dodge and Roll","floor":10.0,"key":"SMITH"},{"data":"Catalyst","floor":12.0,"key":"SMITH"},{"data":"Burst","floor":15.0,"key":"SMITH"},{"data":"Wraith Form v2","floor":23.0,"key":"SMITH"},{"data":"Survivor","floor":32.0,"key":"SMITH"},{"data":"Neutralize","floor":40.0,"key":"SMITH"},{"data":"Footwork","floor":45.0,"key":"SMITH"},{"floor":49.0,"key":"RECALL"},{"data":"Catalyst","floor":53.0,"key":"SMITH"}],"neow_cost":"NONE","seed_source_timestamp":80570041945695,"circlet_count":0,"master_deck":["AscendersBane","Defend_G","Defend_G","Defend_G","Defend_G","Defend_G","Survivor+1","Neutralize+1","Deadly Poison","Bane","Dagger Spray","Burst+1","Backstab","Dodge and Roll+1","Catalyst+1","Wraith Form v2+1","Deadly Poison","Flechettes+1","Deflect","Catalyst+1","Acrobatics+1","Backflip","Deflect","Footwork","Footwork+1","Bouncing Flask+1","Neutralize+1","Dodge and Roll","PiercingWail","Panacea","Footwork"],"special_seed":0,"relics":["Runic Pyramid","PreservedInsect","Bronze Scales","Orichalcum","Velvet Choker","Red Mask","Paper Crane","Gremlin Horn","Anchor","Bird Faced Urn","Empty Cage","Membership Card","Vajra","Art of War","MawBank","Kunai","Ornamental Fan","Bottled Tornado"],"potions_floor_usage":[56],"damage_taken":[{"damage":2.0,"enemies":"Small Slimes","floor":1.0,"turns":4.0},{"damage":1.0,"enemies":"Cultist","floor":3.0,"turns":4.0},{"damage":4.0,"enemies":"2 Louse","floor":4.0,"turns":3.0},{"damage":0.0,"enemies":"2 Fungi Beasts","floor":5.0,"turns":3.0},{"damage":17.0,"enemies":"3 Sentries","floor":7.0,"turns":11.0},{"damage":0.0,"enemies":"Gremlin Gang","floor":8.0,"turns":7.0},{"damage":3.0,"enemies":"Lagavulin","floor":11.0,"turns":5.0},{"damage":6.0,"enemies":"Exordium Wildlife","floor":13.0,"turns":4.0},{"damage":4.0,"enemies":"Red Slaver","floor":14.0,"turns":3.0},{"damage":6.0,"enemies":"Hexaghost","floor":16.0,"turns":5.0},{"damage":7.0,"enemies":"Spheric Guardian","floor":18.0,"turns":6.0},{"damage":6.0,"enemies":"Masked Bandits","floor":19.0,"turns":5.0},{"damage":0.0,"enemies":"Chosen","floor":20.0,"turns":4.0},{"damage":0.0,"enemies":"Snecko","floor":21.0,"turns":2.0},{"damage":12.0,"enemies":"Centurion and Healer","floor":22.0,"turns":6.0},{"damage":0.0,"enemies":"Slavers","floor":24.0,"turns":5.0},{"damage":3.0,"enemies":"Snake Plant","floor":25.0,"turns":4.0},{"damage":3.0,"enemies":"Shelled Parasite and Fungi","floor":27.0,"turns":4.0},{"damage":0.0,"enemies":"Gremlin Leader","floor":28.0,"turns":3.0},{"damage":4.0,"enemies":"Slavers","floor":30.0,"turns":5.0},{"damage":0.0,"enemies":"Centurion and Healer","floor":31.0,"turns":5.0},{"damage":19.0,"enemies":"Collector","floor":33.0,"turns":6.0},{"damage":0.0,"enemies":"Orb Walker","floor":35.0,"turns":2.0},{"damage":0.0,"enemies":"3 Shapes","floor":37.0,"turns":7.0},{"damage":13.0,"enemies":"Spire Growth","floor":38.0,"turns":3.0},{"damage":0.0,"enemies":"Reptomancer","floor":41.0,"turns":5.0},{"damage":8.0,"enemies":"Transient","floor":42.0,"turns":6.0},{"damage":0.0,"enemies":"Nemesis","floor":46.0,"turns":7.0},{"damage":0.0,"enemies":"Maw","floor":47.0,"turns":6.0},{"damage":13.0,"enemies":"Jaw Worm Horde","floor":48.0,"turns":7.0},{"damage":16.0,"enemies":"Awakened One","floor":50.0,"turns":17.0},{"damage":12.0,"enemies":"Donu and Deca","floor":51.0,"turns":9.0},{"damage":35.0,"enemies":"Shield and Spear","floor":55.0,"turns":6.0},{"damage":12,"enemies":"The Heart","floor":56,"turns":7}],"seed_played":"-1961359188223454612","potions_obtained":[{"floor":3.0,"key":"Swift Potion"},{"floor":5.0,"key":"Swift Potion"},{"floor":7.0,"key":"EssenceOfSteel"},{"floor":13.0,"key":"Fire Potion"},{"floor":19.0,"key":"Weak Potion"},{"floor":21.0,"key":"SpeedPotion"},{"floor":22.0,"key":"GhostInAJar"},{"floor":25.0,"key":"Block Potion"},{"floor":37.0,"key":"EssenceOfSteel"},{"floor":38.0,"key":"Dexterity Potion"}],"is_trial":false,"path_per_floor":["M","?","M","M","M","R","E","M","T","R","E","R","M","M","R","B",null,"M","?","M","M","M","R","E","M","T","M","E","?","E","M","R","B",null,"M","$","M","M","?","R","E","M","T","$","R","E","M","M","R","B","B",null,"R","$","E","B",null],"character_chosen":"THE_SILENT","items_purchased":["Membership Card","Footwork","Art of War","Panacea","GhostInAJar","Kunai","Footwork","Ornamental Fan","PowerPotion"],"campfire_rested":0,"item_purchase_floors":[36,36,44,44,54,54,54,54,54],"current_hp_per_floor":[57,57,56,52,52,52,35,35,35,35,32,32,26,22,22,16,54,47,41,41,41,29,29,29,26,26,23,23,23,19,21,21,4,51,53,53,59,46,46,46,52,50,50,50,50,56,62,55,55,45,39,59,59,59,32,28],"gold":127,"neow_bonus":"BOSS_RELIC","is_prod":false,"is_daily":false,"chose_seed":false,"campfire_upgraded":9,"win_rate":0,"timestamp":1550631320,"path_taken":["M","?","M","?","M","R","E","M","T","R","E","R","M","M","R","BOSS","M","?","M","M","M","R","E","M","T","M","E","?","E","M","R","BOSS","M","$","M","?","?","R","E","M","T","$","R","E","M","M","R","BOSS","BOSS","R","$","E","BOSS"],"build_version":"2019-01-23","purchased_purges":3,"victory":true,"max_hp_per_floor":[66,66,66,66,66,66,66,66,66,66,66,66,66,66,66,66,66,66,66,66,66,66,66,66,66,66,66,66,66,66,66,66,66,66,66,66,66,66,66,66,66,66,66,66,66,66,66,66,66,66,66,66,66,66,66,66],"card_choices":[{"not_picked":["Acrobatics","Prepared"],"picked":"Deadly Poison","floor":1.0},{"not_picked":["Blade Dance","Masterful Stab"],"picked":"Bane","floor":3.0},{"not_picked":["Outmaneuver","Finisher"],"picked":"Dagger Spray","floor":4.0},{"not_picked":["Deadly Poison","Flying Knee"],"picked":"Burst","floor":5.0},{"not_picked":["Crippling Poison","Accuracy"],"picked":"Backstab","floor":7.0},{"not_picked":["Underhanded Strike","Quick Slash"],"picked":"Dodge and Roll","floor":8.0},{"not_picked":["Accuracy","PiercingWail"],"picked":"Catalyst","floor":11.0},{"not_picked":["Eviscerate","Bane","Tactician"],"picked":"SKIP","floor":13.0},{"not_picked":["Well Laid Plans","Backflip","Riddle With Holes"],"picked":"SKIP","floor":14.0},{"not_picked":["Unload","Venomology"],"picked":"Wraith Form v2","floor":16.0},{"not_picked":["Bane","Infinite Blades"],"picked":"Deadly Poison","floor":18.0},{"not_picked":["Quick Slash","Finisher"],"picked":"Flechettes+1","floor":19.0},{"not_picked":["Setup","Predator","Dagger Spray"],"picked":"SKIP","floor":20.0},{"not_picked":["Infinite Blades","Blade Dance"],"picked":"Deflect","floor":21.0},{"not_picked":["Slice","Tools of the Trade","Masterful Stab"],"picked":"SKIP","floor":22.0},{"not_picked":["Flechettes","Expertise"],"picked":"Catalyst","floor":24.0},{"not_picked":["Well Laid Plans","Acrobatics","Slice+1"],"picked":"SKIP","floor":25.0},{"not_picked":["Poisoned Stab","All Out Attack","Expertise"],"picked":"SKIP","floor":27.0},{"not_picked":["Cloak And Dagger","Tools of the Trade"],"picked":"Acrobatics+1","floor":28.0},{"not_picked":["Backstab","Reflex"],"picked":"Backflip","floor":30.0},{"not_picked":["Poisoned Stab","Underhanded Strike"],"picked":"Deflect","floor":31.0},{"not_picked":["Dagger Spray+1","Distraction"],"picked":"Footwork","floor":35.0},{"not_picked":["Poisoned Stab","Cloak And Dagger"],"picked":"Bouncing Flask+1","floor":37.0},{"not_picked":["Outmaneuver","Backflip","Dash"],"picked":"SKIP","floor":38.0},{"not_picked":["Outmaneuver","Backflip"],"picked":"Dodge and Roll","floor":41.0},{"not_picked":["Poisoned Stab+1","Quick Slash"],"picked":"PiercingWail","floor":42.0},{"not_picked":["Poisoned Stab","Deadly Poison","Flechettes"],"picked":"SKIP","floor":46.0},{"not_picked":["Caltrops","Masterful Stab+1","Underhanded Strike+1"],"picked":"SKIP","floor":47.0},{"not_picked":["Quick Slash+1","Tactician","Dagger Spray"],"picked":"SKIP","floor":48.0},{"not_picked":["Glass Knife","Poisoned Stab+1","Finisher"],"picked":"SKIP","floor":55.0}],"player_experience":619171,"relics_obtained":[{"floor":7.0,"key":"PreservedInsect"},{"floor":9.0,"key":"Bronze Scales"},{"floor":11.0,"key":"Orichalcum"},{"floor":19.0,"key":"Red Mask"},{"floor":24.0,"key":"Paper Crane"},{"floor":26.0,"key":"Gremlin Horn"},{"floor":28.0,"key":"Anchor"},{"floor":30.0,"key":"Bird Faced Urn"},{"floor":41.0,"key":"Vajra"},{"floor":46.0,"key":"MawBank"},{"floor":55.0,"key":"Bottled Tornado"}],"event_choices":[{"damage_healed":0.0,"max_hp_gain":0.0,"max_hp_loss":0.0,"gold_gain":50.0,"event_name":"Golden Shrine","player_choice":"Pray","floor":2.0,"gold_loss":0.0,"damage_taken":0.0},{"damage_healed":0.0,"max_hp_gain":0.0,"max_hp_loss":0.0,"gold_gain":0.0,"event_name":"Masked Bandits","player_choice":"Fought Bandits","floor":19.0,"gold_loss":0.0,"damage_taken":0.0},{"damage_healed":0.0,"max_hp_gain":0.0,"max_hp_loss":0.0,"gold_gain":100.0,"event_name":"The Joust","player_choice":"Bet on Murderer","floor":29.0,"gold_loss":50.0,"damage_taken":0.0},{"damage_healed":0.0,"max_hp_gain":0.0,"max_hp_loss":0.0,"gold_gain":0.0,"event_name":"Match and Keep!","player_choice":"1 cards matched","floor":39.0,"gold_loss":0.0,"damage_taken":0.0,"cards_obtained":["Neutralize"]}],"is_beta":false,"boss_relics":[{"not_picked":["Busted Crown","Coffee Dripper"],"picked":"Velvet Choker"},{"not_picked":["Philosopher\u0027s Stone","HoveringKite"],"picked":"Empty Cage"}],"items_purged_floors":[36,44,54],"is_endless":false,"potions_floor_spawned":[3,5,7,13,19,21,22,25,37,38,42,47,48],"ascension_level":20}