{"gold_per_floor":[118,130,130,130,27,55,74,103,103,103,119,119,147,159,159,260,260,185,185,185,4,4,4,4,4,4,4,4,4,4,4,4,4,4,4,4,4,4,4,4,4,4,4,0,0,0,0,0,0,0],"floor_reached":51,"playtime":3321,"items_purged":[],"score":824,"play_id":"3e22a962-4248-44e3-8e40-0b11047bf84f","local_time":"20180815202616","is_ascension_mode":true,"campfire_choices":[{"floor":10,"key":"REST"},{"floor":12,"key":"REST"},{"data":"Static Discharge","floor":15,"key":"SMITH"},{"data":"Double Energy","floor":23,"key":"SMITH"},{"data":"Consume","floor":28,"key":"SMITH"},{"data":"Loop","floor":30,"key":"SMITH"},{"data":"Creative AI","floor":32,"key":"SMITH"},{"data":"Static Discharge","floor":41,"key":"SMITH"},{"data":"Secret Technique","floor":47,"key":"SMITH"},{"data":"Turbo","floor":49,"key":"SMITH"}],"neow_cost":"NONE","seed_source_timestamp":4053292400763182,"circlet_count":0,"master_deck":["Strike_B","Strike_B","Strike_B","Strike_B","Defend_B","Defend_B","Defend_B","Defend_B+1","Zap","Dualcast","Heatsinks","Static Discharge+1","Static Discharge+1","Leap","Machine Learning","Chill","Double Energy+1","Tempest","Cold Snap","Turbo+1","Creative AI+1","Barrage+1","Go for the Eyes","Conserve Battery+1","Consume+1","Loop+1","Conserve Battery","Seek+1","Static Discharge+1","Hologram+1","Turbo+1","Creative AI+1","Reprogram+1","Secret Technique+1","Rebound+1"],"relics":["Cracked Core","Bird Faced Urn","Ice Cream","Mango","Ancient Tea Set","Ectoplasm","DataDisk","Omamori","Shuriken","Juzu Bracelet","Coffee Dripper","Gambling Chip","Unceasing Top","Emotion Chip","Red Mask"],"potions_floor_usage":[31,48,50,50],"damage_taken":[{"damage":0,"enemies":"2 Louse","floor":1,"turns":2},{"damage":7,"enemies":"Small Slimes","floor":2,"turns":3},{"damage":35,"enemies":"Lagavulin","floor":6,"turns":5},{"damage":0,"enemies":"Cultist","floor":7,"turns":5},{"damage":24,"enemies":"Gremlin Nob","floor":8,"turns":4},{"damage":5,"enemies":"Lots of Slimes","floor":11,"turns":4},{"damage":11,"enemies":"Lagavulin","floor":13,"turns":7},{"damage":12,"enemies":"2 Fungi Beasts","floor":14,"turns":3},{"damage":17,"enemies":"Slime Boss","floor":16,"turns":9},{"damage":39,"enemies":"2 Thieves","floor":18,"turns":4},{"damage":7,"enemies":"Chosen","floor":22,"turns":5},{"damage":6,"enemies":"Book of Stabbing","floor":24,"turns":5},{"damage":24,"enemies":"Gremlin Leader","floor":27,"turns":9},{"damage":14,"enemies":"Centurion and Healer","floor":31,"turns":2},{"damage":36,"enemies":"Champ","floor":33,"turns":5},{"damage":9,"enemies":"Flame Bruiser 1 Orb","floor":35,"turns":5},{"damage":21,"floor":37,"turns":7},{"damage":36,"enemies":"3 Darklings","floor":38,"turns":7},{"damage":60,"enemies":"2 Orb Walkers","floor":40,"turns":4},{"damage":0,"enemies":"Maw","floor":46,"turns":4},{"damage":0,"enemies":"4 Shapes","floor":48,"turns":1},{"damage":33,"enemies":"Time Eater","floor":50,"turns":6}],"seed_played":"150248308164895148","potions_obtained":[{"floor":1,"key":"Regen Potion"},{"floor":11,"key":"Strength Potion"},{"floor":13,"key":"Dexterity Potion"},{"floor":27,"key":"Energy Potion"},{"floor":31,"key":"Weak Potion"},{"floor":40,"key":"SmokeBomb"}],"is_trial":false,"path_per_floor":["M","M","?","?","$","E","M","E","T","R","M","R","E","M","R","B",null,"M","?","?","$","M","R","E","$","T","E","R","?","R","M","R","B",null,"M","?","?","M","?","E","R","$","T","?","?","M","R","M","R","B"],"character_chosen":"DEFECT","items_purchased":["Static Discharge","Leap","DataDisk","Go for the Eyes"],"campfire_rested":2,"item_purchase_floors":[5,5,21,21],"current_hp_per_floor":[75,68,68,53,53,18,26,10,24,50,53,79,76,70,70,61,89,66,71,71,71,80,80,80,80,80,80,80,80,80,72,72,50,89,88,88,89,73,73,35,35,35,35,35,35,65,65,69,69,78],"gold":0,"neow_bonus":"THREE_CARDS","is_prod":false,"is_daily":false,"chose_seed":false,"campfire_upgraded":8,"win_rate":0,"timestamp":1534361176,"path_taken":["M","M","?","?","$","E","M","E","T","R","M","R","E","M","R","BOSS","M","?","?","$","M","R","E","$","T","E","R","?","R","M","R","BOSS","M","?","?","M","?","E","R","$","T","?","?","M","R","M","R","BOSS"],"build_version":"2018-08-09","purchased_purges":0,"victory":true,"max_hp_per_floor":[75,75,75,75,75,75,75,75,89,89,89,89,89,89,89,89,89,89,89,89,89,89,89,89,89,89,89,89,89,89,89,89,89,89,89,89,89,89,89,89,89,89,89,89,89,89,89,89,89,89],"card_choices":[{"not_picked":["Steam","Rip and Tear"],"picked":"Heatsinks","floor":0},{"not_picked":["Sunder","Scrape"],"picked":"Static Discharge","floor":1},{"not_picked":["Compile Driver","Stack"],"picked":"Barrage","floor":2},{"not_picked":["Go for the Eyes","Compile Driver"],"picked":"Machine Learning","floor":6},{"not_picked":["Rip and Tear","Redo"],"picked":"Chill","floor":7},{"not_picked":["Redo","Stack"],"picked":"Double Energy","floor":8},{"not_picked":["Doom and Gloom","Undo"],"picked":"Tempest","floor":11},{"not_picked":["Rebound","Redo"],"picked":"Cold Snap","floor":13},{"not_picked":["Steam","Stack"],"picked":"Turbo","floor":14},{"not_picked":["Multi-Cast","Machine Learning"],"picked":"Creative AI","floor":16},{"not_picked":["Chaos","Rebound"],"picked":"Barrage+1","floor":18},{"not_picked":["Reprogram","Skim"],"picked":"Conserve Battery+1","floor":22},{"not_picked":["BootSequence","Force Field+1"],"picked":"Consume","floor":24},{"not_picked":["Fission","Beam Cell"],"picked":"Loop","floor":27},{"not_picked":["Leap","Rebound"],"picked":"Conserve Battery","floor":31},{"not_picked":["Hyperbeam","Biased Cognition"],"picked":"Seek","floor":33},{"not_picked":["Rebound+1","Coolheaded"],"picked":"Static Discharge","floor":35},{"not_picked":["Steam+1","Darkness"],"picked":"Hologram+1","floor":37},{"not_picked":["Barrage","Rebound+1"],"picked":"Turbo+1","floor":38},{"not_picked":["Cold Snap","Reinforced Body+1"],"picked":"Reprogram+1","floor":40},{"not_picked":["Mind Blast","Madness"],"picked":"Secret Technique","floor":45},{"not_picked":["Steam","Stack"],"picked":"Rebound+1","floor":46}],"player_experience":373418,"relics_obtained":[{"floor":6,"key":"Bird Faced Urn"},{"floor":8,"key":"Ice Cream"},{"floor":9,"key":"Mango"},{"floor":13,"key":"Ancient Tea Set"},{"floor":24,"key":"Omamori"},{"floor":26,"key":"Shuriken"},{"floor":27,"key":"Juzu Bracelet"},{"floor":37,"key":"Gambling Chip"},{"floor":40,"key":"Unceasing Top"},{"floor":43,"key":"Emotion Chip"}],"event_choices":[{"event_name":"Golden Wing","player_choice":"Ignored","floor":3,"damage_taken":0},{"event_name":"Shining Light","player_choice":"Entered Light","floor":4,"damage_taken":0},{"event_name":"Bonfire Elementals","player_choice":"COMMON","floor":19,"damage_taken":0},{"event_name":"Ghosts","player_choice":"Ignored","floor":20,"damage_taken":0},{"event_name":"Vampires","player_choice":"Ignored","floor":29,"damage_taken":0},{"event_name":"Upgrade Shrine","player_choice":"Upgraded","floor":36,"damage_taken":0},{"event_name":"Mysterious Sphere","player_choice":"Fight","floor":37,"damage_taken":0},{"event_name":"Duplicator","player_choice":"One dupe","floor":39,"damage_taken":0},{"event_name":"Tomb of Lord Red Mask","player_choice":"Paid","floor":44,"damage_taken":0},{"event_name":"SensoryStone","player_choice":"Memory 1","floor":45,"damage_taken":0}],"is_beta":false,"boss_relics":[{"not_picked":["Runic Pyramid","White Beast Statue"],"picked":"Ectoplasm"},{"not_picked":["Lizard Tail","Snecko Eye"],"picked":"Coffee Dripper"}],"items_purged_floors":[],"is_endless":false,"potions_floor_spawned":[1,11,13,16,22,27,31,40,46,48],"ascension_level":2}