{"path_per_floor":["M","$","M","?","M","R","?","M","T","R","M","M","M","E","R","B",null,"M","$","?","M","M","R","M","?","T","R","$","M","R","E","R"],"character_chosen":"IRONCLAD","items_purchased":["Bag of Marbles","Kunai","Seeing Red","Pen Nib"],"gold_per_floor":[217,65,85,160,172,172,172,182,209,209,227,243,262,295,295,397,427,447,114,114,124,144,144,154,254,254,254,98,117,117,144,144],"floor_reached":33,"campfire_rested":5,"playtime":50686,"current_hp_per_floor":[80,80,80,69,75,75,75,68,68,68,74,80,80,61,80,16,85,73,73,73,66,11,36,31,31,31,56,56,53,78,39,64],"items_purged":[],"gold":144,"score":269,"play_id":"d33547b6-9deb-4012-9ac4-c0953a062f6b","local_time":"20180315105036","is_prod":false,"is_daily":false,"is_ascension_mode":false,"campfire_upgraded":2,"timestamp":1521129036,"path_taken":["M","$","M","?","M","R","?","M","T","R","M","M","M","E","R","BOSS","M","$","?","?","M","R","M","?","T","R","$","M","R","E","R","BOSS"],"build_version":"2018-03-09","purchased_purges":0,"victory":false,"master_deck":["Strike_R","Strike_R","Strike_R","Strike_R","Strike_R","Defend_R","Defend_R","Defend_R","Defend_R","Bash+1","Headbutt+1","Flex+1","Body Slam+1","Flex","Double Tap","Shrug It Off","Armaments","Seeing Red","Infernal Blade","Heavy Blade+1","Flame Barrier"],"max_hp_per_floor":[80,80,80,80,80,80,80,80,80,80,80,80,80,80,80,80,85,85,85,85,85,85,85,85,85,85,85,85,85,85,85,85],"relics":["Burning Blood","Bag of Marbles","Bag of Preparation","Frozen Egg 2","Tiny House","Kunai","Vajra","Pen Nib","Juzu Bracelet"],"card_choices":[{"not_picked":["Perfected Strike","Cleave"],"picked":"Headbutt"},{"not_picked":["Thunderclap","Spot Weakness"],"picked":"Flex"},{"not_picked":["Pummel","Shrug It Off"],"picked":"Body Slam"},{"not_picked":["Heavy Blade","Sword Boomerang"],"picked":"Flex"},{"not_picked":["Spot Weakness","Intimidate"],"picked":"Double Tap"},{"not_picked":["Warcry","Cleave"],"picked":"Shrug It Off"},{"not_picked":["Rupture","Spot Weakness"],"picked":"Armaments"},{"not_picked":["Cleave","Twin Strike"],"picked":"Heavy Blade"},{"not_picked":["Corruption","Battle Trance"],"picked":"Flame Barrier"}],"player_experience":148746,"potions_floor_usage":[16,16,16,21,22,24],"damage_taken":[{"damage":1,"enemies":"Cultist","floor":1,"turns":3},{"damage":3,"enemies":"Small Slimes","floor":3,"turns":3},{"damage":0,"enemies":"2 Louse","floor":5,"turns":3},{"damage":13,"enemies":"Exordium Wildlife","floor":8,"turns":4},{"damage":0,"enemies":"Looter","floor":11,"turns":2},{"damage":0,"enemies":"2 Fungi Beasts","floor":12,"turns":2},{"damage":0,"enemies":"Exordium Wildlife","floor":13,"turns":3},{"damage":25,"enemies":"3 Sentries","floor":14,"turns":7},{"damage":70,"enemies":"Hexaghost","floor":16,"turns":10},{"damage":18,"enemies":"2 Thieves","floor":18,"turns":4},{"damage":13,"enemies":"Shell Parasite","floor":21,"turns":6},{"damage":61,"enemies":"Sentry and Sphere","floor":22,"turns":9},{"damage":11,"enemies":"Snecko","floor":24,"turns":3},{"damage":9,"enemies":"Chosen and Byrds","floor":29,"turns":6},{"damage":45,"enemies":"Book of Stabbing","floor":31,"turns":5},{"damage":65,"enemies":"Collector","floor":33,"turns":5}],"event_choices":[{"event_name":"World of Goop","player_choice":"Gather Gold","floor":4,"damage_taken":0},{"event_name":"Living Wall","player_choice":"Grow","floor":7,"damage_taken":0},{"event_name":"The Library","player_choice":"Read","floor":20,"damage_taken":0},{"event_name":"Golden Shrine","player_choice":"Pray","floor":25,"damage_taken":0}],"boss_relics":[{"not_picked":["Calling Bell","Runic Pyramid"],"picked":"Tiny House"}],"potions_floor_spawned":[1,8,11,12,14,16,18,29],"seed_played":"-2298701156790773746","killed_by":"Collector","ascension_level":0,"is_trial":false}