{"gold_per_floor":[111,111,122,47,47,73,73,98,151,166,166,177,195,210,210,312,312,331,27,27,43,56,56,0,34,64,80,107,122,122,138,138,239,239,249,124,142,103,103,135,135,163,163,243,256,274,72,85,85,85],"floor_reached":50,"playtime":4410,"items_purged":["Strike_G","Strike_G","Strike_G"],"score":571,"play_id":"2bec1cd2-0a9b-4d9d-907a-91b07b97ab02","local_time":"20181005203614","is_ascension_mode":true,"campfire_choices":[{"data":"Defend_G","floor":7,"key":"SMITH"},{"data":"Survivor","floor":15,"key":"SMITH"},{"floor":23,"key":"REST"},{"floor":30,"key":"REST"},{"floor":32,"key":"REST"},{"floor":41,"key":"REST"},{"floor":49,"key":"REST"}],"neow_cost":"NONE","seed_source_timestamp":1388825612326958,"circlet_count":0,"master_deck":["Defend_G+1","Defend_G+1","Defend_G+1","Defend_G+1","Defend_G","Strike_G","Survivor+1","Neutralize","Dagger Throw","Backstab","Quick Slash","Underhanded Strike","Skewer","Phantasmal Killer","Leg Sweep","Apotheosis","Flechettes","Crippling Poison","Terror+1","Prepared+1","Riddle With Holes+1","Malaise","Deadly Poison","Catalyst","Jack Of All Trades","Acrobatics+1","Outmaneuver+1"],"relics":["Ring of the Snake","Nunchaku","Odd Mushroom","Happy Flower","Fusion Hammer","Lantern","Tiny Chest","Dream Catcher","Black Star","War Paint","Potion Belt","The Courier","Kunai","Strawberry","Paper Crane","Bottled Lightning"],"potions_floor_usage":[8,16,16,25,27,27,42,45,45,46,50],"damage_taken":[{"damage":0,"enemies":"Jaw Worm","floor":1,"turns":8},{"damage":0,"enemies":"Small Slimes","floor":3,"turns":5},{"damage":21,"enemies":"3 Sentries","floor":6,"turns":15},{"damage":1,"enemies":"The Mushroom Lair","floor":8,"turns":5},{"damage":0,"enemies":"2 Louse","floor":10,"turns":1},{"damage":0,"enemies":"Exordium Wildlife","floor":12,"turns":5},{"damage":0,"enemies":"Lots of Slimes","floor":13,"turns":3},{"damage":0,"enemies":"3 Louse","floor":14,"turns":1},{"damage":41,"enemies":"Slime Boss","floor":16,"turns":13},{"damage":6,"enemies":"Spheric Guardian","floor":18,"turns":4},{"damage":0,"enemies":"Shell Parasite","floor":21,"turns":4},{"damage":0,"enemies":"Snecko","floor":22,"turns":3},{"damage":12,"enemies":"Gremlin Leader","floor":25,"turns":3},{"damage":2,"enemies":"Chosen and Byrds","floor":27,"turns":4},{"damage":5,"enemies":"Book of Stabbing","floor":28,"turns":7},{"damage":0,"enemies":"Shelled Parasite and Fungi","floor":29,"turns":5},{"damage":4,"enemies":"3 Cultists","floor":31,"turns":6},{"damage":27,"enemies":"Collector","floor":33,"turns":5},{"damage":8,"enemies":"3 Darklings","floor":35,"turns":5},{"damage":0,"enemies":"Orb Walker","floor":37,"turns":3},{"damage":43,"enemies":"Giant Head","floor":40,"turns":9},{"damage":42,"enemies":"Nemesis","floor":42,"turns":7},{"damage":5,"enemies":"Maw","floor":45,"turns":5},{"damage":0,"enemies":"Transient","floor":46,"turns":5},{"damage":0,"enemies":"Spire Growth","floor":48,"turns":3},{"damage":50,"enemies":"Donu and Deca","floor":50,"turns":5}],"seed_played":"-3318609760090156216","potions_obtained":[{"floor":6,"key":"GhostInAJar"},{"floor":8,"key":"SteroidPotion"},{"floor":10,"key":"FearPotion"},{"floor":14,"key":"PowerPotion"},{"floor":16,"key":"Swift Potion"},{"floor":22,"key":"Swift Potion"},{"floor":25,"key":"AttackPotion"},{"floor":28,"key":"GamblersBrew"},{"floor":29,"key":"SpeedPotion"},{"floor":37,"key":"Regen Potion"},{"floor":42,"key":"Fire Potion"},{"floor":46,"key":"LiquidBronze"}],"is_trial":false,"path_per_floor":["M","?","M","$","?","E","R","?","T","M","?","M","M","M","R","B",null,"M","$","?","M","M","R","?","E","T","M","E","M","R","M","R","B",null,"M","$","M","$","?","E","R","E","T","T","M","M","$","M","R"],"character_chosen":"THE_SILENT","items_purchased":["Apotheosis","Catalyst","Bottled Lightning"],"campfire_rested":5,"item_purchase_floors":[19,38,47],"current_hp_per_floor":[70,70,70,70,70,49,49,48,48,48,48,48,48,48,48,7,70,64,64,51,51,51,73,73,61,61,59,54,54,75,71,75,48,75,67,67,67,67,67,24,46,4,11,11,11,11,11,11,35,0],"gold":85,"neow_bonus":"UPGRADE_CARD","is_prod":false,"is_daily":false,"chose_seed":false,"campfire_upgraded":2,"win_rate":0,"timestamp":1538789774,"path_taken":["M","?","M","$","?","E","R","?","T","?","?","?","?","M","R","BOSS","M","$","?","M","?","R","?","E","T","?","E","M","R","M","R","BOSS","M","$","M","$","?","E","R","E","T","?","M","M","$","M","R","BOSS"],"build_version":"2018-10-04","purchased_purges":3,"victory":false,"max_hp_per_floor":[70,70,70,70,70,70,70,70,70,70,70,70,70,70,70,70,70,70,70,75,75,75,75,75,75,75,75,75,75,75,75,75,75,75,75,75,75,75,75,75,75,75,82,82,82,82,82,82,82,82],"card_choices":[{"not_picked":["Backflip","Tactician","Finisher"],"picked":"SKIP","floor":1},{"not_picked":["Bane","Outmaneuver"],"picked":"Dagger Throw","floor":3},{"not_picked":["Concentrate","Eviscerate"],"picked":"Backstab","floor":6},{"not_picked":["Tactician","Outmaneuver"],"picked":"Quick Slash","floor":10},{"not_picked":["Blur","PiercingWail"],"picked":"Underhanded Strike","floor":12},{"not_picked":["Outmaneuver","Dagger Spray"],"picked":"Skewer","floor":13},{"not_picked":["Blade Dance","Cloak And Dagger","Masterful Stab"],"picked":"SKIP","floor":14},{"not_picked":["Grand Finale","Storm of Steel"],"picked":"Phantasmal Killer","floor":16},{"not_picked":["Outmaneuver","Dagger Throw"],"picked":"Leg Sweep","floor":18},{"not_picked":["Blade Dance","Outmaneuver","Backflip"],"picked":"SKIP","floor":21},{"not_picked":["Prepared+1","Well Laid Plans"],"picked":"Flechettes","floor":22},{"not_picked":["Bane","Dagger Throw"],"picked":"Crippling Poison","floor":25},{"not_picked":["Poisoned Stab","Leg Sweep","Dagger Throw+1"],"picked":"SKIP","floor":27},{"not_picked":["Dagger Spray+1","Dodge and Roll"],"picked":"Terror","floor":28},{"not_picked":["Backstab","Blade Dance","Expertise"],"picked":"SKIP","floor":29},{"not_picked":["Venomology","Bane"],"picked":"Prepared+1","floor":30},{"not_picked":["Deflect","Setup"],"picked":"Riddle With Holes+1","floor":31},{"not_picked":["Night Terror","Doppelganger"],"picked":"Malaise","floor":33},{"not_picked":["Prepared+1","Well Laid Plans"],"picked":"Deadly Poison","floor":35},{"not_picked":["Bane","Dagger Throw","Deadly Poison"],"picked":"SKIP","floor":37},{"not_picked":["Chrysalis","Good Instincts"],"picked":"Jack Of All Trades","floor":39},{"not_picked":["Night Terror","Quick Slash"],"picked":"Acrobatics+1","floor":40},{"not_picked":["Wraith Form v2","Riddle With Holes+1","Quick Slash"],"picked":"SKIP","floor":42},{"not_picked":["Dagger Throw","Blade Dance+1","Prepared+1"],"picked":"SKIP","floor":45},{"not_picked":["Flying Knee","Acrobatics+1"],"picked":"Outmaneuver+1","floor":46},{"not_picked":["Doppelganger","Backflip","Catalyst"],"picked":"SKIP","floor":48}],"player_experience":383477,"relics_obtained":[{"floor":6,"key":"Nunchaku"},{"floor":8,"key":"Odd Mushroom"},{"floor":9,"key":"Happy Flower"},{"floor":25,"key":"Lantern"},{"floor":26,"key":"Tiny Chest"},{"floor":28,"key":"Dream Catcher"},{"floor":40,"key":"War Paint"},{"floor":40,"key":"Potion Belt"},{"floor":42,"key":"The Courier"},{"floor":42,"key":"Kunai"},{"floor":43,"key":"Strawberry"},{"floor":44,"key":"Paper Crane"}],"event_choices":[{"event_name":"Liars Game","player_choice":"disagreed","floor":2,"damage_taken":0},{"event_name":"Purifier","player_choice":"One Purge","floor":5,"damage_taken":0},{"event_name":"Mushrooms","player_choice":"Fought Mushrooms","floor":8,"damage_taken":0},{"event_name":"Living Wall","player_choice":"Grow","floor":11,"damage_taken":0},{"event_name":"Forgotten Altar","player_choice":"Shed Blood","floor":20,"damage_taken":0},{"event_name":"Masked Bandits","player_choice":"Paid Fearfully","floor":24,"damage_taken":0},{"event_name":"SensoryStone","player_choice":"Memory 1","floor":39,"damage_taken":0}],"is_beta":false,"boss_relics":[{"not_picked":["Coffee Dripper","White Beast Statue"],"picked":"Fusion Hammer"},{"not_picked":["Philosopher\u0027s Stone","Pandora\u0027s Box"],"picked":"Black Star"}],"items_purged_floors":[4,19,36],"is_endless":false,"potions_floor_spawned":[6,8,10,14,16,22,25,28,29,31,35,37,42,46],"killed_by":"Donu and Deca","ascension_level":1}