{"gold_per_floor":[109,121,138,90,90,102,133,145,157,169,200,212,254,253,265,378,390,417,8,8,26,26,26,41,41,96,115,115],"floor_reached":28,"playtime":1437,"items_purged":["Defend_B"],"score":308,"play_id":"e1d62e3e-f02a-472b-b837-3ea5c7eb8c6b","local_time":"20191007212032","is_ascension_mode":true,"campfire_choices":[{"data":"Zap","floor":6,"key":"SMITH"},{"data":"Fusion","floor":10,"key":"SMITH"},{"data":"Coolheaded","floor":12,"key":"SMITH"},{"data":"Darkness","floor":15,"key":"SMITH"},{"floor":23,"key":"REST"}],"neow_cost":"NONE","seed_source_timestamp":328647576020500,"circlet_count":0,"master_deck":["Strike_B","Strike_B","Strike_B","Defend_B","Defend_B","Defend_B","Zap+1","Dualcast","Go for the Eyes","Leap","Sweeping Beam","Fusion+1","Coolheaded+1","Darkness+1","Auto Shields","Meteor Strike","Glacier","Defragment","Ball Lightning","Barrage","Echo Form","Zap","FTL","Ball Lightning"],"relics":["Cracked Core","MawBank","Dodecahedron","Orichalcum","Runic Pyramid","DataDisk","Potion Belt"],"potions_floor_usage":[7,13,16,18],"damage_taken":[{"damage":2,"enemies":"Jaw Worm","floor":1,"turns":4},{"damage":0,"enemies":"2 Louse","floor":2,"turns":1},{"damage":0,"enemies":"Cultist","floor":3,"turns":3},{"damage":10,"enemies":"3 Louse","floor":7,"turns":3},{"damage":1,"enemies":"Exordium Wildlife","floor":11,"turns":3},{"damage":22,"enemies":"Gremlin Nob","floor":13,"turns":4},{"damage":3,"enemies":"Exordium Thugs","floor":14,"turns":4},{"damage":24,"enemies":"The Guardian","floor":16,"turns":13},{"damage":16,"enemies":"3 Byrds","floor":18,"turns":6},{"damage":30,"enemies":"2 Thieves","floor":21,"turns":4},{"damage":26,"enemies":"Snake Plant","floor":24,"turns":6},{"damage":0,"enemies":"Cultist and Chosen","floor":27,"turns":5},{"damage":15,"enemies":"Shelled Parasite and Fungi","floor":28,"turns":2}],"seed_played":"-9114777816918269851","potions_obtained":[{"floor":1,"key":"Dexterity Potion"},{"floor":7,"key":"Strength Potion"},{"floor":11,"key":"Weak Potion"},{"floor":13,"key":"Explosive Potion"},{"floor":16,"key":"Block Potion"},{"floor":24,"key":"LiquidBronze"}],"is_trial":false,"path_per_floor":["M","M","M","?","?","R","M","?","T","R","M","R","E","M","R","B",null,"M","$","?","M","?","R","M","$","T","M","M"],"character_chosen":"DEFECT","items_purchased":["Glacier","Defragment","Ball Lightning","DataDisk"],"campfire_rested":1,"item_purchase_floors":[19,19,19,19],"current_hp_per_floor":[66,66,66,66,59,59,49,54,54,54,53,53,31,28,28,4,61,45,45,45,15,15,39,13,13,13,13,0],"gold":115,"neow_bonus":"REMOVE_CARD","is_prod":false,"is_daily":false,"chose_seed":false,"campfire_upgraded":4,"win_rate":0,"timestamp":1570501232,"path_taken":["M","M","M","?","?","R","M","?","T","R","M","R","E","M","R","BOSS","M","$","?","?","?","R","M","?","T","M","M"],"build_version":"2019-07-17","purchased_purges":1,"victory":false,"max_hp_per_floor":[75,75,75,75,75,75,75,80,80,80,80,80,80,80,80,80,80,80,80,80,80,80,80,80,80,80,80,80],"card_choices":[{"not_picked":["Capacitor","Compile Driver"],"picked":"Go for the Eyes","floor":1},{"not_picked":["White Noise","Tempest"],"picked":"Leap","floor":2},{"not_picked":["Hello World","Undo"],"picked":"Sweeping Beam","floor":3},{"not_picked":["Sweeping Beam","Go for the Eyes"],"picked":"Fusion","floor":7},{"not_picked":["Conserve Battery","Beam Cell"],"picked":"Coolheaded","floor":11},{"not_picked":["Steam","Stack"],"picked":"Darkness","floor":13},{"not_picked":["Melter","Consume"],"picked":"Auto Shields","floor":14},{"not_picked":["Buffer","Amplify"],"picked":"Meteor Strike","floor":16},{"not_picked":["Storm","Hologram+1","Turbo"],"picked":"SKIP","floor":18},{"not_picked":["Go for the Eyes","Turbo"],"picked":"FTL","floor":21},{"not_picked":["Go for the Eyes","Chill+1","Beam Cell"],"picked":"SKIP","floor":24},{"not_picked":["Stack","Steam Power"],"picked":"Ball Lightning","floor":27}],"player_experience":803050,"relics_obtained":[{"floor":9,"key":"Dodecahedron"},{"floor":13,"key":"Orichalcum"},{"floor":26,"key":"Potion Belt"}],"event_choices":[{"damage_healed":0,"gold_gain":0,"player_choice":"Left Gold","damage_taken":0,"max_hp_gain":0,"max_hp_loss":0,"event_name":"World of Goop","floor":4,"gold_loss":48},{"damage_healed":0,"gold_gain":0,"player_choice":"Success","damage_taken":7,"relics_obtained":["MawBank"],"max_hp_gain":0,"max_hp_loss":0,"event_name":"Scrap Ooze","floor":5,"gold_loss":0},{"damage_healed":0,"gold_gain":0,"player_choice":"Donut","damage_taken":0,"max_hp_gain":5,"max_hp_loss":0,"event_name":"Big Fish","floor":8,"gold_loss":0},{"damage_healed":0,"gold_gain":0,"player_choice":"3 cards matched","damage_taken":0,"max_hp_gain":0,"max_hp_loss":0,"event_name":"Match and Keep!","floor":20,"gold_loss":0,"cards_obtained":["Barrage","Echo Form","Zap"]},{"damage_healed":0,"gold_gain":0,"player_choice":"Ignored","damage_taken":0,"max_hp_gain":0,"max_hp_loss":0,"event_name":"Ghosts","floor":22,"gold_loss":0}],"is_beta":false,"boss_relics":[{"not_picked":["Lizard Tail","White Beast Statue"],"picked":"Runic Pyramid"}],"items_purged_floors":[19],"is_endless":false,"potions_floor_spawned":[1,7,11,13,16,24],"killed_by":"Shelled Parasite and Fungi","ascension_level":8}