{"gold_per_floor":[111,111,0,14,33,33,0,36,82,113,134,134,159,179,179,303,303,324,173,198,214,214],"floor_reached":22,"playtime":1835,"items_purged":["Injury","Strike_G"],"score":277,"play_id":"45499612-015e-4f63-8247-363c7261a9bb","local_time":"20190131220307","is_ascension_mode":true,"campfire_choices":[{"data":"Cloak And Dagger","floor":6,"key":"SMITH"},{"floor":12,"key":"REST"},{"floor":15,"key":"REST"}],"neow_cost":"NONE","seed_source_timestamp":449979070620444,"circlet_count":0,"master_deck":["Defend_G","Defend_G","Defend_G","Defend_G","Defend_G","Strike_G","Strike_G","Strike_G","Strike_G","Survivor","Neutralize+1","Cloak And Dagger+1","Infinite Blades","Acrobatics","Slice","Backflip","Accuracy","Cloak And Dagger","Infinite Blades","Caltrops","Storm of Steel","Quick Slash","Blade Dance+1"],"relics":["Ring of the Snake","Golden Idol","Vajra","Centennial Puzzle","StoneCalendar","Philosopher\u0027s Stone"],"potions_floor_usage":[8,8],"damage_taken":[{"damage":0,"enemies":"Jaw Worm","floor":1,"turns":5},{"damage":3,"enemies":"2 Louse","floor":4,"turns":5},{"damage":3,"enemies":"Small Slimes","floor":5,"turns":5},{"damage":12,"enemies":"Lagavulin","floor":8,"turns":8},{"damage":28,"enemies":"Gremlin Nob","floor":10,"turns":4},{"damage":0,"enemies":"Exordium Wildlife","floor":11,"turns":5},{"damage":0,"enemies":"Looter","floor":13,"turns":3},{"damage":0,"enemies":"Red Slaver","floor":14,"turns":3},{"damage":28,"enemies":"Hexaghost","floor":16,"turns":8},{"damage":9,"enemies":"Shell Parasite","floor":18,"turns":5},{"damage":11,"enemies":"3 Byrds","floor":20,"turns":4},{"damage":27,"enemies":"Shelled Parasite and Fungi","floor":21,"turns":6},{"damage":15,"enemies":"Sentry and Sphere","floor":22,"turns":3}],"seed_played":"2188437297602204035","potions_obtained":[{"floor":4,"key":"SteroidPotion"},{"floor":5,"key":"AttackPotion"},{"floor":16,"key":"Energy Potion"},{"floor":20,"key":"Poison Potion"}],"is_trial":false,"path_per_floor":["M","?","$","M","M","R","?","E","T","E","M","R","M","M","R","B",null,"M","$","M","M","M"],"character_chosen":"THE_SILENT","items_purchased":["Infinite Blades","Quick Slash"],"campfire_rested":2,"item_purchase_floors":[3,19],"current_hp_per_floor":[63,63,63,60,57,57,57,45,45,17,17,38,38,38,59,31,60,51,51,40,13,0],"gold":214,"neow_bonus":"UPGRADE_CARD","is_prod":false,"is_daily":false,"chose_seed":false,"campfire_upgraded":1,"win_rate":0,"timestamp":1548993787,"path_taken":["M","?","$","M","M","R","?","E","T","E","M","R","M","M","R","BOSS","M","$","M","M","M"],"build_version":"2019-01-23","purchased_purges":2,"victory":false,"max_hp_per_floor":[70,70,70,70,70,70,70,70,70,70,70,70,70,70,70,70,70,70,70,70,70,70],"card_choices":[{"not_picked":["Sucker Punch","Deadly Poison"],"picked":"Cloak And Dagger","floor":1},{"not_picked":["Setup","PiercingWail"],"picked":"Acrobatics","floor":4},{"not_picked":["Poisoned Stab","Sucker Punch"],"picked":"Slice","floor":5},{"not_picked":["Choke","PiercingWail"],"picked":"Backflip","floor":8},{"not_picked":["Malaise","Slice"],"picked":"Accuracy","floor":10},{"not_picked":["Deflect","Acrobatics"],"picked":"Cloak And Dagger","floor":11},{"not_picked":["Catalyst","Blur"],"picked":"Infinite Blades","floor":13},{"not_picked":["Deflect","Outmaneuver"],"picked":"Caltrops","floor":14},{"not_picked":["Bullet Time","Burst"],"picked":"Storm of Steel","floor":16},{"not_picked":["Eviscerate","Bane","Flying Knee"],"picked":"SKIP","floor":18},{"not_picked":["Flying Knee","Crippling Poison"],"picked":"Blade Dance+1","floor":20},{"not_picked":["Blade Dance","Calculated Gamble","PiercingWail"],"picked":"SKIP","floor":21}],"player_experience":690963,"relics_obtained":[{"floor":8,"key":"Vajra"},{"floor":9,"key":"Centennial Puzzle"},{"floor":10,"key":"StoneCalendar"}],"event_choices":[{"damage_healed":0,"gold_gain":0,"player_choice":"Take Wound","damage_taken":0,"relics_obtained":["Golden Idol"],"max_hp_gain":0,"max_hp_loss":0,"event_name":"Golden Idol","floor":2,"gold_loss":0,"cards_obtained":["Injury"]},{"damage_healed":0,"gold_gain":0,"player_choice":"Left Gold","damage_taken":0,"max_hp_gain":0,"max_hp_loss":0,"event_name":"World of Goop","floor":7,"gold_loss":33}],"is_beta":false,"boss_relics":[{"not_picked":["Pandora\u0027s Box","HoveringKite"],"picked":"Philosopher\u0027s Stone"}],"items_purged_floors":[3,19],"is_endless":false,"potions_floor_spawned":[4,5,16,20],"killed_by":"Sentry and Sphere","ascension_level":8}