{"gold_per_floor":[116,1,18,37,112,112,142,142,167,199,215,215,226,226,226,326,326,342,342,342,355,67,67],"floor_reached":23,"playtime":2310,"items_purged":["Strike_B"],"score":219,"play_id":"eaae6a79-936a-4c14-b2b0-701f1641f771","local_time":"20181020142703","is_ascension_mode":true,"campfire_choices":[{"data":"Zap","floor":6,"key":"SMITH"},{"data":"Undo","floor":8,"key":"SMITH"},{"floor":15,"key":"REST"}],"neow_cost":"NONE","seed_source_timestamp":80497215405037,"circlet_count":0,"master_deck":["Strike_B","Strike_B","Strike_B","Defend_B","Defend_B","Defend_B","Defend_B","Zap+1","Dualcast","Aggregate","Undo+1","Self Repair","Streamline","Tempest","Creative AI","BootSequence","Echo Form","Stack"],"relics":["Cracked Core","Happy Flower","Oddly Smooth Stone","Shuriken","Regal Pillow","Busted Crown","Ornamental Fan","Ice Cream"],"potions_floor_usage":[2,16,18,23],"damage_taken":[{"damage":7,"enemies":"Small Slimes","floor":1,"turns":4},{"damage":1,"enemies":"2 Louse","floor":3,"turns":5},{"damage":7,"enemies":"Jaw Worm","floor":4,"turns":3},{"damage":8,"enemies":"Lagavulin","floor":7,"turns":6},{"damage":25,"enemies":"3 Sentries","floor":10,"turns":6},{"damage":10,"enemies":"3 Louse","floor":11,"turns":3},{"damage":2,"enemies":"Blue Slaver","floor":13,"turns":3},{"damage":28,"enemies":"The Guardian","floor":16,"turns":11},{"damage":18,"enemies":"2 Thieves","floor":18,"turns":5},{"damage":25,"enemies":"Spheric Guardian","floor":21,"turns":5},{"damage":61,"enemies":"Gremlin Leader","floor":23,"turns":5}],"seed_played":"-3846471791807773398","potions_obtained":[{"floor":1,"key":"Fruit Juice"},{"floor":11,"key":"Block Potion"},{"floor":13,"key":"Energy Potion"},{"floor":16,"key":"Regen Potion"},{"floor":21,"key":"SkillPotion"}],"is_trial":false,"path_per_floor":["M","$","M","M","?","R","E","R","T","E","M","?","M","?","R","B",null,"M","T","?","M","$"],"character_chosen":"DEFECT","items_purchased":["Self Repair","Ice Cream"],"campfire_rested":1,"item_purchase_floors":[2,22],"current_hp_per_floor":[68,73,79,79,68,68,67,67,67,49,39,39,44,26,65,44,80,69,69,69,51,51,0],"gold":67,"neow_bonus":"THREE_CARDS","is_prod":false,"is_daily":false,"chose_seed":false,"campfire_upgraded":2,"win_rate":0,"timestamp":1540063623,"path_taken":["M","$","M","M","?","R","E","R","T","E","M","?","M","?","R","BOSS","M","?","?","M","$","E"],"build_version":"2018-10-18","purchased_purges":1,"victory":false,"max_hp_per_floor":[75,80,80,80,80,80,80,80,80,80,80,80,80,80,80,80,80,80,80,80,80,80,80],"card_choices":[{"not_picked":["Rebound","Leap"],"picked":"Aggregate","floor":0},{"not_picked":["Rebound","Loop"],"picked":"Undo","floor":1},{"not_picked":["Go for the Eyes","Undo","Blizzard"],"picked":"SKIP","floor":3},{"not_picked":["Leap","Turbo"],"picked":"Streamline","floor":4},{"not_picked":["Scrape","Streamline"],"picked":"Tempest","floor":7},{"not_picked":["Stack","Streamline"],"picked":"Creative AI","floor":10},{"not_picked":["Defragment","White Noise"],"picked":"BootSequence","floor":11},{"not_picked":["Loop","BootSequence","Capacitor"],"picked":"SKIP","floor":13},{"not_picked":["Rainbow","Biased Cognition"],"picked":"Echo Form","floor":16},{"not_picked":["Blizzard+1"],"picked":"SKIP","floor":18},{"not_picked":["Rip and Tear"],"picked":"SKIP","floor":21}],"player_experience":449302,"relics_obtained":[{"floor":7,"key":"Happy Flower"},{"floor":9,"key":"Oddly Smooth Stone"},{"floor":10,"key":"Shuriken"},{"floor":19,"key":"Ornamental Fan"}],"event_choices":[{"damage_healed":0,"gold_gain":75,"player_choice":"Gather Gold","damage_taken":11,"max_hp_gain":0,"max_hp_loss":0,"event_name":"World of Goop","floor":5,"gold_loss":0},{"damage_healed":0,"gold_gain":0,"player_choice":"Ignored","damage_taken":0,"max_hp_gain":0,"max_hp_loss":0,"event_name":"Golden Idol","floor":12,"gold_loss":0},{"damage_healed":0,"gold_gain":0,"player_choice":"Success","damage_taken":18,"relics_obtained":["Regal Pillow"],"max_hp_gain":0,"max_hp_loss":0,"event_name":"Scrap Ooze","floor":14,"gold_loss":0},{"damage_healed":0,"gold_gain":0,"player_choice":"Read","damage_taken":0,"max_hp_gain":0,"max_hp_loss":0,"event_name":"The Library","floor":20,"gold_loss":0,"cards_obtained":["Stack"]}],"is_beta":false,"boss_relics":[{"not_picked":["Black Star","Snecko Eye"],"picked":"Busted Crown"}],"items_purged_floors":[2],"is_endless":false,"potions_floor_spawned":[1,11,13,16,21],"killed_by":"Gremlin Leader","ascension_level":2}