{"gold_per_floor":[20,40,40,40,54,54,54,54,109,109,122,141,141,141,141,243,243,258,270,270],"floor_reached":20,"playtime":971,"items_purged":[],"score":180,"play_id":"1e61f8c8-ddc8-4626-940a-ea641fdfb885","local_time":"20181021181131","is_ascension_mode":true,"campfire_choices":[{"data":"Madness","floor":6,"key":"SMITH"},{"data":"Blind","floor":8,"key":"SMITH"},{"data":"Lockon","floor":10,"key":"SMITH"},{"data":"Streamline","floor":13,"key":"SMITH"},{"data":"Zap","floor":15,"key":"SMITH"}],"neow_cost":"NO_GOLD","seed_source_timestamp":181703660742716,"circlet_count":0,"master_deck":["Strike_B","Strike_B","Strike_B","Strike_B","Defend_B","Defend_B","Defend_B","Defend_B","Zap+1","Dualcast","Madness+1","Blind+1","Fusion+1","Ball Lightning","Lockon+1","Streamline+1","Rainbow","Capacitor","BootSequence"],"relics":["Cracked Core","Potion Belt","Sozu"],"potions_floor_usage":[11,12],"damage_taken":[{"damage":4,"enemies":"Jaw Worm","floor":1,"turns":3},{"damage":7,"enemies":"Cultist","floor":2,"turns":4},{"damage":11,"enemies":"Small Slimes","floor":5,"turns":3},{"damage":0,"enemies":"Gremlin Gang","floor":11,"turns":2},{"damage":2,"enemies":"2 Fungi Beasts","floor":12,"turns":2},{"damage":8,"enemies":"Slime Boss","floor":16,"turns":6},{"damage":24,"enemies":"Shell Parasite","floor":18,"turns":6},{"damage":30,"enemies":"Spheric Guardian","floor":19,"turns":4},{"damage":25,"enemies":"3 Cultists","floor":20,"turns":3}],"seed_played":"7339649226936407250","potions_obtained":[{"floor":7,"key":"Energy Potion"},{"floor":7,"key":"Explosive Potion"},{"floor":7,"key":"SpeedPotion"},{"floor":16,"key":"Weak Potion"}],"is_trial":false,"path_per_floor":["M","M","$","?","M","R","?","R","T","R","M","M","R","?","R","B",null,"M","M"],"character_chosen":"DEFECT","items_purchased":[],"campfire_rested":0,"item_purchase_floors":[],"current_hp_per_floor":[71,64,64,64,53,53,53,53,53,53,53,51,51,75,75,67,75,51,21,0],"gold":270,"neow_bonus":"RANDOM_COLORLESS_2","is_prod":false,"is_daily":false,"chose_seed":false,"campfire_upgraded":5,"win_rate":0,"timestamp":1540163491,"path_taken":["M","M","$","?","M","R","?","R","T","R","?","M","R","?","R","BOSS","M","?","M"],"build_version":"2018-10-18","purchased_purges":0,"victory":false,"max_hp_per_floor":[75,75,75,75,75,75,75,75,75,75,75,75,75,75,75,75,75,75,75,75],"card_choices":[{"not_picked":["Sunder","Chill"],"picked":"Fusion","floor":1},{"not_picked":["Stack","Coolheaded"],"picked":"Ball Lightning","floor":2},{"not_picked":["Sweeping Beam","Beam Cell"],"picked":"Lockon","floor":5},{"not_picked":["Beam Cell","Sweeping Beam"],"picked":"Static Discharge","floor":11},{"not_picked":["Steam","Capacitor"],"picked":"Streamline","floor":12},{"not_picked":["Reboot","Thunder Strike"],"picked":"Rainbow","floor":16},{"not_picked":["Steam Power","Beam Cell"],"picked":"Capacitor","floor":18},{"not_picked":["Chill","Static Discharge"],"picked":"BootSequence","floor":19}],"player_experience":456693,"relics_obtained":[{"floor":9,"key":"Potion Belt"}],"event_choices":[{"damage_healed":0,"gold_gain":0,"player_choice":"Upgraded","damage_taken":0,"max_hp_gain":0,"max_hp_loss":0,"event_name":"Upgrade Shrine","floor":4,"gold_loss":0,"cards_upgraded":["Fusion"]},{"damage_healed":0,"gold_gain":0,"player_choice":"Got Potions","damage_taken":0,"max_hp_gain":0,"max_hp_loss":0,"event_name":"The Lab","floor":7,"gold_loss":0},{"cards_removed":["Static Discharge"],"damage_healed":24,"gold_gain":0,"player_choice":"Offered Uncommon","damage_taken":0,"max_hp_gain":0,"max_hp_loss":0,"event_name":"Bonfire Elementals","floor":14,"gold_loss":0}],"is_beta":false,"boss_relics":[{"not_picked":["Cursed Key","Busted Crown"],"picked":"Sozu"}],"items_purged_floors":[],"is_endless":false,"potions_floor_spawned":[16,19],"killed_by":"3 Cultists","ascension_level":2}