{"gold_per_floor":[109,34,44,44,44,44,80,104,104,122,22,0,0,0,0,125,125,141,141,160,176,176],"floor_reached":22,"playtime":1083,"items_purged":["Strike_G","Strike_G"],"score":200,"play_id":"0c1acbd4-7cc4-41a6-9c91-80dae4ec2889","local_time":"20181015205033","is_ascension_mode":true,"campfire_choices":[{"data":"Skewer","floor":6,"key":"SMITH"},{"floor":13,"key":"REST"},{"data":"Survivor","floor":15,"key":"SMITH"}],"neow_cost":"NONE","seed_source_timestamp":2257016769013637,"circlet_count":0,"master_deck":["Defend_G","Defend_G","Defend_G","Defend_G","Strike_G","Strike_G","Strike_G","Survivor+1","Neutralize+1","Skewer+1","Dagger Spray","Storm of Steel","Accuracy","Backflip"],"relics":["Ring of the Snake","Golden Idol","Odd Mushroom","Art of War","Sozu"],"potions_floor_usage":[7,18],"damage_taken":[{"damage":0,"enemies":"Cultist","floor":1,"turns":4},{"damage":3,"enemies":"Jaw Worm","floor":3,"turns":6},{"damage":19,"enemies":"The Mushroom Lair","floor":7,"turns":4},{"damage":3,"enemies":"Small Slimes","floor":8,"turns":2},{"damage":8,"enemies":"Exordium Thugs","floor":10,"turns":4},{"damage":39,"enemies":"The Guardian","floor":16,"turns":16},{"damage":9,"enemies":"Spheric Guardian","floor":18,"turns":4},{"damage":9,"enemies":"2 Thieves","floor":20,"turns":3},{"damage":23,"enemies":"Cultist and Chosen","floor":21,"turns":8},{"damage":9,"enemies":"Snake Plant","floor":22,"turns":1}],"seed_played":"-2715778134193024207","potions_obtained":[{"floor":1,"key":"Weak Potion"},{"floor":16,"key":"Swift Potion"}],"is_trial":false,"path_per_floor":["M","$","M","?","?","R","?","M","T","M","$","?","R","?","R","B",null,"M","?","M","M"],"character_chosen":"THE_SILENT","items_purchased":[],"campfire_rested":1,"item_purchase_floors":[],"current_hp_per_floor":[70,70,67,50,55,55,36,33,33,25,25,25,47,40,40,1,75,66,66,57,34,25],"gold":176,"neow_bonus":"UPGRADE_CARD","is_prod":false,"is_daily":false,"chose_seed":false,"campfire_upgraded":2,"win_rate":0,"timestamp":1539654633,"path_taken":["M","?","M","?","?","R","?","?","T","M","$","?","R","?","R","BOSS","M","?","M","M","M"],"build_version":"2018-10-11","purchased_purges":2,"victory":false,"max_hp_per_floor":[70,70,70,70,75,75,75,75,75,75,75,75,75,75,75,75,75,75,75,75,75,75],"card_choices":[{"not_picked":["Setup","Poisoned Stab"],"picked":"Skewer","floor":1},{"not_picked":["Slice","Dodge and Roll","PiercingWail"],"picked":"SKIP","floor":3},{"not_picked":["Underhanded Strike","Setup"],"picked":"Dagger Spray","floor":7},{"not_picked":["Concentrate","Dagger Spray","Flying Knee"],"picked":"SKIP","floor":8},{"not_picked":["Deadly Poison","Outmaneuver","Bouncing Flask"],"picked":"SKIP","floor":10},{"not_picked":["After Image","Adrenaline"],"picked":"Storm of Steel","floor":16},{"not_picked":["Acrobatics+1","Deflect+1","Outmaneuver"],"picked":"SKIP","floor":18},{"not_picked":["Leg Sweep","Eviscerate","Bane"],"picked":"SKIP","floor":20},{"not_picked":["Sucker Punch","Dagger Spray"],"picked":"Backflip","floor":21}],"player_experience":441101,"relics_obtained":[{"floor":7,"key":"Odd Mushroom"},{"floor":9,"key":"Art of War"}],"event_choices":[{"event_name":"Golden Idol","player_choice":"Take Damage","floor":4,"damage_taken":0},{"event_name":"Big Fish","player_choice":"Donut","floor":5,"damage_taken":0},{"event_name":"Mushrooms","player_choice":"Fought Mushrooms","floor":7,"damage_taken":0},{"event_name":"World of Goop","player_choice":"Left","floor":12,"damage_taken":0},{"event_name":"Golden Wing","player_choice":"Card Removal","floor":14,"damage_taken":0},{"event_name":"The Library","player_choice":"Read","floor":19,"damage_taken":0}],"is_beta":false,"boss_relics":[{"not_picked":["White Beast Statue","Empty Cage"],"picked":"Sozu"}],"items_purged_floors":[2,11],"is_endless":false,"potions_floor_spawned":[1,16,20,21],"killed_by":"Snake Plant","ascension_level":3}