{"path_per_floor":["M","?","T","M","M","E","?","?","T","M","R","M","R","M","R"],"character_chosen":"THE_SILENT","items_purchased":[],"gold_per_floor":[115,115,140,153,173,216,216,216,216,237,237,258,258,271,271],"floor_reached":16,"campfire_rested":3,"playtime":2081,"current_hp_per_floor":[70,51,51,51,51,36,36,36,36,26,49,49,72,69,77],"items_purged":[],"gold":271,"score":102,"play_id":"c145564b-4bdb-4109-9079-e66440378e92","local_time":"20180303162505","is_prod":false,"is_daily":false,"is_ascension_mode":false,"campfire_upgraded":0,"timestamp":1520115905,"path_taken":["M","?","?","M","?","E","?","?","T","M","R","M","R","M","R","BOSS"],"build_version":"2018-03-01-PROD1","purchased_purges":0,"victory":false,"master_deck":["Defend_G","Defend_G","Defend_G","Defend_G","Defend_G","Strike_G","Strike_G","Strike_G","Strike_G","Strike_G","Survivor","Neutralize","Deflect","Backflip","Blade Dance","Slice","Sucker Punch","Terror","Backstab"],"max_hp_per_floor":[77,77,77,77,77,77,77,77,77,77,77,77,77,77,77],"relics":["Ring of the Snake","Golden Idol","Prayer Wheel","Dodecahedron","Shovel"],"card_choices":[{"not_picked":["Leg Sweep","Bullet Time"],"picked":"Deflect"},{"not_picked":["Outmaneuver","Leg Sweep"],"picked":"Backflip"},{"not_picked":["Heel Hook","Blur"],"picked":"Blade Dance"},{"not_picked":["Well Laid Plans","Bouncing Flask"],"picked":"Slice"},{"not_picked":["Deadly Poison","Prepared"],"picked":"Sucker Punch"},{"not_picked":["Expertise","Prepared"],"picked":"Terror"},{"not_picked":["Sucker Punch","Flying Knee"],"picked":"Backstab"}],"player_experience":21210,"potions_floor_usage":[10,16,16,16],"damage_taken":[{"damage":7,"enemies":"Jaw Worm","floor":1,"turns":8},{"damage":0,"enemies":"Small Slimes","floor":4,"turns":3},{"damage":0,"enemies":"Cultist","floor":5,"turns":5},{"damage":15,"enemies":"3 Sentries","floor":6,"turns":14},{"damage":10,"enemies":"Exordium Thugs","floor":10,"turns":8},{"damage":0,"enemies":"Red Slaver","floor":12,"turns":5},{"damage":3,"enemies":"Large Slime","floor":14,"turns":9},{"damage":85,"enemies":"Slime Boss","floor":16,"turns":20}],"event_choices":[{"event_name":"Golden Idol","player_choice":"Take Damage","floor":2,"damage_taken":0},{"event_name":"Golden Wing","player_choice":"Ignored","floor":7,"damage_taken":0},{"event_name":"Shining Light","player_choice":"Ignored","floor":8,"damage_taken":0}],"boss_relics":[],"potions_floor_spawned":[1,6,12,14],"seed_played":"-4551152604779504914","killed_by":"Slime Boss","ascension_level":0,"is_trial":false}