{"gold_per_floor":[109,123,54,54,71,97,111,143,196,196,213,213,229,247,247,345,345,355,198,209,209,209,236,256,256,256,256,317,367,367,381,381,481,481,499,549,413,431,45,95,145],"floor_reached":41,"playtime":2986,"items_purged":["Strike_G","Writhe","Defend_G"],"score":613,"play_id":"fa07812e-90fc-4147-b757-a1cb00c3edb8","local_time":"20191005003528","is_ascension_mode":true,"campfire_choices":[{"data":"Blade Dance","floor":10,"key":"SMITH"},{"floor":12,"key":"REST"},{"data":"Accuracy","floor":15,"key":"SMITH"},{"floor":25,"key":"REST"},{"floor":30,"key":"REST"},{"data":"Cloak And Dagger","floor":32,"key":"SMITH"}],"neow_cost":"NONE","seed_source_timestamp":79592464701000,"circlet_count":0,"master_deck":["Strike_G","Strike_G","Strike_G","Defend_G","Defend_G","Defend_G","Defend_G","Survivor","Neutralize","Trip","Blade Dance+1","Cloak And Dagger+1","Accuracy+1","Dagger Throw","Cloak And Dagger","Backflip","Dagger Spray","Dash","Finisher","Burst","Calculated Gamble+1","Blur","Outmaneuver+1","Well Laid Plans+1","Slice","Grand Finale","Expertise","Deflect+1","Cloak And Dagger","Decay"],"relics":["Ring of the Snake","Kunai","Gremlin Horn","Boot","Eternal Feather","Potion Belt","The Courier","Shuriken","Ornamental Fan","SsserpentHead","MutagenicStrength","Black Star","Ice Cream"],"potions_floor_usage":[6,8,23,28,41,41,41],"damage_taken":[{"damage":1,"enemies":"Small Slimes","floor":1,"turns":4},{"damage":1,"enemies":"Cultist","floor":2,"turns":3},{"damage":2,"enemies":"2 Louse","floor":5,"turns":3},{"damage":22,"enemies":"Gremlin Nob","floor":6,"turns":5},{"damage":4,"enemies":"Gremlin Gang","floor":7,"turns":7},{"damage":9,"enemies":"Lagavulin","floor":8,"turns":7},{"damage":5,"enemies":"Blue Slaver","floor":11,"turns":3},{"damage":0,"enemies":"3 Louse","floor":13,"turns":3},{"damage":0,"enemies":"Looter","floor":14,"turns":3},{"damage":6,"enemies":"Hexaghost","floor":16,"turns":11},{"damage":0,"enemies":"Shell Parasite","floor":18,"turns":6},{"damage":1,"enemies":"Chosen","floor":20,"turns":5},{"damage":41,"enemies":"Book of Stabbing","floor":23,"turns":8},{"damage":14,"enemies":"Sentry and Sphere","floor":24,"turns":6},{"damage":23,"enemies":"Chosen and Byrds","floor":28,"turns":6},{"damage":2,"enemies":"Shelled Parasite and Fungi","floor":31,"turns":6},{"damage":16,"enemies":"Champ","floor":33,"turns":11},{"damage":0,"enemies":"Orb Walker","floor":35,"turns":3},{"damage":7,"enemies":"3 Shapes","floor":38,"turns":5},{"damage":59,"enemies":"Transient","floor":41,"turns":4}],"seed_played":"-3501129526276616445","potions_obtained":[{"floor":1,"key":"EssenceOfSteel"},{"floor":7,"key":"EssenceOfSteel"},{"floor":8,"key":"Ancient Potion"},{"floor":13,"key":"Strength Potion"},{"floor":16,"key":"Dexterity Potion"},{"floor":24,"key":"PowerPotion"},{"floor":28,"key":"Dexterity Potion"},{"floor":35,"key":"EssenceOfSteel"}],"is_trial":false,"path_per_floor":["M","M","$","?","M","E","M","E","T","R","M","R","M","M","R","B",null,"M","$","M","?","?","E","M","R","T","?","M","?","R","M","R","B",null,"M","?","$","M","$","?","M"],"character_chosen":"THE_SILENT","items_purchased":["Accuracy","Blur","Expertise","Ice Cream","Cloak And Dagger"],"campfire_rested":3,"item_purchase_floors":[3,19,37,39,39],"current_hp_per_floor":[62,61,61,61,59,37,33,24,24,24,19,40,40,40,40,34,61,61,61,60,60,60,19,5,41,41,41,18,18,54,52,67,51,65,65,65,65,58,58,58,0],"gold":145,"neow_bonus":"RANDOM_COLORLESS","is_prod":false,"is_daily":false,"chose_seed":false,"campfire_upgraded":3,"win_rate":0,"timestamp":1570253728,"path_taken":["M","M","$","?","M","E","?","E","T","R","M","R","M","M","R","BOSS","M","$","M","?","?","E","?","R","T","?","?","?","R","M","R","BOSS","M","?","$","M","$","?","?"],"build_version":"2019-07-17","purchased_purges":3,"victory":false,"max_hp_per_floor":[70,70,70,70,70,70,70,70,70,70,70,70,70,70,70,70,70,70,70,70,70,70,70,70,70,70,70,70,70,70,70,70,70,70,70,70,70,70,70,70,70],"card_choices":[{"not_picked":["Expertise","Deflect"],"picked":"Blade Dance","floor":1},{"not_picked":["Distraction","Slice"],"picked":"Cloak And Dagger","floor":2},{"not_picked":["PiercingWail","Flechettes","Bouncing Flask"],"picked":"SKIP","floor":5},{"not_picked":["Sucker Punch","Deadly Poison"],"picked":"Cloak And Dagger","floor":6},{"not_picked":["Quick Slash","PiercingWail"],"picked":"Backflip","floor":7},{"not_picked":["Deflect","Distraction"],"picked":"Dagger Spray","floor":8},{"not_picked":["Bullet Time","Concentrate"],"picked":"Dash","floor":11},{"not_picked":["Acrobatics","Caltrops","Flying Knee"],"picked":"SKIP","floor":13},{"not_picked":["Predator","Deadly Poison"],"picked":"Finisher","floor":14},{"not_picked":["Night Terror","Phantasmal Killer"],"picked":"Burst","floor":16},{"not_picked":["Quick Slash","Predator+1"],"picked":"Calculated Gamble+1","floor":18},{"not_picked":["Finisher","Dagger Throw+1","Prepared"],"picked":"SKIP","floor":20},{"not_picked":["Tactician+1","Concentrate"],"picked":"Outmaneuver+1","floor":23},{"not_picked":["Finisher","Deadly Poison","Catalyst"],"picked":"SKIP","floor":24},{"not_picked":["Noxious Fumes","PiercingWail"],"picked":"Well Laid Plans+1","floor":28},{"not_picked":["Outmaneuver","Flechettes"],"picked":"Slice","floor":31},{"not_picked":["Corpse Explosion","Venomology"],"picked":"Grand Finale","floor":33},{"not_picked":["Bouncing Flask","Poisoned Stab+1","Dodge and Roll+1"],"picked":"SKIP","floor":35},{"not_picked":["Flying Knee","Backstab"],"picked":"Deflect+1","floor":38}],"player_experience":787516,"relics_obtained":[{"floor":6,"key":"Kunai"},{"floor":8,"key":"Gremlin Horn"},{"floor":9,"key":"Boot"},{"floor":23,"key":"Shuriken"},{"floor":26,"key":"Ornamental Fan"}],"event_choices":[{"damage_healed":0,"gold_gain":0,"cards_transformed":["Strike_G"],"player_choice":"Transformed","damage_taken":0,"max_hp_gain":0,"max_hp_loss":0,"event_name":"Transmorgrifier","floor":4,"gold_loss":0,"cards_obtained":["Dagger Throw"]},{"damage_healed":0,"gold_gain":0,"player_choice":"Opened","damage_taken":0,"relics_obtained":["Potion Belt"],"max_hp_gain":0,"max_hp_loss":0,"event_name":"The Mausoleum","floor":21,"gold_loss":0,"cards_obtained":["Writhe"]},{"damage_healed":0,"gold_gain":0,"player_choice":"Gave Potion","damage_taken":0,"relics_obtained":["The Courier"],"max_hp_gain":0,"max_hp_loss":0,"event_name":"WeMeetAgain","floor":22,"gold_loss":0},{"damage_healed":0,"gold_gain":0,"player_choice":"Trade","damage_taken":0,"relics_obtained":["SsserpentHead"],"max_hp_gain":0,"max_hp_loss":0,"event_name":"FaceTrader","floor":27,"gold_loss":0},{"damage_healed":0,"gold_gain":0,"player_choice":"Inject Mutagens","damage_taken":0,"relics_obtained":["MutagenicStrength"],"max_hp_gain":0,"max_hp_loss":0,"event_name":"Drug Dealer","floor":29,"gold_loss":0},{"damage_healed":0,"gold_gain":0,"player_choice":"Ignored","damage_taken":0,"max_hp_gain":0,"max_hp_loss":0,"event_name":"Tomb of Lord Red Mask","floor":36,"gold_loss":0},{"damage_healed":0,"gold_gain":0,"player_choice":"Cursed","damage_taken":0,"max_hp_gain":0,"max_hp_loss":0,"event_name":"Wheel of Change","floor":40,"gold_loss":0,"cards_obtained":["Decay"]}],"is_beta":false,"boss_relics":[{"not_picked":["Orrery","Runic Dome"],"picked":"Eternal Feather"},{"not_picked":["Velvet Choker","HoveringKite"],"picked":"Black Star"}],"items_purged_floors":[19,37,39],"is_endless":false,"potions_floor_spawned":[1,7,8,13,16,20,24,28,35],"killed_by":"Transient","ascension_level":9}