{"gold_per_floor":[109,127,81,81,55,90,90,90,90,124,134,134,164,178,178,280,280,298,313,34,47,47,47],"floor_reached":23,"playtime":1358,"items_purged":["Defend_B"],"score":285,"play_id":"a00f8249-a7b6-439a-b938-2760f25e176c","local_time":"20181103172025","is_ascension_mode":true,"campfire_choices":[{"data":"Dualcast","floor":8,"key":"SMITH"},{"floor":12,"key":"REST"},{"data":"Darkness","floor":15,"key":"SMITH"}],"neow_cost":"NONE","seed_source_timestamp":917358290081402,"circlet_count":0,"master_deck":["Strike_B","Strike_B","Strike_B","Defend_B","Defend_B","Defend_B","Zap+1","Dualcast+1","Redo","Leap","Conserve Battery","Coolheaded","Undo","Core Surge","Darkness+1","Seek","Defragment","Gash","Gash","Leap","Dualcast+1","Chaos"],"relics":["Cracked Core","Strawberry","Mercury Hourglass","Dodecahedron","Pocketwatch","Orrery","DollysMirror"],"potions_floor_usage":[19],"damage_taken":[{"damage":2,"enemies":"Jaw Worm","floor":1,"turns":3},{"damage":1,"enemies":"2 Louse","floor":2,"turns":2},{"damage":24,"enemies":"Lagavulin","floor":6,"turns":7},{"damage":27,"enemies":"Gremlin Nob","floor":10,"turns":5},{"damage":0,"enemies":"Small Slimes","floor":11,"turns":2},{"damage":4,"enemies":"3 Sentries","floor":13,"turns":6},{"damage":0,"enemies":"Looter","floor":14,"turns":3},{"damage":0,"enemies":"The Guardian","floor":16,"turns":9},{"damage":7,"enemies":"Chosen","floor":18,"turns":4},{"damage":16,"enemies":"3 Byrds","floor":19,"turns":4},{"damage":29,"enemies":"Snake Plant","floor":21,"turns":4},{"damage":22,"enemies":"Slavers","floor":23,"turns":2}],"seed_played":"-1412161961969614700","potions_obtained":[{"floor":11,"key":"Weak Potion"},{"floor":13,"key":"Poison Potion"},{"floor":16,"key":"PowerPotion"},{"floor":21,"key":"Energy Potion"}],"is_trial":false,"path_per_floor":["M","M","?","?","$","E","?","R","T","E","M","R","E","M","R","B",null,"M","M","$","M","$","E"],"character_chosen":"DEFECT","items_purchased":["Conserve Battery","DollysMirror"],"campfire_rested":1,"item_purchase_floors":[5,20],"current_hp_per_floor":[73,72,72,72,72,55,60,60,60,33,33,59,55,55,55,55,87,80,64,64,35,35,13],"gold":47,"neow_bonus":"REMOVE_CARD","is_prod":false,"is_daily":false,"chose_seed":false,"campfire_upgraded":2,"win_rate":0,"timestamp":1541283625,"path_taken":["M","M","?","?","$","E","?","R","T","E","M","R","E","M","R","BOSS","M","M","$","M","$","E"],"build_version":"2018-11-01","purchased_purges":1,"victory":false,"max_hp_per_floor":[75,75,75,75,75,82,87,87,87,87,87,87,87,87,87,87,87,87,87,87,87,87,87],"card_choices":[{"not_picked":["Ball Lightning","Glacier"],"picked":"Redo","floor":1},{"not_picked":["Compile Driver","Rip and Tear"],"picked":"Leap","floor":2},{"not_picked":["White Noise","Static Discharge"],"picked":"Coolheaded","floor":6},{"not_picked":["Redo","Static Discharge"],"picked":"Undo","floor":10},{"not_picked":["Static Discharge","Stack","Barrage"],"picked":"SKIP","floor":11},{"not_picked":["Ball Lightning","Compile Driver"],"picked":"Core Surge","floor":13},{"not_picked":["Streamline","Redo"],"picked":"Darkness","floor":14},{"not_picked":["Fission","Reboot"],"picked":"Seek","floor":16},{"not_picked":["Beam Cell","Skim"],"picked":"Defragment","floor":17},{"not_picked":["Doom and Gloom","Stack"],"picked":"Gash","floor":17},{"not_picked":["Recycle","Barrage"],"picked":"Gash","floor":18},{"not_picked":["Hyperbeam","Tempest"],"picked":"Leap","floor":19},{"not_picked":["Capacitor+1","Streamline"],"picked":"Chaos","floor":21}],"player_experience":491468,"relics_obtained":[{"floor":6,"key":"Strawberry"},{"floor":9,"key":"Mercury Hourglass"},{"floor":10,"key":"Dodecahedron"},{"floor":13,"key":"Pocketwatch"}],"event_choices":[{"damage_healed":0,"gold_gain":0,"player_choice":"Left Gold","damage_taken":0,"max_hp_gain":0,"max_hp_loss":0,"event_name":"World of Goop","floor":3,"gold_loss":46},{"damage_healed":0,"gold_gain":0,"player_choice":"Grow","damage_taken":0,"max_hp_gain":0,"max_hp_loss":0,"event_name":"Living Wall","floor":4,"gold_loss":0,"cards_upgraded":["Zap"]},{"damage_healed":0,"gold_gain":0,"player_choice":"Donut","damage_taken":0,"max_hp_gain":5,"max_hp_loss":0,"event_name":"Big Fish","floor":7,"gold_loss":0}],"is_beta":false,"boss_relics":[{"not_picked":["Cursed Key","Coffee Dripper"],"picked":"Orrery"}],"items_purged_floors":[20],"is_endless":false,"potions_floor_spawned":[11,13,16,18,21],"killed_by":"Slavers","ascension_level":2}